{
  "ticker": "FRGE",
  "name": "Forge Global Holdings, Inc.",
  "quarters": [
    {
      "date": "2021-03-31T00:00:00",
      "quarter_label": "2021-03 (Q1)",
      "revenue": 32055000,
      "gross_profit": 31079000,
      "operating_income": -271926,
      "net_income": 20917813,
      "opex": 28853000,
      "cogs": 976000,
      "rd": null,
      "sga": null,
      "fcf": -1243000,
      "ocf": -1243000,
      "capex": null,
      "gross_margin": 0.9695523319294962,
      "op_margin": -0.00848310715956949,
      "fcf_margin": -0.03877710185618468
    },
    {
      "date": "2021-06-30T00:00:00",
      "quarter_label": "2021-06 (Q2)",
      "revenue": 38673000,
      "gross_profit": 37057000,
      "operating_income": -1501732,
      "net_income": -2878827,
      "opex": 37862000,
      "cogs": 1616000,
      "rd": null,
      "sga": null,
      "fcf": 19181000,
      "ocf": 19181000,
      "capex": null,
      "gross_margin": 0.9582137408527913,
      "op_margin": -0.038831536213896,
      "fcf_margin": 0.4959791068704264,
      "op_leverage_ratio": 0.6612190700164495,
      "fcf_margin_change": 0.5347562087266111
    },
    {
      "date": "2021-09-30T00:00:00",
      "quarter_label": "2021-09 (Q3)",
      "revenue": 27658000,
      "gross_profit": 27076000,
      "operating_income": -2887762,
      "net_income": -11371134,
      "opex": 32769000,
      "cogs": 582000,
      "rd": null,
      "sga": null,
      "fcf": -5081000,
      "ocf": -5081000,
      "capex": null,
      "gross_margin": 0.9789572637211656,
      "op_margin": -0.10440964639525635,
      "fcf_margin": -0.18370814954082001,
      "fcf_margin_change": -0.6796872564112464
    },
    {
      "date": "2021-12-31T00:00:00",
      "quarter_label": "2021-12 (Q4)",
      "revenue": 29670000,
      "gross_profit": 29810000,
      "operating_income": -2167629,
      "net_income": 2695892,
      "opex": 35327000,
      "cogs": -140000,
      "rd": null,
      "sga": null,
      "fcf": -1956000,
      "ocf": -1956000,
      "capex": null,
      "gross_margin": 1.0047185709470845,
      "op_margin": -0.07305793731041456,
      "fcf_margin": -0.06592517694641052,
      "op_leverage_ratio": 0.9319011599910919,
      "fcf_margin_change": 0.1177829725944095
    },
    {
      "date": "2022-03-31T00:00:00",
      "quarter_label": "2022-03 (Q1)",
      "revenue": 20022000,
      "gross_profit": 19890000,
      "operating_income": -38751000,
      "net_income": -64424000,
      "opex": 58641000,
      "cogs": 132000,
      "rd": null,
      "sga": null,
      "fcf": -30188000,
      "ocf": -30177000,
      "capex": -11000,
      "gross_margin": 0.9934072520227749,
      "op_margin": -1.9354210368594547,
      "fcf_margin": -1.5077414843671961,
      "incr_op_margin_yoy": 3.197795562203939,
      "rev_growth_yoy": -0.37538605521759477,
      "fcf_margin_change": -1.4418163074207857
    },
    {
      "date": "2022-06-30T00:00:00",
      "quarter_label": "2022-06 (Q2)",
      "revenue": 16640000,
      "gross_profit": 16462000,
      "operating_income": -26048000,
      "net_income": -5119000,
      "opex": 42510000,
      "cogs": 178000,
      "rd": null,
      "sga": null,
      "fcf": -18280000,
      "ocf": -18185000,
      "capex": -95000,
      "gross_margin": 0.9893028846153846,
      "op_margin": -1.5653846153846154,
      "fcf_margin": -1.0985576923076923,
      "incr_op_margin_yoy": 1.1140683520174284,
      "rev_growth_yoy": -0.5697256483851783,
      "rev_growth_yoy_accel": -0.19433959316758348,
      "fcf_margin_change": 0.40918379205950384
    },
    {
      "date": "2022-09-30T00:00:00",
      "quarter_label": "2022-09 (Q3)",
      "revenue": 15900000,
      "gross_profit": 15814000,
      "operating_income": -42436000,
      "net_income": -16198000,
      "opex": 58250000,
      "cogs": 86000,
      "rd": null,
      "sga": null,
      "fcf": -11408000,
      "ocf": -11398000,
      "capex": -10000,
      "gross_margin": 0.9945911949685534,
      "op_margin": -2.668930817610063,
      "fcf_margin": -0.7174842767295597,
      "incr_op_margin_yoy": 3.3635174349379144,
      "rev_growth_yoy": -0.4251211222792682,
      "rev_growth_yoy_accel": 0.14460452610591007,
      "fcf_margin_change": 0.38107341557813257
    },
    {
      "date": "2022-12-31T00:00:00",
      "quarter_label": "2022-12 (Q4)",
      "revenue": 16821000,
      "gross_profit": 16735000,
      "operating_income": -27805000,
      "net_income": -26118000,
      "opex": 44540000,
      "cogs": 86000,
      "rd": null,
      "sga": null,
      "fcf": -9150000,
      "ocf": -9046000,
      "capex": -104000,
      "gross_margin": 0.9948873432019499,
      "op_margin": -1.6529932822067654,
      "fcf_margin": -0.5439629035134653,
      "incr_op_margin_yoy": 1.9952814226788076,
      "rev_growth_yoy": -0.43306370070778566,
      "rev_growth_yoy_accel": -0.007942578428517477,
      "op_leverage_ratio": Infinity,
      "fcf_margin_change": 0.1735213732160944
    },
    {
      "date": "2023-03-31T00:00:00",
      "quarter_label": "2023-03 (Q1)",
      "revenue": 15479000,
      "gross_profit": 15460000,
      "operating_income": -22968000,
      "net_income": -21188000,
      "opex": 38428000,
      "cogs": 19000,
      "rd": null,
      "sga": null,
      "fcf": -17786000,
      "ocf": -17715000,
      "capex": -71000,
      "gross_margin": 0.9987725305252277,
      "op_margin": -1.483816784029976,
      "fcf_margin": -1.1490406356999807,
      "incr_op_margin_yoy": -3.4741360334580675,
      "rev_growth_yoy": -0.22690040954949556,
      "rev_growth_yoy_accel": 0.2061632911582901,
      "fcf_margin_change": -0.6050777321865154
    },
    {
      "date": "2023-06-30T00:00:00",
      "quarter_label": "2023-06 (Q2)",
      "revenue": 16720000,
      "gross_profit": 16637000,
      "operating_income": -22553000,
      "net_income": -24889000,
      "opex": 39190000,
      "cogs": 83000,
      "rd": null,
      "sga": null,
      "fcf": -13650000,
      "ocf": -13622000,
      "capex": -28000,
      "gross_margin": 0.9950358851674641,
      "op_margin": -1.3488636363636364,
      "fcf_margin": -0.8163875598086124,
      "rev_growth_yoy": 0.004807692307692308,
      "rev_growth_yoy_accel": 0.23170810185718788,
      "op_leverage_ratio": 4.043167112024945,
      "fcf_margin_change": 0.3326530758913683
    },
    {
      "date": "2023-09-30T00:00:00",
      "quarter_label": "2023-09 (Q3)",
      "revenue": 18563000,
      "gross_profit": 18415000,
      "operating_income": -21513000,
      "net_income": -18348000,
      "opex": 39928000,
      "cogs": 148000,
      "rd": null,
      "sga": null,
      "fcf": -3561000,
      "ocf": -3547000,
      "capex": -14000,
      "gross_margin": 0.9920271507838173,
      "op_margin": -1.158918278295534,
      "fcf_margin": -0.1918332166136939,
      "incr_op_margin_yoy": 7.856928276380023,
      "rev_growth_yoy": 0.16748427672955976,
      "rev_growth_yoy_accel": 0.16267658442186744,
      "op_leverage_ratio": 5.85339677260409,
      "fcf_margin_change": 0.6245543431949185
    },
    {
      "date": "2023-12-31T00:00:00",
      "quarter_label": "2023-12 (Q4)",
      "revenue": 19059000,
      "gross_profit": 18878000,
      "operating_income": -24415000,
      "net_income": -25796000,
      "opex": 43293000,
      "cogs": 181000,
      "rd": null,
      "sga": null,
      "fcf": -6986000,
      "ocf": -6572000,
      "capex": -414000,
      "gross_margin": 0.9905031743533239,
      "op_margin": -1.2810220893016422,
      "fcf_margin": -0.3665459887717089,
      "incr_op_margin_yoy": 1.5147453083109919,
      "rev_growth_yoy": 0.13304797574460495,
      "rev_growth_yoy_accel": -0.034436300984954815,
      "op_leverage_ratio": 0.31704871703517334,
      "fcf_margin_change": -0.174712772158015
    },
    {
      "date": "2024-03-31T00:00:00",
      "quarter_label": "2024-03 (Q1)",
      "revenue": 19242000,
      "gross_profit": 19213000,
      "operating_income": -25010000,
      "net_income": -18624000,
      "opex": 44223000,
      "cogs": 29000,
      "rd": null,
      "sga": null,
      "fcf": -12775000,
      "ocf": -12375000,
      "capex": -400000,
      "gross_margin": 0.9984928801579878,
      "op_margin": -1.299760939611267,
      "fcf_margin": -0.663912275231265,
      "incr_op_margin_yoy": -0.542652139250598,
      "rev_growth_yoy": 0.24310355966147684,
      "rev_growth_yoy_accel": 0.1100555839168719,
      "fcf_margin_change": -0.29736628645955604
    },
    {
      "date": "2024-06-30T00:00:00",
      "quarter_label": "2024-06 (Q2)",
      "revenue": 22282000,
      "gross_profit": 22026000,
      "operating_income": -17651000,
      "net_income": -13724000,
      "opex": 39677000,
      "cogs": 256000,
      "rd": null,
      "sga": null,
      "fcf": -14698000,
      "ocf": -14431000,
      "capex": -267000,
      "gross_margin": 0.9885109056637644,
      "op_margin": -0.7921640786284894,
      "fcf_margin": -0.6596355802890226,
      "incr_op_margin_yoy": 0.8813376483279396,
      "rev_growth_yoy": 0.3326555023923445,
      "rev_growth_yoy_accel": 0.08955194273086764,
      "op_leverage_ratio": Infinity,
      "fcf_margin_change": 0.004276694942242365
    },
    {
      "date": "2024-09-30T00:00:00",
      "quarter_label": "2024-09 (Q3)",
      "revenue": 19216000,
      "gross_profit": 19143000,
      "operating_income": -20903000,
      "net_income": -18342000,
      "opex": 40046000,
      "cogs": 73000,
      "rd": null,
      "sga": null,
      "fcf": -5952000,
      "ocf": -5827000,
      "capex": -125000,
      "gross_margin": 0.9962010824313072,
      "op_margin": -1.0877914238134887,
      "fcf_margin": -0.3097418817651957,
      "rev_growth_yoy": 0.03517750363626569,
      "rev_growth_yoy_accel": -0.2974779987560788,
      "fcf_margin_change": 0.3498936985238269
    },
    {
      "date": "2024-12-31T00:00:00",
      "quarter_label": "2024-12 (Q4)",
      "revenue": 18589000,
      "gross_profit": 18273000,
      "operating_income": -18699000,
      "net_income": -15643000,
      "opex": 36972000,
      "cogs": 316000,
      "rd": null,
      "sga": null,
      "fcf": -7900000,
      "ocf": -7900000,
      "capex": null,
      "gross_margin": 0.9830006993383184,
      "op_margin": -1.0059174780784335,
      "fcf_margin": -0.424982516542041,
      "rev_growth_yoy": -0.024660265491368908,
      "rev_growth_yoy_accel": -0.059837769127634596,
      "fcf_margin_change": -0.11524063477684532
    },
    {
      "date": "2025-03-31T00:00:00",
      "quarter_label": "2025-03 (Q1)",
      "revenue": 25296000,
      "gross_profit": 25104000,
      "operating_income": -16469000,
      "net_income": -16172000,
      "opex": 41573000,
      "cogs": 192000,
      "rd": null,
      "sga": null,
      "fcf": -12884000,
      "ocf": -12833000,
      "capex": -51000,
      "gross_margin": 0.9924098671726755,
      "op_margin": -0.6510515496521189,
      "fcf_margin": -0.5093295382669196,
      "incr_op_margin_yoy": 1.410802775024777,
      "rev_growth_yoy": 0.31462425943249145,
      "rev_growth_yoy_accel": 0.33928452492386035,
      "op_leverage_ratio": 2.8992988950085103,
      "fcf_margin_change": -0.08434702172487862
    },
    {
      "date": "2025-06-30T00:00:00",
      "quarter_label": "2025-06 (Q2)",
      "revenue": 27739000,
      "gross_profit": 27584000,
      "operating_income": -12835000,
      "net_income": -12580000,
      "opex": 40419000,
      "cogs": 155000,
      "rd": null,
      "sga": null,
      "fcf": -7872000,
      "ocf": -7772000,
      "capex": -100000,
      "gross_margin": 0.9944121994304048,
      "op_margin": -0.4627059374887343,
      "fcf_margin": -0.28378816828292297,
      "incr_op_margin_yoy": 0.8825361920469122,
      "rev_growth_yoy": 0.24490620231577057,
      "rev_growth_yoy_accel": -0.06971805711672088,
      "op_leverage_ratio": Infinity,
      "fcf_margin_change": 0.22554136998399665
    },
    {
      "date": "2025-09-30T00:00:00",
      "quarter_label": "2025-09 (Q3)",
      "revenue": 21260000,
      "gross_profit": 20972000,
      "operating_income": -20549000,
      "net_income": -18223000,
      "opex": 41521000,
      "cogs": 288000,
      "rd": null,
      "sga": null,
      "fcf": -11401000,
      "ocf": -11354000,
      "capex": -47000,
      "gross_margin": 0.9864534336782691,
      "op_margin": -0.9665569143932267,
      "fcf_margin": -0.5362652869238006,
      "incr_op_margin_yoy": 0.17318982387475537,
      "rev_growth_yoy": 0.10636969192339717,
      "rev_growth_yoy_accel": -0.1385365103923734,
      "fcf_margin_change": -0.25247711864087763
    }
  ],
  "signals": [
    {
      "quarter": "2025-09 (Q3)",
      "signal": "YoY REVENUE GROWTH DECELERATION",
      "detail": "YoY growth: +10.6% vs prior quarter YoY: +24.5% (decel: -13.9%)",
      "severity": "WARNING"
    },
    {
      "quarter": "2025-06 (Q2)",
      "signal": "FCF MARGIN EXPANSION",
      "detail": "FCF margin: -50.9% -> -28.4% (+22.6%)",
      "severity": "MEDIUM"
    },
    {
      "quarter": "2025-06 (Q2)",
      "signal": "YoY REVENUE GROWTH DECELERATION",
      "detail": "YoY growth: +24.5% vs prior quarter YoY: +31.5% (decel: -7.0%)",
      "severity": "WARNING"
    },
    {
      "quarter": "2025-03 (Q1)",
      "signal": "OPERATING LEVERAGE",
      "detail": "Rev growth +36.1% vs OpEx growth +12.4% (leverage: 2.9x)",
      "severity": "MEDIUM"
    },
    {
      "quarter": "2025-03 (Q1)",
      "signal": "YoY REVENUE GROWTH ACCELERATION",
      "detail": "YoY growth: +31.5% vs prior quarter YoY: -2.5% (accel: +33.9%)",
      "severity": "HIGH"
    },
    {
      "quarter": "2024-12 (Q4)",
      "signal": "YoY REVENUE GROWTH DECELERATION",
      "detail": "YoY growth: -2.5% vs prior quarter YoY: +3.5% (decel: -6.0%)",
      "severity": "WARNING"
    },
    {
      "quarter": "2024-09 (Q3)",
      "signal": "FCF MARGIN EXPANSION",
      "detail": "FCF margin: -66.0% -> -31.0% (+35.0%)",
      "severity": "MEDIUM"
    },
    {
      "quarter": "2024-09 (Q3)",
      "signal": "YoY REVENUE GROWTH DECELERATION",
      "detail": "YoY growth: +3.5% vs prior quarter YoY: +33.3% (decel: -29.7%)",
      "severity": "WARNING"
    },
    {
      "quarter": "2024-06 (Q2)",
      "signal": "YoY REVENUE GROWTH ACCELERATION",
      "detail": "YoY growth: +33.3% vs prior quarter YoY: +24.3% (accel: +9.0%)",
      "severity": "MEDIUM"
    },
    {
      "quarter": "2024-03 (Q1)",
      "signal": "YoY REVENUE GROWTH ACCELERATION",
      "detail": "YoY growth: +24.3% vs prior quarter YoY: +13.3% (accel: +11.0%)",
      "severity": "MEDIUM"
    },
    {
      "quarter": "2023-09 (Q3)",
      "signal": "FCF MARGIN EXPANSION",
      "detail": "FCF margin: -81.6% -> -19.2% (+62.5%)",
      "severity": "MEDIUM"
    },
    {
      "quarter": "2023-09 (Q3)",
      "signal": "OPERATING LEVERAGE",
      "detail": "Rev growth +11.0% vs OpEx growth +1.9% (leverage: 5.9x)",
      "severity": "MEDIUM"
    },
    {
      "quarter": "2023-09 (Q3)",
      "signal": "YoY REVENUE GROWTH ACCELERATION",
      "detail": "YoY growth: +16.7% vs prior quarter YoY: +0.5% (accel: +16.3%)",
      "severity": "HIGH"
    },
    {
      "quarter": "2023-06 (Q2)",
      "signal": "FCF MARGIN EXPANSION",
      "detail": "FCF margin: -114.9% -> -81.6% (+33.3%)",
      "severity": "MEDIUM"
    },
    {
      "quarter": "2023-06 (Q2)",
      "signal": "OPERATING LEVERAGE",
      "detail": "Rev growth +8.0% vs OpEx growth +2.0% (leverage: 4.0x)",
      "severity": "MEDIUM"
    },
    {
      "quarter": "2023-06 (Q2)",
      "signal": "YoY REVENUE GROWTH ACCELERATION",
      "detail": "YoY growth: +0.5% vs prior quarter YoY: -22.7% (accel: +23.2%)",
      "severity": "HIGH"
    },
    {
      "quarter": "2023-03 (Q1)",
      "signal": "YoY REVENUE GROWTH ACCELERATION",
      "detail": "YoY growth: -22.7% vs prior quarter YoY: -43.3% (accel: +20.6%)",
      "severity": "HIGH"
    },
    {
      "quarter": "2022-12 (Q4)",
      "signal": "FCF MARGIN EXPANSION",
      "detail": "FCF margin: -71.7% -> -54.4% (+17.4%)",
      "severity": "MEDIUM"
    },
    {
      "quarter": "2022-09 (Q3)",
      "signal": "FCF MARGIN EXPANSION",
      "detail": "FCF margin: -109.9% -> -71.7% (+38.1%)",
      "severity": "MEDIUM"
    },
    {
      "quarter": "2022-09 (Q3)",
      "signal": "YoY REVENUE GROWTH ACCELERATION",
      "detail": "YoY growth: -42.5% vs prior quarter YoY: -57.0% (accel: +14.5%)",
      "severity": "MEDIUM"
    },
    {
      "quarter": "2022-06 (Q2)",
      "signal": "FCF MARGIN EXPANSION",
      "detail": "FCF margin: -150.8% -> -109.9% (+40.9%)",
      "severity": "MEDIUM"
    },
    {
      "quarter": "2022-06 (Q2)",
      "signal": "YoY REVENUE GROWTH DECELERATION",
      "detail": "YoY growth: -57.0% vs prior quarter YoY: -37.5% (decel: -19.4%)",
      "severity": "WARNING"
    },
    {
      "quarter": "2021-12 (Q4)",
      "signal": "FCF MARGIN EXPANSION",
      "detail": "FCF margin: -18.4% -> -6.6% (+11.8%)",
      "severity": "MEDIUM"
    },
    {
      "quarter": "2021-09 (Q3)",
      "signal": "GROSS MARGIN INFLECTION",
      "detail": "GM: +97.0% -> +95.8% -> +97.9% (reversal +2.1%)",
      "severity": "MEDIUM"
    },
    {
      "quarter": "2021-06 (Q2)",
      "signal": "FCF TURNED POSITIVE",
      "detail": "FCF margin: -3.9% -> +49.6%",
      "severity": "HIGH"
    }
  ],
  "data_quality": {
    "n_quarters": 19,
    "coverage": {
      "revenue": [
        19,
        19
      ],
      "gross_profit": [
        19,
        19
      ],
      "op_income": [
        19,
        19
      ],
      "fcf": [
        19,
        19
      ]
    },
    "gaps": [],
    "warnings": []
  },
  "market_cap": null,
  "source": "SEC EDGAR",
  "last_updated": "2026-02-02T22:17:42.747422"
}