{
  "ticker": "FROG",
  "name": "JFrog Ltd.",
  "sector": "Technology",
  "industry": "Software - Application",
  "quarters": [
    {
      "date": "2021-03-31T00:00:00",
      "quarter_label": "2021-03 (Q1)",
      "revenue": 45087000,
      "gross_profit": 36660000,
      "operating_income": -10612000,
      "net_income": -7895000,
      "opex": 47272000,
      "cogs": 8427000,
      "rd": 13836000,
      "sga": null,
      "fcf": 7676000,
      "ocf": 8811000,
      "capex": -1135000,
      "gross_margin": 0.8130946836116841,
      "op_margin": -0.23536717900947057,
      "fcf_margin": 0.17024863042562158
    },
    {
      "date": "2021-06-30T00:00:00",
      "quarter_label": "2021-06 (Q2)",
      "revenue": 48657000,
      "gross_profit": 39586000,
      "operating_income": -14231000,
      "net_income": -13149000,
      "opex": 53817000,
      "cogs": 9071000,
      "rd": 16688000,
      "sga": null,
      "fcf": 18034000,
      "ocf": 19173000,
      "capex": -1139000,
      "gross_margin": 0.8135725589329388,
      "op_margin": -0.29247590274780605,
      "fcf_margin": 0.3706352631687116,
      "op_leverage_ratio": 0.571888288702448,
      "fcf_margin_change": 0.20038663274309002
    },
    {
      "date": "2021-09-30T00:00:00",
      "quarter_label": "2021-09 (Q3)",
      "revenue": 53703000,
      "gross_profit": 42242000,
      "operating_income": -20916000,
      "net_income": -20464000,
      "opex": 63158000,
      "cogs": 11461000,
      "rd": 23142000,
      "sga": null,
      "fcf": -18659000,
      "ocf": -17743000,
      "capex": -916000,
      "gross_margin": 0.7865854793959369,
      "op_margin": -0.38947544829897773,
      "fcf_margin": -0.3474480010427723,
      "op_leverage_ratio": 0.5974864080549233,
      "fcf_margin_change": -0.7180832642114838
    },
    {
      "date": "2021-12-31T00:00:00",
      "quarter_label": "2021-12 (Q4)",
      "revenue": 59236000,
      "gross_profit": 46372000,
      "operating_income": -22610000,
      "net_income": -22695000,
      "opex": 68982000,
      "cogs": 12864000,
      "rd": 25938000,
      "sga": null,
      "fcf": 16623000,
      "ocf": 17661000,
      "capex": -1038000,
      "gross_margin": 0.7828347626443379,
      "op_margin": -0.3816935647241542,
      "fcf_margin": 0.28062326963333106,
      "op_leverage_ratio": 1.1172982680178507,
      "fcf_margin_change": 0.6280712706761034
    },
    {
      "date": "2022-03-31T00:00:00",
      "quarter_label": "2022-03 (Q1)",
      "revenue": 63696000,
      "gross_profit": 49833000,
      "operating_income": -19139000,
      "net_income": -19704000,
      "opex": 68972000,
      "cogs": 13863000,
      "rd": 27101000,
      "sga": null,
      "fcf": 3888000,
      "ocf": 5031000,
      "capex": -1143000,
      "gross_margin": 0.7823568198944989,
      "op_margin": -0.30047412710374277,
      "fcf_margin": 0.06103993971363979,
      "incr_op_margin_yoy": -0.45821914127572677,
      "rev_growth_yoy": 0.41273537826868056,
      "op_leverage_ratio": null,
      "fcf_margin_change": -0.21958332991969126
    },
    {
      "date": "2022-06-30T00:00:00",
      "quarter_label": "2022-06 (Q2)",
      "revenue": 67807000,
      "gross_profit": 52563000,
      "operating_income": -22410000,
      "net_income": -23773000,
      "opex": 74973000,
      "cogs": 15244000,
      "rd": 28945000,
      "sga": null,
      "fcf": 2964000,
      "ocf": 3952000,
      "capex": -988000,
      "gross_margin": 0.7751854528293539,
      "op_margin": -0.33049685135752943,
      "fcf_margin": 0.04371230108985798,
      "incr_op_margin_yoy": -0.4271018276762402,
      "rev_growth_yoy": 0.3935713258112913,
      "rev_growth_yoy_accel": -0.01916405245738928,
      "op_leverage_ratio": 0.7417960378453209,
      "fcf_margin_change": -0.01732763862378181
    },
    {
      "date": "2022-09-30T00:00:00",
      "quarter_label": "2022-09 (Q3)",
      "revenue": 71991000,
      "gross_profit": 56093000,
      "operating_income": -23439000,
      "net_income": -23552000,
      "opex": 79532000,
      "cogs": 15898000,
      "rd": 31698000,
      "sga": null,
      "fcf": 3822000,
      "ocf": 5128000,
      "capex": -1306000,
      "gross_margin": 0.7791668402994819,
      "op_margin": -0.32558236446222444,
      "fcf_margin": 0.05308996957953077,
      "incr_op_margin_yoy": -0.13795931758530183,
      "rev_growth_yoy": 0.3405396346572817,
      "rev_growth_yoy_accel": -0.053031691154009575,
      "op_leverage_ratio": 1.0147345384334108,
      "fcf_margin_change": 0.009377668489672794
    },
    {
      "date": "2022-12-31T00:00:00",
      "quarter_label": "2022-12 (Q4)",
      "revenue": 76546000,
      "gross_profit": 59264000,
      "operating_income": -24852000,
      "net_income": -23155000,
      "opex": 84116000,
      "cogs": 17282000,
      "rd": 33481000,
      "sga": null,
      "fcf": 6423000,
      "ocf": 7314000,
      "capex": -891000,
      "gross_margin": 0.7742272620385128,
      "op_margin": -0.3246675201839417,
      "fcf_margin": 0.08391032842996368,
      "incr_op_margin_yoy": -0.1295205083766609,
      "rev_growth_yoy": 0.2922209467215882,
      "rev_growth_yoy_accel": -0.048318687935693494,
      "op_leverage_ratio": 1.0977601718345489,
      "fcf_margin_change": 0.03082035885043291
    },
    {
      "date": "2023-03-31T00:00:00",
      "quarter_label": "2023-03 (Q1)",
      "revenue": 79820000,
      "gross_profit": 61399000,
      "operating_income": -23213000,
      "net_income": -20809000,
      "opex": 84612000,
      "cogs": 18421000,
      "rd": 34886000,
      "sga": null,
      "fcf": -1395000,
      "ocf": -1129000,
      "capex": -266000,
      "gross_margin": 0.7692182410423453,
      "op_margin": -0.2908168378852418,
      "fcf_margin": -0.017476822851415684,
      "incr_op_margin_yoy": -0.2526668320516001,
      "rev_growth_yoy": 0.25313991459432306,
      "rev_growth_yoy_accel": -0.03908103212726516,
      "op_leverage_ratio": 7.253591768137733,
      "fcf_margin_change": -0.10138715128137937
    },
    {
      "date": "2023-06-30T00:00:00",
      "quarter_label": "2023-06 (Q2)",
      "revenue": 84170000,
      "gross_profit": 65721000,
      "operating_income": -18907000,
      "net_income": -15467000,
      "opex": 84628000,
      "cogs": 18449000,
      "rd": 33544000,
      "sga": null,
      "fcf": 16203000,
      "ocf": 16710000,
      "capex": -507000,
      "gross_margin": 0.7808126410835214,
      "op_margin": -0.22462872757514554,
      "fcf_margin": 0.1925032671973387,
      "incr_op_margin_yoy": 0.21408054757685022,
      "rev_growth_yoy": 0.24131726812865928,
      "rev_growth_yoy_accel": -0.011822646465663778,
      "op_leverage_ratio": null,
      "fcf_margin_change": 0.2099800900487544
    },
    {
      "date": "2023-09-30T00:00:00",
      "quarter_label": "2023-09 (Q3)",
      "revenue": 88636000,
      "gross_profit": 68886000,
      "operating_income": -18050000,
      "net_income": -13747000,
      "opex": 86936000,
      "cogs": 19750000,
      "rd": 33358000,
      "sga": null,
      "fcf": 25390000,
      "ocf": 25981000,
      "capex": -591000,
      "gross_margin": 0.7771785730402997,
      "op_margin": -0.20364186109481475,
      "fcf_margin": 0.2864524572408502,
      "incr_op_margin_yoy": 0.3237608891559027,
      "rev_growth_yoy": 0.23120945673764776,
      "rev_growth_yoy_accel": -0.010107811391011523,
      "op_leverage_ratio": 1.9455377610180273,
      "fcf_margin_change": 0.09394919004351152
    },
    {
      "date": "2023-12-31T00:00:00",
      "quarter_label": "2023-12 (Q4)",
      "revenue": 97260000,
      "gross_profit": 76837000,
      "operating_income": -15378000,
      "net_income": -11233000,
      "opex": 92215000,
      "cogs": 20423000,
      "rd": 32796000,
      "sga": null,
      "fcf": 31975000,
      "ocf": 32593000,
      "capex": -618000,
      "gross_margin": 0.7900164507505655,
      "op_margin": -0.1581122763726095,
      "fcf_margin": 0.32875796833230514,
      "incr_op_margin_yoy": 0.45737182581828717,
      "rev_growth_yoy": 0.2706085229796462,
      "rev_growth_yoy_accel": 0.03939906624199846,
      "op_leverage_ratio": 1.602310176923892,
      "fcf_margin_change": 0.04230551109145492
    },
    {
      "date": "2024-03-31T00:00:00",
      "quarter_label": "2024-03 (Q1)",
      "revenue": 100311000,
      "gross_profit": 79707000,
      "operating_income": -16636000,
      "net_income": -8790000,
      "opex": 96343000,
      "cogs": 20604000,
      "rd": 35832000,
      "sga": null,
      "fcf": 16628000,
      "ocf": 17469000,
      "capex": -841000,
      "gross_margin": 0.7945987977390316,
      "op_margin": -0.16584422446192343,
      "fcf_margin": 0.16576447249055437,
      "incr_op_margin_yoy": 0.32097018203113564,
      "rev_growth_yoy": 0.2567151089952393,
      "rev_growth_yoy_accel": -0.01389341398440691,
      "op_leverage_ratio": 0.7007608397414746,
      "fcf_margin_change": -0.16299349584175077
    },
    {
      "date": "2024-06-30T00:00:00",
      "quarter_label": "2024-06 (Q2)",
      "revenue": 103043000,
      "gross_profit": 81150000,
      "operating_income": -19127000,
      "net_income": -14303000,
      "opex": 100277000,
      "cogs": 21893000,
      "rd": 37117000,
      "sga": null,
      "fcf": 15965000,
      "ocf": 16697000,
      "capex": -732000,
      "gross_margin": 0.7875353007967547,
      "op_margin": -0.18562153664004347,
      "fcf_margin": 0.15493531826519025,
      "incr_op_margin_yoy": -0.011656864303502358,
      "rev_growth_yoy": 0.2242247831769039,
      "rev_growth_yoy_accel": -0.032490325818335414,
      "op_leverage_ratio": 0.6669878842534339,
      "fcf_margin_change": -0.010829154225364124
    },
    {
      "date": "2024-09-30T00:00:00",
      "quarter_label": "2024-09 (Q3)",
      "revenue": 109056000,
      "gross_profit": 81765000,
      "operating_income": -29920000,
      "net_income": -22945000,
      "opex": 111685000,
      "cogs": 27291000,
      "rd": 42996000,
      "sga": null,
      "fcf": 26704000,
      "ocf": 27640000,
      "capex": -936000,
      "gross_margin": 0.7497524207746479,
      "op_margin": -0.2743544600938967,
      "fcf_margin": 0.2448650234741784,
      "incr_op_margin_yoy": -0.5812928501469148,
      "rev_growth_yoy": 0.2303804323299788,
      "rev_growth_yoy_accel": 0.006155649153074899,
      "op_leverage_ratio": 0.5129375932247079,
      "fcf_margin_change": 0.08992970520898816
    },
    {
      "date": "2024-12-31T00:00:00",
      "quarter_label": "2024-12 (Q4)",
      "revenue": 116078000,
      "gross_profit": 87566000,
      "operating_income": -25415000,
      "net_income": -23198000,
      "opex": 112981000,
      "cogs": 28512000,
      "rd": 44919000,
      "sga": null,
      "fcf": 48484000,
      "ocf": 49118000,
      "capex": -634000,
      "gross_margin": 0.7543720601664398,
      "op_margin": -0.21894760419717776,
      "fcf_margin": 0.41768466031461604,
      "incr_op_margin_yoy": -0.5333723031140397,
      "rev_growth_yoy": 0.19348139008842277,
      "rev_growth_yoy_accel": -0.03689904224155602,
      "op_leverage_ratio": 5.5488260165578085,
      "fcf_margin_change": 0.17281963684043763
    },
    {
      "date": "2025-03-31T00:00:00",
      "quarter_label": "2025-03 (Q1)",
      "revenue": 122407000,
      "gross_profit": 92226000,
      "operating_income": -22970000,
      "net_income": -18503000,
      "opex": 115196000,
      "cogs": 30181000,
      "rd": 43335000,
      "sga": null,
      "fcf": 28145000,
      "ocf": 28792000,
      "capex": -647000,
      "gross_margin": 0.75343730342219,
      "op_margin": -0.18765266692264332,
      "fcf_margin": 0.22992966088540687,
      "incr_op_margin_yoy": -0.2866582186821144,
      "rev_growth_yoy": 0.22027494492129476,
      "rev_growth_yoy_accel": 0.02679355483287199,
      "op_leverage_ratio": 2.781101650454779,
      "fcf_margin_change": -0.18775499942920917
    },
    {
      "date": "2025-06-30T00:00:00",
      "quarter_label": "2025-06 (Q2)",
      "revenue": 127220000,
      "gross_profit": 97018000,
      "operating_income": -25971000,
      "net_income": -21675000,
      "opex": 122989000,
      "cogs": 30202000,
      "rd": 47424000,
      "sga": null,
      "fcf": 35458000,
      "ocf": 36085000,
      "capex": -627000,
      "gross_margin": 0.7626002200911807,
      "op_margin": -0.20414243043546612,
      "fcf_margin": 0.2787140386731646,
      "incr_op_margin_yoy": -0.28307895934152294,
      "rev_growth_yoy": 0.23463020292499248,
      "rev_growth_yoy_accel": 0.014355258003697718,
      "op_leverage_ratio": 0.5812223825573826,
      "fcf_margin_change": 0.04878437778775771
    },
    {
      "date": "2025-09-30T00:00:00",
      "quarter_label": "2025-09 (Q3)",
      "revenue": 136907000,
      "gross_profit": 106007000,
      "operating_income": -21590000,
      "net_income": -16431000,
      "opex": 127597000,
      "cogs": 30900000,
      "rd": 51167000,
      "sga": null,
      "fcf": 28811000,
      "ocf": 30157000,
      "capex": -1346000,
      "gross_margin": 0.7742993418890195,
      "op_margin": -0.15769829154097306,
      "fcf_margin": 0.21044212494613132,
      "incr_op_margin_yoy": 0.2990915945567484,
      "rev_growth_yoy": 0.2553825557511737,
      "rev_growth_yoy_accel": 0.02075235282618121,
      "op_leverage_ratio": 2.0322994912438426,
      "fcf_margin_change": -0.06827191372703326
    },
    {
      "date": "2025-12-31T00:00:00",
      "quarter_label": "2025-12 (Q4)",
      "revenue": 145306000,
      "gross_profit": 113136000,
      "operating_income": -21322000,
      "net_income": -15210000,
      "opex": 134458000,
      "cogs": 32170000,
      "rd": 53163000,
      "sga": null,
      "fcf": 49855000,
      "ocf": 50695000,
      "capex": -840000,
      "gross_margin": 0.7786051505099583,
      "op_margin": -0.14673860680219675,
      "fcf_margin": 0.343103519469258,
      "incr_op_margin_yoy": 0.1400369508690297,
      "rev_growth_yoy": 0.2517962059994142,
      "rev_growth_yoy_accel": -0.0035863497517594767,
      "op_leverage_ratio": 1.140919417457879,
      "fcf_margin_change": 0.13266139452312667
    }
  ],
  "signals": [
    {
      "quarter": "2025-12 (Q4)",
      "signal": "FCF MARGIN EXPANSION",
      "detail": "FCF margin: +21.0% -> +34.3% (+13.3%)",
      "severity": "MEDIUM"
    },
    {
      "quarter": "2025-09 (Q3)",
      "signal": "OPERATING LEVERAGE",
      "detail": "Rev growth +7.6% vs OpEx growth +3.7% (leverage: 2.0x)",
      "severity": "MEDIUM"
    },
    {
      "quarter": "2025-03 (Q1)",
      "signal": "OPERATING LEVERAGE",
      "detail": "Rev growth +5.5% vs OpEx growth +2.0% (leverage: 2.8x)",
      "severity": "MEDIUM"
    },
    {
      "quarter": "2024-12 (Q4)",
      "signal": "FCF MARGIN EXPANSION",
      "detail": "FCF margin: +24.5% -> +41.8% (+17.3%)",
      "severity": "MEDIUM"
    },
    {
      "quarter": "2024-12 (Q4)",
      "signal": "OPERATING LEVERAGE",
      "detail": "Rev growth +6.4% vs OpEx growth +1.2% (leverage: 5.5x)",
      "severity": "MEDIUM"
    },
    {
      "quarter": "2024-09 (Q3)",
      "signal": "FCF MARGIN EXPANSION",
      "detail": "FCF margin: +15.5% -> +24.5% (+9.0%)",
      "severity": "MEDIUM"
    },
    {
      "quarter": "2023-12 (Q4)",
      "signal": "OPERATING LEVERAGE",
      "detail": "Rev growth +9.7% vs OpEx growth +6.1% (leverage: 1.6x)",
      "severity": "MEDIUM"
    },
    {
      "quarter": "2023-09 (Q3)",
      "signal": "FCF MARGIN EXPANSION",
      "detail": "FCF margin: +19.3% -> +28.6% (+9.4%)",
      "severity": "MEDIUM"
    },
    {
      "quarter": "2023-09 (Q3)",
      "signal": "OPERATING LEVERAGE",
      "detail": "Rev growth +5.3% vs OpEx growth +2.7% (leverage: 1.9x)",
      "severity": "MEDIUM"
    },
    {
      "quarter": "2023-06 (Q2)",
      "signal": "FCF TURNED POSITIVE",
      "detail": "FCF margin: -1.7% -> +19.3%",
      "severity": "HIGH"
    },
    {
      "quarter": "2023-06 (Q2)",
      "signal": "OPERATING LEVERAGE",
      "detail": "Rev growth +5.4% vs OpEx growth +0.0% (leverage: 288.2x)",
      "severity": "MEDIUM"
    },
    {
      "quarter": "2023-03 (Q1)",
      "signal": "OPERATING LEVERAGE",
      "detail": "Rev growth +4.3% vs OpEx growth +0.6% (leverage: 7.3x)",
      "severity": "MEDIUM"
    },
    {
      "quarter": "2022-09 (Q3)",
      "signal": "YoY REVENUE GROWTH DECELERATION",
      "detail": "YoY growth: +34.1% vs prior quarter YoY: +39.4% (decel: -5.3%)",
      "severity": "WARNING"
    },
    {
      "quarter": "2021-12 (Q4)",
      "signal": "FCF TURNED POSITIVE",
      "detail": "FCF margin: -34.7% -> +28.1%",
      "severity": "HIGH"
    },
    {
      "quarter": "2021-06 (Q2)",
      "signal": "FCF MARGIN EXPANSION",
      "detail": "FCF margin: +17.0% -> +37.1% (+20.0%)",
      "severity": "MEDIUM"
    }
  ],
  "data_quality": {
    "n_quarters": 20,
    "coverage": {
      "revenue": [
        20,
        20
      ],
      "gross_profit": [
        20,
        20
      ],
      "op_income": [
        20,
        20
      ],
      "fcf": [
        20,
        20
      ]
    },
    "gaps": [],
    "warnings": []
  },
  "market_cap": null,
  "source": "SEC EDGAR",
  "last_updated": "2026-02-24T10:41:50.676257"
}