{
  "ticker": "FRPT",
  "name": "FRESHPET, INC.",
  "quarters": [
    {
      "date": "2020-12-31T00:00:00",
      "quarter_label": "2020-12 (Q4)",
      "revenue": 84522000,
      "gross_profit": 30532870,
      "operating_income": -3103000,
      "net_income": -3298000,
      "opex": 33635870,
      "cogs": 53989354,
      "rd": null,
      "sga": 33635162,
      "fcf": 8130000,
      "ocf": 8130000,
      "capex": null,
      "gross_margin": 0.3612416885544592,
      "op_margin": -0.03671233524999409,
      "fcf_margin": 0.09618797472847306
    },
    {
      "date": "2021-03-31T00:00:00",
      "quarter_label": "2021-03 (Q1)",
      "revenue": 93414000,
      "gross_profit": 36315000,
      "operating_income": -9718000,
      "net_income": -10888000,
      "opex": 46033000,
      "cogs": 57099000,
      "rd": null,
      "sga": 46033000,
      "fcf": -5485000,
      "ocf": -5485000,
      "capex": null,
      "gross_margin": 0.3887532917978033,
      "op_margin": -0.10403151561864389,
      "fcf_margin": -0.0587171087845505,
      "op_leverage_ratio": 0.2854376117431372,
      "fcf_margin_change": -0.15490508351302357
    },
    {
      "date": "2021-06-30T00:00:00",
      "quarter_label": "2021-06 (Q2)",
      "revenue": 108616000,
      "gross_profit": 43091000,
      "operating_income": -6466000,
      "net_income": -7475000,
      "opex": 49557000,
      "cogs": 65525000,
      "rd": null,
      "sga": 49557000,
      "fcf": 8420000,
      "ocf": 8420000,
      "capex": null,
      "gross_margin": 0.39672792222140385,
      "op_margin": -0.05953082418796494,
      "fcf_margin": 0.077520807247551,
      "op_leverage_ratio": 2.12579870668128,
      "fcf_margin_change": 0.1362379160321015
    },
    {
      "date": "2021-09-30T00:00:00",
      "quarter_label": "2021-09 (Q3)",
      "revenue": 107590000,
      "gross_profit": 41525000,
      "operating_income": -840000,
      "net_income": -2070000,
      "opex": 42365000,
      "cogs": 66065000,
      "rd": null,
      "sga": 42365000,
      "fcf": -6270000,
      "ocf": -6270000,
      "capex": null,
      "gross_margin": 0.3859559438609536,
      "op_margin": -0.007807417046193884,
      "fcf_margin": -0.05827679152337578,
      "fcf_margin_change": -0.1357975987709268
    },
    {
      "date": "2021-12-31T00:00:00",
      "quarter_label": "2021-12 (Q4)",
      "revenue": 115869000,
      "gross_profit": 41215000,
      "operating_income": -7639000,
      "net_income": -9266000,
      "opex": 48854000,
      "cogs": 74654000,
      "rd": null,
      "sga": 48854000,
      "fcf": 3982000,
      "ocf": 3982000,
      "capex": null,
      "gross_margin": 0.35570342369399927,
      "op_margin": -0.06592790133685456,
      "fcf_margin": 0.034366396534016866,
      "incr_op_margin_yoy": -0.14470284237726097,
      "rev_growth_yoy": 0.370873855327607,
      "op_leverage_ratio": 0.5023835513870047,
      "fcf_margin_change": 0.09264318805739265
    },
    {
      "date": "2022-03-31T00:00:00",
      "quarter_label": "2022-03 (Q1)",
      "revenue": 132171000,
      "gross_profit": 44753000,
      "operating_income": -15878000,
      "net_income": -17542000,
      "opex": 60631000,
      "cogs": 87419000,
      "rd": null,
      "sga": 60631000,
      "fcf": -34785000,
      "ocf": -34785000,
      "capex": null,
      "gross_margin": 0.3385992388648039,
      "op_margin": -0.12013225291478463,
      "fcf_margin": -0.2631817872301791,
      "incr_op_margin_yoy": -0.1589390303687076,
      "rev_growth_yoy": 0.41489498362129873,
      "rev_growth_yoy_accel": 0.0440211282936917,
      "op_leverage_ratio": 0.5836319827335467,
      "fcf_margin_change": -0.29754818376419595
    },
    {
      "date": "2022-06-30T00:00:00",
      "quarter_label": "2022-06 (Q2)",
      "revenue": 146007000,
      "gross_profit": 51080000,
      "operating_income": -18135000,
      "net_income": -20586000,
      "opex": 69215000,
      "cogs": 94927000,
      "rd": null,
      "sga": 69215000,
      "fcf": -27617000,
      "ocf": -27617000,
      "capex": null,
      "gross_margin": 0.3498462402487552,
      "op_margin": -0.12420637366701597,
      "fcf_margin": -0.18914846548453157,
      "incr_op_margin_yoy": -0.3120804471664304,
      "rev_growth_yoy": 0.34424946600869116,
      "rev_growth_yoy_accel": -0.07064551761260757,
      "op_leverage_ratio": 0.7393999208134189,
      "fcf_margin_change": 0.07403332174564753
    },
    {
      "date": "2022-09-30T00:00:00",
      "quarter_label": "2022-09 (Q3)",
      "revenue": 151333000,
      "gross_profit": 44545000,
      "operating_income": -15904000,
      "net_income": -18449000,
      "opex": 60449000,
      "cogs": 106788000,
      "rd": null,
      "sga": 60449000,
      "fcf": 8722000,
      "ocf": 8722000,
      "capex": null,
      "gross_margin": 0.29435086861424803,
      "op_margin": -0.10509274249502752,
      "fcf_margin": 0.05763448818169203,
      "incr_op_margin_yoy": -0.3443751000160026,
      "rev_growth_yoy": 0.4065712426805465,
      "rev_growth_yoy_accel": 0.062321776671855345,
      "op_leverage_ratio": Infinity,
      "fcf_margin_change": 0.2467829536662236
    },
    {
      "date": "2022-12-31T00:00:00",
      "quarter_label": "2022-12 (Q4)",
      "revenue": 165833000,
      "gross_profit": 45709000,
      "operating_income": -2066000,
      "net_income": -2917000,
      "opex": 47775000,
      "cogs": 120124000,
      "rd": null,
      "sga": 47775000,
      "fcf": 10453000,
      "ocf": 10453000,
      "capex": null,
      "gross_margin": 0.2756327148396278,
      "op_margin": -0.012458316499128642,
      "fcf_margin": 0.06303329252923122,
      "incr_op_margin_yoy": 0.1115403090224962,
      "rev_growth_yoy": 0.43121110909734267,
      "rev_growth_yoy_accel": 0.024639866416796163,
      "op_leverage_ratio": Infinity,
      "fcf_margin_change": 0.005398804347539192
    },
    {
      "date": "2023-03-31T00:00:00",
      "quarter_label": "2023-03 (Q1)",
      "revenue": 167522000,
      "gross_profit": 50760000,
      "operating_income": -21511000,
      "net_income": -24786000,
      "opex": 72271000,
      "cogs": 116762000,
      "rd": null,
      "sga": 72271000,
      "fcf": -13740000,
      "ocf": -13740000,
      "capex": null,
      "gross_margin": 0.30300497845059154,
      "op_margin": -0.12840701519800385,
      "fcf_margin": -0.08201907809123578,
      "incr_op_margin_yoy": -0.1593448558739498,
      "rev_growth_yoy": 0.26746411845261064,
      "rev_growth_yoy_accel": -0.16374699064473203,
      "op_leverage_ratio": 0.019863886019397436,
      "fcf_margin_change": -0.145052370620467
    },
    {
      "date": "2023-06-30T00:00:00",
      "quarter_label": "2023-06 (Q2)",
      "revenue": 183331000,
      "gross_profit": 59244000,
      "operating_income": -16752000,
      "net_income": -16952000,
      "opex": 75996000,
      "cogs": 124087000,
      "rd": null,
      "sga": 75996000,
      "fcf": 13509000,
      "ocf": 13509000,
      "capex": null,
      "gross_margin": 0.32315320376804796,
      "op_margin": -0.09137570841810715,
      "fcf_margin": 0.07368639237226655,
      "incr_op_margin_yoy": 0.03705390633372629,
      "rev_growth_yoy": 0.2556315793078414,
      "rev_growth_yoy_accel": -0.011832539144769227,
      "op_leverage_ratio": 1.8309240825746695,
      "fcf_margin_change": 0.15570547046350233
    },
    {
      "date": "2023-09-30T00:00:00",
      "quarter_label": "2023-09 (Q3)",
      "revenue": 200621000,
      "gross_profit": 66293000,
      "operating_income": -7078000,
      "net_income": -7166000,
      "opex": 73371000,
      "cogs": 134328000,
      "rd": null,
      "sga": 73371000,
      "fcf": 39199000,
      "ocf": 39199000,
      "capex": null,
      "gross_margin": 0.33043898694553414,
      "op_margin": -0.03528045418974086,
      "fcf_margin": 0.19538831926867078,
      "incr_op_margin_yoy": 0.17906995617594546,
      "rev_growth_yoy": 0.3256923473399721,
      "rev_growth_yoy_accel": 0.07006076803213068,
      "op_leverage_ratio": Infinity,
      "fcf_margin_change": 0.12170192689640423
    },
    {
      "date": "2023-12-31T00:00:00",
      "quarter_label": "2023-12 (Q4)",
      "revenue": 215421000,
      "gross_profit": 74575000,
      "operating_income": 14895000,
      "net_income": 15290000,
      "opex": 59680000,
      "cogs": 140846000,
      "rd": null,
      "sga": 59680000,
      "fcf": 36972000,
      "ocf": 36972000,
      "capex": null,
      "gross_margin": 0.34618259129797,
      "op_margin": 0.06914367680031194,
      "fcf_margin": 0.17162672162881057,
      "incr_op_margin_yoy": 0.34203839638622247,
      "rev_growth_yoy": 0.2990237166305862,
      "rev_growth_yoy_accel": -0.02666863070938591,
      "op_leverage_ratio": Infinity,
      "fcf_margin_change": -0.023761597639860216
    },
    {
      "date": "2024-03-31T00:00:00",
      "quarter_label": "2024-03 (Q1)",
      "revenue": 223849000,
      "gross_profit": 88158000,
      "operating_income": 8463000,
      "net_income": 18602000,
      "opex": 79695000,
      "cogs": 135691000,
      "rd": null,
      "sga": 79695000,
      "fcf": 5406000,
      "ocf": 5406000,
      "capex": null,
      "gross_margin": 0.3938279822558957,
      "op_margin": 0.037806735790644586,
      "fcf_margin": 0.024150208399412103,
      "incr_op_margin_yoy": 0.5321426669270509,
      "rev_growth_yoy": 0.33623643461754277,
      "rev_growth_yoy_accel": 0.03721271798695658,
      "op_leverage_ratio": 0.11665670603978326,
      "fcf_margin_change": -0.14747651322939848
    },
    {
      "date": "2024-06-30T00:00:00",
      "quarter_label": "2024-06 (Q2)",
      "revenue": 235253000,
      "gross_profit": 93952000,
      "operating_income": -1750000,
      "net_income": -1694000,
      "opex": 95702000,
      "cogs": 141301000,
      "rd": null,
      "sga": 95702000,
      "fcf": 42413000,
      "ocf": 42413000,
      "capex": null,
      "gross_margin": 0.39936578917165777,
      "op_margin": -0.0074387999302878175,
      "fcf_margin": 0.18028675511045555,
      "incr_op_margin_yoy": 0.28893340010015023,
      "rev_growth_yoy": 0.2832145136392645,
      "rev_growth_yoy_accel": -0.05302192097827829,
      "op_leverage_ratio": 0.25364317452925117,
      "fcf_margin_change": 0.15613654671104346
    },
    {
      "date": "2024-09-30T00:00:00",
      "quarter_label": "2024-09 (Q3)",
      "revenue": 253367000,
      "gross_profit": 102247000,
      "operating_income": 11909000,
      "net_income": 11895000,
      "opex": 90338000,
      "cogs": 151120000,
      "rd": null,
      "sga": 90338000,
      "fcf": 56100000,
      "ocf": 56100000,
      "capex": null,
      "gross_margin": 0.40355294888442456,
      "op_margin": 0.047002964079773606,
      "fcf_margin": 0.2214179431417667,
      "incr_op_margin_yoy": 0.3599704242975771,
      "rev_growth_yoy": 0.26291365310710246,
      "rev_growth_yoy_accel": -0.020300860532162013,
      "op_leverage_ratio": Infinity,
      "fcf_margin_change": 0.04113118803131113
    },
    {
      "date": "2024-12-31T00:00:00",
      "quarter_label": "2024-12 (Q4)",
      "revenue": 262708000,
      "gross_profit": 111599000,
      "operating_income": 19376000,
      "net_income": 18122000,
      "opex": 92223000,
      "cogs": 151109000,
      "rd": null,
      "sga": 92223000,
      "fcf": 50369000,
      "ocf": 50369000,
      "capex": null,
      "gross_margin": 0.42480244225527963,
      "op_margin": 0.07375489136227294,
      "fcf_margin": 0.1917299815765032,
      "incr_op_margin_yoy": 0.09476177384904942,
      "rev_growth_yoy": 0.21950970425353145,
      "rev_growth_yoy_accel": -0.04340394885357102,
      "op_leverage_ratio": 1.766861224435143,
      "fcf_margin_change": -0.029687961565263488
    },
    {
      "date": "2025-03-31T00:00:00",
      "quarter_label": "2025-03 (Q1)",
      "revenue": 263249000,
      "gross_profit": 103788000,
      "operating_income": -11497000,
      "net_income": -12697000,
      "opex": 115285000,
      "cogs": 159461000,
      "rd": null,
      "sga": 115285000,
      "fcf": 4807000,
      "ocf": 4807000,
      "capex": null,
      "gross_margin": 0.39425790791228077,
      "op_margin": -0.04367348024114052,
      "fcf_margin": 0.01826027829165543,
      "incr_op_margin_yoy": -0.5065989847715736,
      "rev_growth_yoy": 0.1760115077574615,
      "rev_growth_yoy_accel": -0.04349819649606995,
      "fcf_margin_change": -0.17346970328484776
    },
    {
      "date": "2025-06-30T00:00:00",
      "quarter_label": "2025-06 (Q2)",
      "revenue": 264689000,
      "gross_profit": 108190000,
      "operating_income": 17804000,
      "net_income": 16356000,
      "opex": 90386000,
      "cogs": 156499000,
      "rd": null,
      "sga": 90386000,
      "fcf": 33886000,
      "ocf": 33886000,
      "capex": null,
      "gross_margin": 0.4087438465519912,
      "op_margin": 0.06726384549414596,
      "fcf_margin": 0.12802194273279208,
      "incr_op_margin_yoy": 0.6642886261720342,
      "rev_growth_yoy": 0.1251248655702584,
      "rev_growth_yoy_accel": -0.050886642187203096,
      "fcf_margin_change": 0.10976166444113665
    },
    {
      "date": "2025-09-30T00:00:00",
      "quarter_label": "2025-09 (Q3)",
      "revenue": 288848000,
      "gross_profit": 114192000,
      "operating_income": 24901000,
      "net_income": 101663000,
      "opex": 89291000,
      "cogs": 174656000,
      "rd": null,
      "sga": 89291000,
      "fcf": 66762000,
      "ocf": 66762000,
      "capex": null,
      "gross_margin": 0.39533595524289594,
      "op_margin": 0.08620797097435329,
      "fcf_margin": 0.23113194482911428,
      "incr_op_margin_yoy": 0.3661678081226572,
      "rev_growth_yoy": 0.1400379686383783,
      "rev_growth_yoy_accel": 0.01491310306811991,
      "op_leverage_ratio": Infinity,
      "fcf_margin_change": 0.1031100020963222
    }
  ],
  "signals": [
    {
      "quarter": "2025-09 (Q3)",
      "signal": "FCF MARGIN EXPANSION",
      "detail": "FCF margin: +12.8% -> +23.1% (+10.3%)",
      "severity": "MEDIUM"
    },
    {
      "quarter": "2025-09 (Q3)",
      "signal": "INCREMENTAL MARGIN (YoY)",
      "detail": "YoY Incr OPM: +36.6% vs year-ago OPM: +4.7%",
      "severity": "HIGH"
    },
    {
      "quarter": "2025-06 (Q2)",
      "signal": "FCF MARGIN EXPANSION",
      "detail": "FCF margin: +1.8% -> +12.8% (+11.0%)",
      "severity": "MEDIUM"
    },
    {
      "quarter": "2025-06 (Q2)",
      "signal": "YoY REVENUE GROWTH DECELERATION",
      "detail": "YoY growth: +12.5% vs prior quarter YoY: +17.6% (decel: -5.1%)",
      "severity": "WARNING"
    },
    {
      "quarter": "2025-06 (Q2)",
      "signal": "OP MARGIN TURNED POSITIVE (YoY)",
      "detail": "Op margin: -0.7% (year-ago) -> +6.7%",
      "severity": "HIGH"
    },
    {
      "quarter": "2025-06 (Q2)",
      "signal": "OP MARGIN TURNED POSITIVE (QoQ)",
      "detail": "Op margin: -4.4% -> +6.7%",
      "severity": "HIGH"
    },
    {
      "quarter": "2024-12 (Q4)",
      "signal": "OPERATING LEVERAGE",
      "detail": "Rev growth +3.7% vs OpEx growth +2.1% (leverage: 1.8x)",
      "severity": "MEDIUM"
    },
    {
      "quarter": "2024-09 (Q3)",
      "signal": "OP MARGIN TURNED POSITIVE (YoY)",
      "detail": "Op margin: -3.5% (year-ago) -> +4.7%",
      "severity": "HIGH"
    },
    {
      "quarter": "2024-09 (Q3)",
      "signal": "OP MARGIN TURNED POSITIVE (QoQ)",
      "detail": "Op margin: -0.7% -> +4.7%",
      "severity": "HIGH"
    },
    {
      "quarter": "2024-06 (Q2)",
      "signal": "FCF MARGIN EXPANSION",
      "detail": "FCF margin: +2.4% -> +18.0% (+15.6%)",
      "severity": "MEDIUM"
    },
    {
      "quarter": "2024-06 (Q2)",
      "signal": "YoY REVENUE GROWTH DECELERATION",
      "detail": "YoY growth: +28.3% vs prior quarter YoY: +33.6% (decel: -5.3%)",
      "severity": "WARNING"
    },
    {
      "quarter": "2024-03 (Q1)",
      "signal": "OP MARGIN TURNED POSITIVE (YoY)",
      "detail": "Op margin: -12.8% (year-ago) -> +3.8%",
      "severity": "HIGH"
    },
    {
      "quarter": "2023-12 (Q4)",
      "signal": "OP MARGIN TURNED POSITIVE (YoY)",
      "detail": "Op margin: -1.2% (year-ago) -> +6.9%",
      "severity": "HIGH"
    },
    {
      "quarter": "2023-12 (Q4)",
      "signal": "OP MARGIN TURNED POSITIVE (QoQ)",
      "detail": "Op margin: -3.5% -> +6.9%",
      "severity": "HIGH"
    },
    {
      "quarter": "2023-09 (Q3)",
      "signal": "FCF MARGIN EXPANSION",
      "detail": "FCF margin: +7.4% -> +19.5% (+12.2%)",
      "severity": "MEDIUM"
    },
    {
      "quarter": "2023-09 (Q3)",
      "signal": "YoY REVENUE GROWTH ACCELERATION",
      "detail": "YoY growth: +32.6% vs prior quarter YoY: +25.6% (accel: +7.0%)",
      "severity": "MEDIUM"
    },
    {
      "quarter": "2023-06 (Q2)",
      "signal": "FCF TURNED POSITIVE",
      "detail": "FCF margin: -8.2% -> +7.4%",
      "severity": "HIGH"
    },
    {
      "quarter": "2023-06 (Q2)",
      "signal": "OPERATING LEVERAGE",
      "detail": "Rev growth +9.4% vs OpEx growth +5.2% (leverage: 1.8x)",
      "severity": "MEDIUM"
    },
    {
      "quarter": "2023-03 (Q1)",
      "signal": "GROSS MARGIN INFLECTION",
      "detail": "GM: +29.4% -> +27.6% -> +30.3% (reversal +2.7%)",
      "severity": "MEDIUM"
    },
    {
      "quarter": "2023-03 (Q1)",
      "signal": "YoY REVENUE GROWTH DECELERATION",
      "detail": "YoY growth: +26.7% vs prior quarter YoY: +43.1% (decel: -16.4%)",
      "severity": "WARNING"
    },
    {
      "quarter": "2022-09 (Q3)",
      "signal": "FCF TURNED POSITIVE",
      "detail": "FCF margin: -18.9% -> +5.8%",
      "severity": "HIGH"
    },
    {
      "quarter": "2022-09 (Q3)",
      "signal": "YoY REVENUE GROWTH ACCELERATION",
      "detail": "YoY growth: +40.7% vs prior quarter YoY: +34.4% (accel: +6.2%)",
      "severity": "MEDIUM"
    },
    {
      "quarter": "2022-06 (Q2)",
      "signal": "FCF MARGIN EXPANSION",
      "detail": "FCF margin: -26.3% -> -18.9% (+7.4%)",
      "severity": "MEDIUM"
    },
    {
      "quarter": "2022-06 (Q2)",
      "signal": "YoY REVENUE GROWTH DECELERATION",
      "detail": "YoY growth: +34.4% vs prior quarter YoY: +41.5% (decel: -7.1%)",
      "severity": "WARNING"
    },
    {
      "quarter": "2021-12 (Q4)",
      "signal": "FCF TURNED POSITIVE",
      "detail": "FCF margin: -5.8% -> +3.4%",
      "severity": "HIGH"
    },
    {
      "quarter": "2021-06 (Q2)",
      "signal": "FCF TURNED POSITIVE",
      "detail": "FCF margin: -5.9% -> +7.8%",
      "severity": "HIGH"
    },
    {
      "quarter": "2021-06 (Q2)",
      "signal": "OPERATING LEVERAGE",
      "detail": "Rev growth +16.3% vs OpEx growth +7.7% (leverage: 2.1x)",
      "severity": "MEDIUM"
    }
  ],
  "data_quality": {
    "n_quarters": 20,
    "coverage": {
      "revenue": [
        20,
        20
      ],
      "gross_profit": [
        20,
        20
      ],
      "op_income": [
        20,
        20
      ],
      "fcf": [
        20,
        20
      ]
    },
    "gaps": [],
    "warnings": []
  },
  "market_cap": null,
  "source": "SEC EDGAR",
  "last_updated": "2026-02-02T21:17:38.711509",
  "sector": "Consumer Defensive",
  "industry": "Packaged Foods"
}