{
  "ticker": "FSI",
  "name": "FLEXIBLE SOLUTIONS INTERNATIONAL INC.",
  "quarters": [
    {
      "date": "2020-12-31T00:00:00",
      "quarter_label": "2020-12 (Q4)",
      "revenue": 7155431,
      "gross_profit": 1880354,
      "operating_income": 210887,
      "net_income": -2861,
      "opex": 1669467,
      "cogs": 5275077,
      "rd": 24132,
      "sga": null,
      "fcf": -103009,
      "ocf": 151074,
      "capex": -254083,
      "gross_margin": 0.26278696559298803,
      "op_margin": 0.02947229873364721,
      "fcf_margin": -0.014395918289198792
    },
    {
      "date": "2021-03-31T00:00:00",
      "quarter_label": "2021-03 (Q1)",
      "revenue": 7624697,
      "gross_profit": 2707921,
      "operating_income": 1365285,
      "net_income": 1450571,
      "opex": 1342636,
      "cogs": 4916776,
      "rd": 18275,
      "sga": null,
      "fcf": -2452903,
      "ocf": -2356767,
      "capex": -96136,
      "gross_margin": 0.3551512932251603,
      "op_margin": 0.17906088596045194,
      "fcf_margin": -0.3217049805388988,
      "op_leverage_ratio": Infinity,
      "fcf_margin_change": -0.3073090622497
    },
    {
      "date": "2021-06-30T00:00:00",
      "quarter_label": "2021-06 (Q2)",
      "revenue": 8535451,
      "gross_profit": 2960238,
      "operating_income": 1711522,
      "net_income": 1176761,
      "opex": 1248716,
      "cogs": 5575213,
      "rd": 15947,
      "sga": null,
      "fcf": 6066369,
      "ocf": 6421961,
      "capex": -355592,
      "gross_margin": 0.34681682315322293,
      "op_margin": 0.20051922271008293,
      "fcf_margin": 0.710726240476338,
      "op_leverage_ratio": Infinity,
      "fcf_margin_change": 1.0324312210152369
    },
    {
      "date": "2021-09-30T00:00:00",
      "quarter_label": "2021-09 (Q3)",
      "revenue": 9214467,
      "gross_profit": 3496385,
      "operating_income": 2242442,
      "net_income": 1162624,
      "opex": 1253943,
      "cogs": 5718082,
      "rd": 16417,
      "sga": null,
      "fcf": 70916,
      "ocf": 229147,
      "capex": -158231,
      "gross_margin": 0.37944517029579683,
      "op_margin": 0.2433610104632205,
      "fcf_margin": 0.007696158660072254,
      "op_leverage_ratio": 19.004861576908205,
      "fcf_margin_change": -0.7030300818162658
    },
    {
      "date": "2021-12-31T00:00:00",
      "quarter_label": "2021-12 (Q4)",
      "revenue": 9041720,
      "gross_profit": 2231967,
      "operating_income": 164075,
      "net_income": -340794,
      "opex": 2067892,
      "cogs": 6809753,
      "rd": 65772,
      "sga": null,
      "fcf": 70143,
      "ocf": 241405,
      "capex": -171262,
      "gross_margin": 0.24685203700180938,
      "op_margin": 0.018146436739912317,
      "fcf_margin": 0.007757705392336856,
      "incr_op_margin_yoy": -0.024816981915284454,
      "rev_growth_yoy": 0.26361640549674786,
      "fcf_margin_change": 6.154673226460225e-05
    },
    {
      "date": "2022-03-31T00:00:00",
      "quarter_label": "2022-03 (Q1)",
      "revenue": 10783280,
      "gross_profit": 3811901,
      "operating_income": 2331130,
      "net_income": 1533059,
      "opex": 1480771,
      "cogs": 6971379,
      "rd": 17696,
      "sga": null,
      "fcf": -2601692,
      "ocf": -2425008,
      "capex": -176684,
      "gross_margin": 0.3535010683205852,
      "op_margin": 0.21618004911307134,
      "fcf_margin": -0.24127093055174306,
      "incr_op_margin_yoy": 0.30578427098480554,
      "rev_growth_yoy": 0.41425685505928955,
      "rev_growth_yoy_accel": 0.1506404495625417,
      "op_leverage_ratio": Infinity,
      "fcf_margin_change": -0.24902863594407992
    },
    {
      "date": "2022-06-30T00:00:00",
      "quarter_label": "2022-06 (Q2)",
      "revenue": 11165143,
      "gross_profit": 3861606,
      "operating_income": 1848716,
      "net_income": 1662455,
      "opex": 2012890,
      "cogs": 7303537,
      "rd": 26561,
      "sga": null,
      "fcf": 2972161,
      "ocf": 3217544,
      "capex": -245383,
      "gross_margin": 0.345862654871505,
      "op_margin": 0.1655792496343307,
      "fcf_margin": 0.266199994035007,
      "incr_op_margin_yoy": 0.052171128786184844,
      "rev_growth_yoy": 0.3080905742414783,
      "rev_growth_yoy_accel": -0.10616628081781126,
      "op_leverage_ratio": 0.09854528095715219,
      "fcf_margin_change": 0.50747092458675
    },
    {
      "date": "2022-09-30T00:00:00",
      "quarter_label": "2022-09 (Q3)",
      "revenue": 11685107,
      "gross_profit": 3182556,
      "operating_income": 1633230,
      "net_income": 1108131,
      "opex": 1549326,
      "cogs": 8502551,
      "rd": 19088,
      "sga": null,
      "fcf": -1684936,
      "ocf": -1451074,
      "capex": -233862,
      "gross_margin": 0.27236002203488596,
      "op_margin": 0.13977022204417983,
      "fcf_margin": -0.14419517082727612,
      "incr_op_margin_yoy": -0.2465806430722404,
      "rev_growth_yoy": 0.2681261976411658,
      "rev_growth_yoy_accel": -0.03996437660031249,
      "op_leverage_ratio": Infinity,
      "fcf_margin_change": -0.4103951648622831
    },
    {
      "date": "2022-12-31T00:00:00",
      "quarter_label": "2022-12 (Q4)",
      "revenue": 12206939,
      "gross_profit": 3012810,
      "operating_income": 1237301,
      "net_income": 2717959,
      "opex": 1775509,
      "cogs": 9194129,
      "rd": 35930,
      "sga": null,
      "fcf": 801366,
      "ocf": 2135441,
      "capex": -1334075,
      "gross_margin": 0.24681126038231205,
      "op_margin": 0.10136046391318905,
      "fcf_margin": 0.06564839883282779,
      "incr_op_margin_yoy": 0.33906848151739266,
      "rev_growth_yoy": 0.3500682392288193,
      "rev_growth_yoy_accel": 0.0819420415876535,
      "op_leverage_ratio": 0.30590097623937323,
      "fcf_margin_change": 0.20984356966010392
    },
    {
      "date": "2023-03-31T00:00:00",
      "quarter_label": "2023-03 (Q1)",
      "revenue": 9847517,
      "gross_profit": 3084992,
      "operating_income": 1182265,
      "net_income": 884369,
      "opex": 1902727,
      "cogs": 6762525,
      "rd": 21502,
      "sga": null,
      "fcf": -441289,
      "ocf": -228229,
      "capex": -213060,
      "gross_margin": 0.31327612838850644,
      "op_margin": 0.12005716771039847,
      "fcf_margin": -0.044812210022079677,
      "rev_growth_yoy": -0.08677906907731228,
      "rev_growth_yoy_accel": -0.4368473083061316,
      "fcf_margin_change": -0.11046060885490747
    },
    {
      "date": "2023-06-30T00:00:00",
      "quarter_label": "2023-06 (Q2)",
      "revenue": 10331291,
      "gross_profit": 3038853,
      "operating_income": 1051217,
      "net_income": 809865,
      "opex": 1987636,
      "cogs": 7292438,
      "rd": 15833,
      "sga": null,
      "fcf": 4583871,
      "ocf": 8155004,
      "capex": -3571133,
      "gross_margin": 0.2941406838700023,
      "op_margin": 0.10175078797025464,
      "fcf_margin": 0.4436881121633298,
      "rev_growth_yoy": -0.07468350382973152,
      "rev_growth_yoy_accel": 0.012095565247580764,
      "op_leverage_ratio": 1.1008763438868792,
      "fcf_margin_change": 0.4885003221854095
    },
    {
      "date": "2023-09-30T00:00:00",
      "quarter_label": "2023-09 (Q3)",
      "revenue": 8720621,
      "gross_profit": 1472355,
      "operating_income": -386673,
      "net_income": -718161,
      "opex": 1859028,
      "cogs": 7248266,
      "rd": 52834,
      "sga": null,
      "fcf": 1659276,
      "ocf": 2201291,
      "capex": -542015,
      "gross_margin": 0.1688360267003921,
      "op_margin": -0.044340076239983366,
      "fcf_margin": 0.19027039473450344,
      "incr_op_margin_yoy": 0.681367022816097,
      "rev_growth_yoy": -0.2536978052490234,
      "rev_growth_yoy_accel": -0.1790143014192919,
      "fcf_margin_change": -0.25341771742882635
    },
    {
      "date": "2023-12-31T00:00:00",
      "quarter_label": "2023-12 (Q4)",
      "revenue": 9425377,
      "gross_profit": 2741155,
      "operating_income": 1152978,
      "net_income": 1799791,
      "opex": 1588177,
      "cogs": 6684222,
      "rd": 68077,
      "sga": null,
      "fcf": -4676362,
      "ocf": -4011895,
      "capex": -664467,
      "gross_margin": 0.2908270937067027,
      "op_margin": 0.12232699020951629,
      "fcf_margin": -0.4961458836076265,
      "incr_op_margin_yoy": 0.030314981294682627,
      "rev_growth_yoy": -0.22786728106038703,
      "rev_growth_yoy_accel": 0.025830524188636378,
      "op_leverage_ratio": Infinity,
      "fcf_margin_change": -0.6864162783421299
    },
    {
      "date": "2024-03-31T00:00:00",
      "quarter_label": "2024-03 (Q1)",
      "revenue": 9224872,
      "gross_profit": 2820367,
      "operating_income": 590565,
      "net_income": 457226,
      "opex": 2229802,
      "cogs": 6404505,
      "rd": 126654,
      "sga": null,
      "fcf": -1082942,
      "ocf": -604819,
      "capex": -478123,
      "gross_margin": 0.3057350822862366,
      "op_margin": 0.06401877446104401,
      "fcf_margin": -0.11739371559843866,
      "rev_growth_yoy": -0.06322862910518459,
      "rev_growth_yoy_accel": 0.16463865195520244,
      "fcf_margin_change": 0.3787521680091879
    },
    {
      "date": "2024-06-30T00:00:00",
      "quarter_label": "2024-06 (Q2)",
      "revenue": 10528739,
      "gross_profit": 3939095,
      "operating_income": 1813781,
      "net_income": 1289796,
      "opex": 2125314,
      "cogs": 6589644,
      "rd": 62474,
      "sga": null,
      "fcf": 4729100,
      "ocf": 5914674,
      "capex": -1185574,
      "gross_margin": 0.37412789888703674,
      "op_margin": 0.17226953769107584,
      "fcf_margin": 0.4491611008687745,
      "rev_growth_yoy": 0.019111648292551242,
      "rev_growth_yoy_accel": 0.08234027739773583,
      "op_leverage_ratio": Infinity,
      "fcf_margin_change": 0.5665548164672132
    },
    {
      "date": "2024-09-30T00:00:00",
      "quarter_label": "2024-09 (Q3)",
      "revenue": 9314937,
      "gross_profit": 3806816,
      "operating_income": 1781209,
      "net_income": 611858,
      "opex": 2025607,
      "cogs": 5508121,
      "rd": 27806,
      "sga": null,
      "fcf": 1265712,
      "ocf": 2478134,
      "capex": -1212422,
      "gross_margin": 0.4086786630977751,
      "op_margin": 0.19122072430548914,
      "fcf_margin": 0.13587982398592713,
      "rev_growth_yoy": 0.06815065119789061,
      "rev_growth_yoy_accel": 0.04903900290533937,
      "fcf_margin_change": -0.31328127688284735
    },
    {
      "date": "2024-12-31T00:00:00",
      "quarter_label": "2024-12 (Q4)",
      "revenue": 9166312,
      "gross_profit": 2673621,
      "operating_income": 1329851,
      "net_income": 679649,
      "opex": 1343770,
      "cogs": 6492691,
      "rd": 113018,
      "sga": null,
      "fcf": -4308260,
      "ocf": -2219643,
      "capex": -2088617,
      "gross_margin": 0.29167903078140917,
      "op_margin": 0.14508026783290814,
      "fcf_margin": -0.47001018512134435,
      "rev_growth_yoy": -0.027485903216391237,
      "rev_growth_yoy_accel": -0.09563655441428184,
      "fcf_margin_change": -0.6058900091072714
    },
    {
      "date": "2025-03-31T00:00:00",
      "quarter_label": "2025-03 (Q1)",
      "revenue": 7473692,
      "gross_profit": 1951564,
      "operating_income": -69157,
      "net_income": -277734,
      "opex": 2020721,
      "cogs": 5522128,
      "rd": 106801,
      "sga": null,
      "fcf": -898415,
      "ocf": -544294,
      "capex": -354121,
      "gross_margin": 0.26112448840546276,
      "op_margin": -0.009253391764070557,
      "fcf_margin": -0.1202103324568366,
      "incr_op_margin_yoy": 0.37672997635879807,
      "rev_growth_yoy": -0.18983244428757384,
      "rev_growth_yoy_accel": -0.1623465410711826,
      "fcf_margin_change": 0.34979985266450775
    },
    {
      "date": "2025-06-30T00:00:00",
      "quarter_label": "2025-06 (Q2)",
      "revenue": 11367132,
      "gross_profit": 5385266,
      "operating_income": 3297114,
      "net_income": 2028912,
      "opex": 2088152,
      "cogs": 5981866,
      "rd": 167247,
      "sga": null,
      "fcf": 4306010,
      "ocf": 5282931,
      "capex": -976921,
      "gross_margin": 0.47375767255979784,
      "op_margin": 0.2900568058856007,
      "fcf_margin": 0.3788123512597549,
      "rev_growth_yoy": 0.079629004005133,
      "rev_growth_yoy_accel": 0.26946144829270685,
      "op_leverage_ratio": 15.611514789448,
      "fcf_margin_change": 0.4990226837165915
    },
    {
      "date": "2025-09-30T00:00:00",
      "quarter_label": "2025-09 (Q3)",
      "revenue": 10556291,
      "gross_profit": 2523775,
      "operating_income": 311303,
      "net_income": -503358,
      "opex": 2212472,
      "cogs": 8032516,
      "rd": 255657,
      "sga": null,
      "fcf": 39435,
      "ocf": 2018561,
      "capex": -1979126,
      "gross_margin": 0.23907781625193925,
      "op_margin": 0.029489808494290278,
      "fcf_margin": 0.0037356870893384807,
      "incr_op_margin_yoy": -1.1841150872353898,
      "rev_growth_yoy": 0.1332648841317982,
      "rev_growth_yoy_accel": 0.05363588012666522,
      "fcf_margin_change": -0.3750766641704164
    }
  ],
  "signals": [
    {
      "quarter": "2025-09 (Q3)",
      "signal": "YoY REVENUE GROWTH ACCELERATION",
      "detail": "YoY growth: +13.3% vs prior quarter YoY: +8.0% (accel: +5.4%)",
      "severity": "MEDIUM"
    },
    {
      "quarter": "2025-06 (Q2)",
      "signal": "FCF TURNED POSITIVE",
      "detail": "FCF margin: -12.0% -> +37.9%",
      "severity": "HIGH"
    },
    {
      "quarter": "2025-06 (Q2)",
      "signal": "OPERATING LEVERAGE",
      "detail": "Rev growth +52.1% vs OpEx growth +3.3% (leverage: 15.6x)",
      "severity": "MEDIUM"
    },
    {
      "quarter": "2025-06 (Q2)",
      "signal": "GROSS MARGIN INFLECTION",
      "detail": "GM: +29.2% -> +26.1% -> +47.4% (reversal +21.3%)",
      "severity": "HIGH"
    },
    {
      "quarter": "2025-06 (Q2)",
      "signal": "YoY REVENUE GROWTH ACCELERATION",
      "detail": "YoY growth: +8.0% vs prior quarter YoY: -19.0% (accel: +26.9%)",
      "severity": "HIGH"
    },
    {
      "quarter": "2025-06 (Q2)",
      "signal": "OP MARGIN TURNED POSITIVE (QoQ)",
      "detail": "Op margin: -0.9% -> +29.0%",
      "severity": "HIGH"
    },
    {
      "quarter": "2025-03 (Q1)",
      "signal": "FCF MARGIN EXPANSION",
      "detail": "FCF margin: -47.0% -> -12.0% (+35.0%)",
      "severity": "MEDIUM"
    },
    {
      "quarter": "2025-03 (Q1)",
      "signal": "YoY REVENUE GROWTH DECELERATION",
      "detail": "YoY growth: -19.0% vs prior quarter YoY: -2.7% (decel: -16.2%)",
      "severity": "WARNING"
    },
    {
      "quarter": "2024-12 (Q4)",
      "signal": "YoY REVENUE GROWTH DECELERATION",
      "detail": "YoY growth: -2.7% vs prior quarter YoY: +6.8% (decel: -9.6%)",
      "severity": "WARNING"
    },
    {
      "quarter": "2024-09 (Q3)",
      "signal": "OP MARGIN TURNED POSITIVE (YoY)",
      "detail": "Op margin: -4.4% (year-ago) -> +19.1%",
      "severity": "HIGH"
    },
    {
      "quarter": "2024-06 (Q2)",
      "signal": "FCF TURNED POSITIVE",
      "detail": "FCF margin: -11.7% -> +44.9%",
      "severity": "HIGH"
    },
    {
      "quarter": "2024-06 (Q2)",
      "signal": "YoY REVENUE GROWTH ACCELERATION",
      "detail": "YoY growth: +1.9% vs prior quarter YoY: -6.3% (accel: +8.2%)",
      "severity": "MEDIUM"
    },
    {
      "quarter": "2024-03 (Q1)",
      "signal": "FCF MARGIN EXPANSION",
      "detail": "FCF margin: -49.6% -> -11.7% (+37.9%)",
      "severity": "MEDIUM"
    },
    {
      "quarter": "2024-03 (Q1)",
      "signal": "YoY REVENUE GROWTH ACCELERATION",
      "detail": "YoY growth: -6.3% vs prior quarter YoY: -22.8% (accel: +16.5%)",
      "severity": "HIGH"
    },
    {
      "quarter": "2023-12 (Q4)",
      "signal": "GROSS MARGIN INFLECTION",
      "detail": "GM: +29.4% -> +16.9% -> +29.1% (reversal +12.2%)",
      "severity": "HIGH"
    },
    {
      "quarter": "2023-12 (Q4)",
      "signal": "OP MARGIN TURNED POSITIVE (QoQ)",
      "detail": "Op margin: -4.4% -> +12.2%",
      "severity": "HIGH"
    },
    {
      "quarter": "2023-09 (Q3)",
      "signal": "YoY REVENUE GROWTH DECELERATION",
      "detail": "YoY growth: -25.4% vs prior quarter YoY: -7.5% (decel: -17.9%)",
      "severity": "WARNING"
    },
    {
      "quarter": "2023-06 (Q2)",
      "signal": "FCF TURNED POSITIVE",
      "detail": "FCF margin: -4.5% -> +44.4%",
      "severity": "HIGH"
    },
    {
      "quarter": "2023-03 (Q1)",
      "signal": "GROSS MARGIN INFLECTION",
      "detail": "GM: +27.2% -> +24.7% -> +31.3% (reversal +6.6%)",
      "severity": "HIGH"
    },
    {
      "quarter": "2023-03 (Q1)",
      "signal": "YoY REVENUE GROWTH DECELERATION",
      "detail": "YoY growth: -8.7% vs prior quarter YoY: +35.0% (decel: -43.7%)",
      "severity": "WARNING"
    },
    {
      "quarter": "2022-12 (Q4)",
      "signal": "FCF TURNED POSITIVE",
      "detail": "FCF margin: -14.4% -> +6.6%",
      "severity": "HIGH"
    },
    {
      "quarter": "2022-12 (Q4)",
      "signal": "YoY REVENUE GROWTH ACCELERATION",
      "detail": "YoY growth: +35.0% vs prior quarter YoY: +26.8% (accel: +8.2%)",
      "severity": "MEDIUM"
    },
    {
      "quarter": "2022-12 (Q4)",
      "signal": "INCREMENTAL MARGIN (YoY)",
      "detail": "YoY Incr OPM: +33.9% vs year-ago OPM: +1.8%",
      "severity": "HIGH"
    },
    {
      "quarter": "2022-06 (Q2)",
      "signal": "FCF TURNED POSITIVE",
      "detail": "FCF margin: -24.1% -> +26.6%",
      "severity": "HIGH"
    },
    {
      "quarter": "2022-06 (Q2)",
      "signal": "YoY REVENUE GROWTH DECELERATION",
      "detail": "YoY growth: +30.8% vs prior quarter YoY: +41.4% (decel: -10.6%)",
      "severity": "WARNING"
    },
    {
      "quarter": "2022-03 (Q1)",
      "signal": "GROSS MARGIN INFLECTION",
      "detail": "GM: +37.9% -> +24.7% -> +35.4% (reversal +10.7%)",
      "severity": "HIGH"
    },
    {
      "quarter": "2022-03 (Q1)",
      "signal": "YoY REVENUE GROWTH ACCELERATION",
      "detail": "YoY growth: +41.4% vs prior quarter YoY: +26.4% (accel: +15.1%)",
      "severity": "HIGH"
    },
    {
      "quarter": "2022-03 (Q1)",
      "signal": "INCREMENTAL MARGIN (YoY)",
      "detail": "YoY Incr OPM: +30.6% vs year-ago OPM: +17.9%",
      "severity": "MEDIUM"
    },
    {
      "quarter": "2021-09 (Q3)",
      "signal": "OPERATING LEVERAGE",
      "detail": "Rev growth +8.0% vs OpEx growth +0.4% (leverage: 19.0x)",
      "severity": "MEDIUM"
    },
    {
      "quarter": "2021-09 (Q3)",
      "signal": "GROSS MARGIN INFLECTION",
      "detail": "GM: +35.5% -> +34.7% -> +37.9% (reversal +3.3%)",
      "severity": "MEDIUM"
    },
    {
      "quarter": "2021-06 (Q2)",
      "signal": "FCF TURNED POSITIVE",
      "detail": "FCF margin: -32.2% -> +71.1%",
      "severity": "HIGH"
    }
  ],
  "data_quality": {
    "n_quarters": 20,
    "coverage": {
      "revenue": [
        20,
        20
      ],
      "gross_profit": [
        20,
        20
      ],
      "op_income": [
        20,
        20
      ],
      "fcf": [
        20,
        20
      ]
    },
    "gaps": [],
    "warnings": []
  },
  "market_cap": null,
  "source": "SEC EDGAR",
  "last_updated": "2026-02-02T23:30:34.838703",
  "sector": "Basic Materials",
  "industry": "Specialty Chemicals"
}