{
  "ticker": "FSLR",
  "name": "First Solar, Inc.",
  "quarters": [
    {
      "date": "2020-12-31T00:00:00",
      "quarter_label": "2020-12 (Q4)",
      "revenue": 609232000,
      "gross_profit": 159860000,
      "operating_income": 57774000,
      "net_income": 115703000,
      "opex": 102086000,
      "cogs": 449372000,
      "rd": 22670000,
      "sga": 62700000,
      "fcf": 96967000,
      "ocf": 186318000,
      "capex": -89351000,
      "gross_margin": 0.26239593455366755,
      "op_margin": 0.09483086902854741,
      "fcf_margin": 0.15916268350973029
    },
    {
      "date": "2021-03-31T00:00:00",
      "quarter_label": "2021-03 (Q1)",
      "revenue": 803374000,
      "gross_profit": 184767000,
      "operating_income": 252348000,
      "net_income": 209671000,
      "opex": 83314000,
      "cogs": 618607000,
      "rd": 19873000,
      "sga": 52087000,
      "fcf": -369633000,
      "ocf": -279478000,
      "capex": -90155000,
      "gross_margin": 0.2299887723526029,
      "op_margin": 0.31411024006253624,
      "fcf_margin": -0.46010077498151547,
      "op_leverage_ratio": Infinity,
      "fcf_margin_change": -0.6192634584912458
    },
    {
      "date": "2021-06-30T00:00:00",
      "quarter_label": "2021-06 (Q2)",
      "revenue": 629180000,
      "gross_profit": 174118000,
      "operating_income": 110377000,
      "net_income": 82449000,
      "opex": 61996000,
      "cogs": 455062000,
      "rd": 23935000,
      "sga": 36346000,
      "fcf": 86622000,
      "ocf": 177249000,
      "capex": -90627000,
      "gross_margin": 0.27673797641374487,
      "op_margin": 0.17542992466384819,
      "fcf_margin": 0.1376744333894911,
      "fcf_margin_change": 0.5977752083710066
    },
    {
      "date": "2021-09-30T00:00:00",
      "quarter_label": "2021-09 (Q3)",
      "revenue": 583504000,
      "gross_profit": 124580000,
      "operating_income": 50867000,
      "net_income": 45203000,
      "opex": 71847000,
      "cogs": 458924000,
      "rd": 25426000,
      "sga": 43476000,
      "fcf": 140704000,
      "ocf": 305321000,
      "capex": -164617000,
      "gross_margin": 0.2135032493350517,
      "op_margin": 0.08717506649483123,
      "fcf_margin": 0.24113630754887713,
      "fcf_margin_change": 0.10346187415938604
    },
    {
      "date": "2021-12-31T00:00:00",
      "quarter_label": "2021-12 (Q4)",
      "revenue": 907319000,
      "gross_profit": 246489000,
      "operating_income": 173159000,
      "net_income": 131370000,
      "opex": 73330000,
      "cogs": 660830000,
      "rd": 29881000,
      "sga": 38411000,
      "fcf": -160425000,
      "ocf": 34467000,
      "capex": -194892000,
      "gross_margin": 0.27166740694287234,
      "op_margin": 0.1908468796531319,
      "fcf_margin": -0.1768121245118861,
      "incr_op_margin_yoy": 0.38708497854653173,
      "rev_growth_yoy": 0.4892832287207501,
      "op_leverage_ratio": 26.885654463003124,
      "fcf_margin_change": -0.41794843206076326
    },
    {
      "date": "2022-03-31T00:00:00",
      "quarter_label": "2022-03 (Q1)",
      "revenue": 367040000,
      "gross_profit": 11463000,
      "operating_income": -57804000,
      "net_income": -43255000,
      "opex": 71174000,
      "cogs": 355577000,
      "rd": 27108000,
      "sga": 36728000,
      "fcf": -293600000,
      "ocf": -138839000,
      "capex": -154761000,
      "gross_margin": 0.031230928509154314,
      "op_margin": -0.15748692240627724,
      "fcf_margin": -0.7999128160418483,
      "incr_op_margin_yoy": 0.710813276068333,
      "rev_growth_yoy": -0.5431268624575851,
      "rev_growth_yoy_accel": -1.0324100911783352,
      "fcf_margin_change": -0.6231006915299622
    },
    {
      "date": "2022-06-30T00:00:00",
      "quarter_label": "2022-06 (Q2)",
      "revenue": 620955000,
      "gross_profit": -23200000,
      "operating_income": 144827000,
      "net_income": 55805000,
      "opex": 77354000,
      "cogs": 644155000,
      "rd": 25229000,
      "sga": 38894000,
      "fcf": -110669000,
      "ocf": 88018000,
      "capex": -198687000,
      "gross_margin": -0.03736180560588127,
      "op_margin": 0.2332326819173692,
      "fcf_margin": -0.17822386485333075,
      "incr_op_margin_yoy": -4.188449848024316,
      "rev_growth_yoy": -0.013072570647509456,
      "rev_growth_yoy_accel": 0.5300542918100757,
      "op_leverage_ratio": 7.967239274292301,
      "fcf_margin_change": 0.6216889511885175
    },
    {
      "date": "2022-09-30T00:00:00",
      "quarter_label": "2022-09 (Q3)",
      "revenue": 628933000,
      "gross_profit": 20982000,
      "operating_income": -68353000,
      "net_income": -49168000,
      "opex": 95319000,
      "cogs": 607951000,
      "rd": 29183000,
      "sga": 46368000,
      "fcf": -94281000,
      "ocf": 128975000,
      "capex": -223256000,
      "gross_margin": 0.0333612642364131,
      "op_margin": -0.10868089287730172,
      "fcf_margin": -0.14990626982524372,
      "incr_op_margin_yoy": -2.6243148649541044,
      "rev_growth_yoy": 0.0778555074172585,
      "rev_growth_yoy_accel": 0.09092807806476795,
      "op_leverage_ratio": 0.05532092817993871,
      "fcf_margin_change": 0.028317595028087034
    },
    {
      "date": "2022-12-31T00:00:00",
      "quarter_label": "2022-12 (Q4)",
      "revenue": 1002391000,
      "gross_profit": 60613000,
      "operating_income": -45906000,
      "net_income": -7548000,
      "opex": 106758000,
      "cogs": 941778000,
      "rd": 31284000,
      "sga": 42734000,
      "fcf": 468314000,
      "ocf": 795215000,
      "capex": -326901000,
      "gross_margin": 0.06046842000776144,
      "op_margin": -0.04579650056714396,
      "fcf_margin": 0.4671969321352646,
      "incr_op_margin_yoy": -2.3042010265903734,
      "rev_growth_yoy": 0.10478343339002048,
      "rev_growth_yoy_accel": 0.026927925972761987,
      "op_leverage_ratio": 4.9479898706167695,
      "fcf_margin_change": 0.6171032019605083
    },
    {
      "date": "2023-03-31T00:00:00",
      "quarter_label": "2023-03 (Q1)",
      "revenue": 548286000,
      "gross_profit": 112051000,
      "operating_income": 18002000,
      "net_income": 42561000,
      "opex": 94032000,
      "cogs": 436235000,
      "rd": 30510000,
      "sga": 44028000,
      "fcf": -405559000,
      "ocf": -34598000,
      "capex": -370961000,
      "gross_margin": 0.20436596958521647,
      "op_margin": 0.03283322937299147,
      "fcf_margin": -0.7396851278347432,
      "incr_op_margin_yoy": 0.4182492303278417,
      "rev_growth_yoy": 0.4938044899738448,
      "rev_growth_yoy_accel": 0.3890210565838243,
      "fcf_margin_change": -1.2068820599700079
    },
    {
      "date": "2023-06-30T00:00:00",
      "quarter_label": "2023-06 (Q2)",
      "revenue": 810673000,
      "gross_profit": 310420000,
      "operating_income": 168515000,
      "net_income": 170579000,
      "opex": 142040000,
      "cogs": 500253000,
      "rd": 36745000,
      "sga": 46328000,
      "fcf": -472373000,
      "ocf": -89678000,
      "capex": -382695000,
      "gross_margin": 0.38291641636023405,
      "op_margin": 0.20787049772226285,
      "fcf_margin": -0.5826924049524285,
      "incr_op_margin_yoy": 0.1248590012544935,
      "rev_growth_yoy": 0.30552616534209404,
      "rev_growth_yoy_accel": -0.18827832463175076,
      "op_leverage_ratio": 0.9373401435023813,
      "fcf_margin_change": 0.1569927228823147
    },
    {
      "date": "2023-09-30T00:00:00",
      "quarter_label": "2023-09 (Q3)",
      "revenue": 801090000,
      "gross_profit": 376175000,
      "operating_income": 272965000,
      "net_income": 268398000,
      "opex": 103421000,
      "cogs": 424915000,
      "rd": 41190000,
      "sga": 50172000,
      "fcf": -120780000,
      "ocf": 165427000,
      "capex": -286207000,
      "gross_margin": 0.4695789486824202,
      "op_margin": 0.3407419890399331,
      "fcf_margin": -0.15076957645208403,
      "incr_op_margin_yoy": 1.982597280389412,
      "rev_growth_yoy": 0.27372868016147983,
      "rev_growth_yoy_accel": -0.031797485180614204,
      "fcf_margin_change": 0.43192282850034447
    },
    {
      "date": "2023-12-31T00:00:00",
      "quarter_label": "2023-12 (Q4)",
      "revenue": 1158553000,
      "gross_profit": 502033000,
      "operating_income": 397784000,
      "net_income": 349239000,
      "opex": 110803000,
      "cogs": 656520000,
      "rd": 43862000,
      "sga": 57094000,
      "fcf": 214197000,
      "ocf": 561109000,
      "capex": -346912000,
      "gross_margin": 0.43332760780042,
      "op_margin": 0.3433455353358888,
      "fcf_margin": 0.18488321207575312,
      "incr_op_margin_yoy": 2.8412161729486045,
      "rev_growth_yoy": 0.15578950728807422,
      "rev_growth_yoy_accel": -0.1179391728734056,
      "op_leverage_ratio": 6.251503479820855,
      "fcf_margin_change": 0.33565278852783714
    },
    {
      "date": "2024-03-31T00:00:00",
      "quarter_label": "2024-03 (Q1)",
      "revenue": 794108000,
      "gross_profit": 346003000,
      "operating_income": 243141000,
      "net_income": 236616000,
      "opex": 103977000,
      "cogs": 448105000,
      "rd": 42742000,
      "sga": 45827000,
      "fcf": -145733000,
      "ocf": 267723000,
      "capex": -413456000,
      "gross_margin": 0.43571277458481716,
      "op_margin": 0.30618127509104553,
      "fcf_margin": -0.18351785903176898,
      "incr_op_margin_yoy": 0.9158618838021008,
      "rev_growth_yoy": 0.4483463010180818,
      "rev_growth_yoy_accel": 0.2925567937300076,
      "fcf_margin_change": -0.36840107110752207
    },
    {
      "date": "2024-06-30T00:00:00",
      "quarter_label": "2024-06 (Q2)",
      "revenue": 1010482000,
      "gross_profit": 498889000,
      "operating_income": 372511000,
      "net_income": 349356000,
      "opex": 126378000,
      "cogs": 511593000,
      "rd": 51937000,
      "sga": 46560000,
      "fcf": -172148000,
      "ocf": 193014000,
      "capex": -365162000,
      "gross_margin": 0.4937138909945947,
      "op_margin": 0.36864684378346174,
      "fcf_margin": -0.17036226276173153,
      "incr_op_margin_yoy": 1.0209550120364947,
      "rev_growth_yoy": 0.2464729921929064,
      "rev_growth_yoy_accel": -0.20187330882517543,
      "op_leverage_ratio": 1.2647228912050146,
      "fcf_margin_change": 0.013155596270037456
    },
    {
      "date": "2024-09-30T00:00:00",
      "quarter_label": "2024-09 (Q3)",
      "revenue": 887668000,
      "gross_profit": 445311000,
      "operating_income": 321999000,
      "net_income": 312956000,
      "opex": 123312000,
      "cogs": 442357000,
      "rd": 50197000,
      "sga": 46293000,
      "fcf": -487653000,
      "ocf": -53734000,
      "capex": -433919000,
      "gross_margin": 0.5016639103809082,
      "op_margin": 0.3627471081530482,
      "fcf_margin": -0.5493641766966929,
      "incr_op_margin_yoy": 0.5663563491880155,
      "rev_growth_yoy": 0.10807524747531488,
      "rev_growth_yoy_accel": -0.1383977447175915,
      "fcf_margin_change": -0.3790019139349614
    },
    {
      "date": "2024-12-31T00:00:00",
      "quarter_label": "2024-12 (Q4)",
      "revenue": 1514031000,
      "gross_profit": 567661000,
      "operating_income": 456769000,
      "net_income": 393116000,
      "opex": 110892000,
      "cogs": 946370000,
      "rd": 46499000,
      "sga": 49582000,
      "fcf": 497457000,
      "ocf": 810996000,
      "capex": -313539000,
      "gross_margin": 0.3749335383489506,
      "op_margin": 0.30169065230500564,
      "fcf_margin": 0.32856460666921616,
      "incr_op_margin_yoy": 0.16593150630981382,
      "rev_growth_yoy": 0.30682929481862287,
      "rev_growth_yoy_accel": 0.19875404734330798,
      "op_leverage_ratio": Infinity,
      "fcf_margin_change": 0.8779287833659091
    },
    {
      "date": "2025-03-31T00:00:00",
      "quarter_label": "2025-03 (Q1)",
      "revenue": 844568000,
      "gross_profit": 344403000,
      "operating_income": 221244000,
      "net_income": 209535000,
      "opex": 123159000,
      "cogs": 500165000,
      "rd": 52389000,
      "sga": 53164000,
      "fcf": -813948000,
      "ocf": -607982000,
      "capex": -205966000,
      "gross_margin": 0.4077859923653276,
      "op_margin": 0.2619611446325222,
      "fcf_margin": -0.9637447783955821,
      "incr_op_margin_yoy": -0.43394768133174794,
      "rev_growth_yoy": 0.06354299415192896,
      "rev_growth_yoy_accel": -0.2432863006666939,
      "fcf_margin_change": -1.2923093850647982
    },
    {
      "date": "2025-06-30T00:00:00",
      "quarter_label": "2025-06 (Q2)",
      "revenue": 1097170000,
      "gross_profit": 499850000,
      "operating_income": 361607000,
      "net_income": 341868000,
      "opex": 138243000,
      "cogs": 597320000,
      "rd": 54487000,
      "sga": 52590000,
      "fcf": -138557000,
      "ocf": 149577000,
      "capex": -288134000,
      "gross_margin": 0.45558117702817247,
      "op_margin": 0.3295815598312021,
      "fcf_margin": -0.126285808033395,
      "incr_op_margin_yoy": -0.1257844222960502,
      "rev_growth_yoy": 0.08578876219467542,
      "rev_growth_yoy_accel": 0.022245768042746458,
      "op_leverage_ratio": 2.4420344860118077,
      "fcf_margin_change": 0.8374589703621871
    },
    {
      "date": "2025-09-30T00:00:00",
      "quarter_label": "2025-09 (Q3)",
      "revenue": 1594856000,
      "gross_profit": 610745000,
      "operating_income": 466095000,
      "net_income": 455943000,
      "opex": 144650000,
      "cogs": 984111000,
      "rd": 60592000,
      "sga": 47324000,
      "fcf": 1069569000,
      "ocf": 1273617000,
      "capex": -204048000,
      "gross_margin": 0.3829467989586521,
      "op_margin": 0.29224895539158396,
      "fcf_margin": 0.6706367220614274,
      "incr_op_margin_yoy": 0.20375911355961923,
      "rev_growth_yoy": 0.7966807409977604,
      "rev_growth_yoy_accel": 0.710891978803085,
      "op_leverage_ratio": 9.787458324378242,
      "fcf_margin_change": 0.7969225300948224
    }
  ],
  "signals": [
    {
      "quarter": "2025-09 (Q3)",
      "signal": "FCF TURNED POSITIVE",
      "detail": "FCF margin: -12.6% -> +67.1%",
      "severity": "HIGH"
    },
    {
      "quarter": "2025-09 (Q3)",
      "signal": "OPERATING LEVERAGE",
      "detail": "Rev growth +45.4% vs OpEx growth +4.6% (leverage: 9.8x)",
      "severity": "MEDIUM"
    },
    {
      "quarter": "2025-09 (Q3)",
      "signal": "YoY REVENUE GROWTH ACCELERATION",
      "detail": "YoY growth: +79.7% vs prior quarter YoY: +8.6% (accel: +71.1%)",
      "severity": "HIGH"
    },
    {
      "quarter": "2025-06 (Q2)",
      "signal": "FCF MARGIN EXPANSION",
      "detail": "FCF margin: -96.4% -> -12.6% (+83.7%)",
      "severity": "MEDIUM"
    },
    {
      "quarter": "2025-06 (Q2)",
      "signal": "OPERATING LEVERAGE",
      "detail": "Rev growth +29.9% vs OpEx growth +12.2% (leverage: 2.4x)",
      "severity": "MEDIUM"
    },
    {
      "quarter": "2025-03 (Q1)",
      "signal": "GROSS MARGIN INFLECTION",
      "detail": "GM: +50.2% -> +37.5% -> +40.8% (reversal +3.3%)",
      "severity": "MEDIUM"
    },
    {
      "quarter": "2025-03 (Q1)",
      "signal": "YoY REVENUE GROWTH DECELERATION",
      "detail": "YoY growth: +6.4% vs prior quarter YoY: +30.7% (decel: -24.3%)",
      "severity": "WARNING"
    },
    {
      "quarter": "2024-12 (Q4)",
      "signal": "FCF TURNED POSITIVE",
      "detail": "FCF margin: -54.9% -> +32.9%",
      "severity": "HIGH"
    },
    {
      "quarter": "2024-12 (Q4)",
      "signal": "YoY REVENUE GROWTH ACCELERATION",
      "detail": "YoY growth: +30.7% vs prior quarter YoY: +10.8% (accel: +19.9%)",
      "severity": "HIGH"
    },
    {
      "quarter": "2024-09 (Q3)",
      "signal": "YoY REVENUE GROWTH DECELERATION",
      "detail": "YoY growth: +10.8% vs prior quarter YoY: +24.6% (decel: -13.8%)",
      "severity": "WARNING"
    },
    {
      "quarter": "2024-09 (Q3)",
      "signal": "INCREMENTAL MARGIN (YoY)",
      "detail": "YoY Incr OPM: +56.6% vs year-ago OPM: +34.1%",
      "severity": "HIGH"
    },
    {
      "quarter": "2024-06 (Q2)",
      "signal": "YoY REVENUE GROWTH DECELERATION",
      "detail": "YoY growth: +24.6% vs prior quarter YoY: +44.8% (decel: -20.2%)",
      "severity": "WARNING"
    },
    {
      "quarter": "2024-06 (Q2)",
      "signal": "INCREMENTAL MARGIN (YoY)",
      "detail": "YoY Incr OPM: +102.1% vs year-ago OPM: +20.8%",
      "severity": "HIGH"
    },
    {
      "quarter": "2024-03 (Q1)",
      "signal": "YoY REVENUE GROWTH ACCELERATION",
      "detail": "YoY growth: +44.8% vs prior quarter YoY: +15.6% (accel: +29.3%)",
      "severity": "HIGH"
    },
    {
      "quarter": "2024-03 (Q1)",
      "signal": "INCREMENTAL MARGIN (YoY)",
      "detail": "YoY Incr OPM: +91.6% vs year-ago OPM: +3.3%",
      "severity": "HIGH"
    },
    {
      "quarter": "2023-12 (Q4)",
      "signal": "FCF TURNED POSITIVE",
      "detail": "FCF margin: -15.1% -> +18.5%",
      "severity": "HIGH"
    },
    {
      "quarter": "2023-12 (Q4)",
      "signal": "OPERATING LEVERAGE",
      "detail": "Rev growth +44.6% vs OpEx growth +7.1% (leverage: 6.3x)",
      "severity": "MEDIUM"
    },
    {
      "quarter": "2023-12 (Q4)",
      "signal": "YoY REVENUE GROWTH DECELERATION",
      "detail": "YoY growth: +15.6% vs prior quarter YoY: +27.4% (decel: -11.8%)",
      "severity": "WARNING"
    },
    {
      "quarter": "2023-12 (Q4)",
      "signal": "OP MARGIN TURNED POSITIVE (YoY)",
      "detail": "Op margin: -4.6% (year-ago) -> +34.3%",
      "severity": "HIGH"
    },
    {
      "quarter": "2023-09 (Q3)",
      "signal": "FCF MARGIN EXPANSION",
      "detail": "FCF margin: -58.3% -> -15.1% (+43.2%)",
      "severity": "MEDIUM"
    },
    {
      "quarter": "2023-09 (Q3)",
      "signal": "OP MARGIN TURNED POSITIVE (YoY)",
      "detail": "Op margin: -10.9% (year-ago) -> +34.1%",
      "severity": "HIGH"
    },
    {
      "quarter": "2023-06 (Q2)",
      "signal": "FCF MARGIN EXPANSION",
      "detail": "FCF margin: -74.0% -> -58.3% (+15.7%)",
      "severity": "MEDIUM"
    },
    {
      "quarter": "2023-06 (Q2)",
      "signal": "YoY REVENUE GROWTH DECELERATION",
      "detail": "YoY growth: +30.6% vs prior quarter YoY: +49.4% (decel: -18.8%)",
      "severity": "WARNING"
    },
    {
      "quarter": "2023-03 (Q1)",
      "signal": "YoY REVENUE GROWTH ACCELERATION",
      "detail": "YoY growth: +49.4% vs prior quarter YoY: +10.5% (accel: +38.9%)",
      "severity": "HIGH"
    },
    {
      "quarter": "2023-03 (Q1)",
      "signal": "OP MARGIN TURNED POSITIVE (YoY)",
      "detail": "Op margin: -15.7% (year-ago) -> +3.3%",
      "severity": "HIGH"
    },
    {
      "quarter": "2023-03 (Q1)",
      "signal": "OP MARGIN TURNED POSITIVE (QoQ)",
      "detail": "Op margin: -4.6% -> +3.3%",
      "severity": "HIGH"
    },
    {
      "quarter": "2022-12 (Q4)",
      "signal": "FCF TURNED POSITIVE",
      "detail": "FCF margin: -15.0% -> +46.7%",
      "severity": "HIGH"
    },
    {
      "quarter": "2022-12 (Q4)",
      "signal": "OPERATING LEVERAGE",
      "detail": "Rev growth +59.4% vs OpEx growth +12.0% (leverage: 4.9x)",
      "severity": "MEDIUM"
    },
    {
      "quarter": "2022-09 (Q3)",
      "signal": "GROSS MARGIN INFLECTION",
      "detail": "GM: +3.1% -> -3.7% -> +3.3% (reversal +7.1%)",
      "severity": "HIGH"
    },
    {
      "quarter": "2022-09 (Q3)",
      "signal": "YoY REVENUE GROWTH ACCELERATION",
      "detail": "YoY growth: +7.8% vs prior quarter YoY: -1.3% (accel: +9.1%)",
      "severity": "MEDIUM"
    },
    {
      "quarter": "2022-06 (Q2)",
      "signal": "FCF MARGIN EXPANSION",
      "detail": "FCF margin: -80.0% -> -17.8% (+62.2%)",
      "severity": "MEDIUM"
    },
    {
      "quarter": "2022-06 (Q2)",
      "signal": "OPERATING LEVERAGE",
      "detail": "Rev growth +69.2% vs OpEx growth +8.7% (leverage: 8.0x)",
      "severity": "MEDIUM"
    },
    {
      "quarter": "2022-06 (Q2)",
      "signal": "YoY REVENUE GROWTH ACCELERATION",
      "detail": "YoY growth: -1.3% vs prior quarter YoY: -54.3% (accel: +53.0%)",
      "severity": "HIGH"
    },
    {
      "quarter": "2022-06 (Q2)",
      "signal": "OP MARGIN TURNED POSITIVE (QoQ)",
      "detail": "Op margin: -15.7% -> +23.3%",
      "severity": "HIGH"
    },
    {
      "quarter": "2022-03 (Q1)",
      "signal": "YoY REVENUE GROWTH DECELERATION",
      "detail": "YoY growth: -54.3% vs prior quarter YoY: +48.9% (decel: -103.2%)",
      "severity": "WARNING"
    },
    {
      "quarter": "2021-12 (Q4)",
      "signal": "OPERATING LEVERAGE",
      "detail": "Rev growth +55.5% vs OpEx growth +2.1% (leverage: 26.9x)",
      "severity": "MEDIUM"
    },
    {
      "quarter": "2021-12 (Q4)",
      "signal": "GROSS MARGIN INFLECTION",
      "detail": "GM: +27.7% -> +21.4% -> +27.2% (reversal +5.8%)",
      "severity": "HIGH"
    },
    {
      "quarter": "2021-12 (Q4)",
      "signal": "INCREMENTAL MARGIN (YoY)",
      "detail": "YoY Incr OPM: +38.7% vs year-ago OPM: +9.5%",
      "severity": "HIGH"
    },
    {
      "quarter": "2021-09 (Q3)",
      "signal": "FCF MARGIN EXPANSION",
      "detail": "FCF margin: +13.8% -> +24.1% (+10.3%)",
      "severity": "MEDIUM"
    },
    {
      "quarter": "2021-06 (Q2)",
      "signal": "FCF TURNED POSITIVE",
      "detail": "FCF margin: -46.0% -> +13.8%",
      "severity": "HIGH"
    },
    {
      "quarter": "2021-06 (Q2)",
      "signal": "GROSS MARGIN INFLECTION",
      "detail": "GM: +26.2% -> +23.0% -> +27.7% (reversal +4.7%)",
      "severity": "MEDIUM"
    }
  ],
  "data_quality": {
    "n_quarters": 20,
    "coverage": {
      "revenue": [
        20,
        20
      ],
      "gross_profit": [
        20,
        20
      ],
      "op_income": [
        20,
        20
      ],
      "fcf": [
        20,
        20
      ]
    },
    "gaps": [],
    "warnings": []
  },
  "market_cap": null,
  "source": "SEC EDGAR",
  "last_updated": "2026-02-02T20:13:02.140767",
  "sector": "Technology",
  "industry": "Solar"
}