{
  "ticker": "FSLY",
  "name": "FASTLY, INC.",
  "quarters": [
    {
      "date": "2020-12-31T00:00:00",
      "quarter_label": "2020-12 (Q4)",
      "revenue": 82649000,
      "gross_profit": 48896000,
      "operating_income": -57344000,
      "net_income": -45704000,
      "opex": 106240000,
      "cogs": 33753000,
      "rd": 25590000,
      "sga": null,
      "fcf": -37116000,
      "ocf": -31149000,
      "capex": -5967000,
      "gross_margin": 0.5916103038149282,
      "op_margin": -0.6938256966206487,
      "fcf_margin": -0.4490798436762695
    },
    {
      "date": "2021-03-31T00:00:00",
      "quarter_label": "2021-03 (Q1)",
      "revenue": 84852000,
      "gross_profit": 47358000,
      "operating_income": -49963000,
      "net_income": -50683000,
      "opex": 97321000,
      "cogs": 37494000,
      "rd": 28988000,
      "sga": null,
      "fcf": -18948000,
      "ocf": -10869000,
      "capex": -8079000,
      "gross_margin": 0.5581247348324141,
      "op_margin": -0.5888252486682695,
      "fcf_margin": -0.22330646301796067,
      "op_leverage_ratio": Infinity,
      "fcf_margin_change": 0.22577338065830885
    },
    {
      "date": "2021-06-30T00:00:00",
      "quarter_label": "2021-06 (Q2)",
      "revenue": 85026000,
      "gross_profit": 44706000,
      "operating_income": -57468000,
      "net_income": -58295000,
      "opex": 102174000,
      "cogs": 40320000,
      "rd": 30346000,
      "sga": null,
      "fcf": -19948000,
      "ocf": -17014000,
      "capex": -2934000,
      "gross_margin": 0.5257921106485075,
      "op_margin": -0.675887375626279,
      "fcf_margin": -0.23461058970197352,
      "fcf_margin_change": -0.011304126684012844
    },
    {
      "date": "2021-09-30T00:00:00",
      "quarter_label": "2021-09 (Q3)",
      "revenue": 86735000,
      "gross_profit": 45491000,
      "operating_income": -54934000,
      "net_income": -56198000,
      "opex": 100425000,
      "cogs": 41244000,
      "rd": 32528000,
      "sga": null,
      "fcf": -22945000,
      "ocf": -2691000,
      "capex": -20254000,
      "gross_margin": 0.5244826194731077,
      "op_margin": -0.6333544705136335,
      "fcf_margin": -0.26454141926557906,
      "op_leverage_ratio": Infinity,
      "fcf_margin_change": -0.029930829563605543
    },
    {
      "date": "2021-12-31T00:00:00",
      "quarter_label": "2021-12 (Q4)",
      "revenue": 97717000,
      "gross_profit": 49773000,
      "operating_income": -56656000,
      "net_income": -57521000,
      "opex": 106429000,
      "cogs": 47944000,
      "rd": 34997000,
      "sga": null,
      "fcf": -11457000,
      "ocf": -7908000,
      "capex": -3549000,
      "gross_margin": 0.5093586581659282,
      "op_margin": -0.5797967600315196,
      "fcf_margin": -0.11724674314602372,
      "incr_op_margin_yoy": 0.045659676134855325,
      "rev_growth_yoy": 0.18231315563406697,
      "op_leverage_ratio": 2.117815943077014,
      "fcf_margin_change": 0.14729467611955532
    },
    {
      "date": "2022-03-31T00:00:00",
      "quarter_label": "2022-03 (Q1)",
      "revenue": 102382000,
      "gross_profit": 48467000,
      "operating_income": -63004000,
      "net_income": -64264000,
      "opex": 111471000,
      "cogs": 53915000,
      "rd": 40437000,
      "sga": null,
      "fcf": -15577000,
      "ocf": -13190000,
      "capex": -2387000,
      "gross_margin": 0.47339376062198435,
      "op_margin": -0.6153816100486413,
      "fcf_margin": -0.15214588501885096,
      "incr_op_margin_yoy": -0.7439247005134056,
      "rev_growth_yoy": 0.2065950124923396,
      "rev_growth_yoy_accel": 0.024281856858272638,
      "op_leverage_ratio": 1.007717180859003,
      "fcf_margin_change": -0.034899141872827236
    },
    {
      "date": "2022-06-30T00:00:00",
      "quarter_label": "2022-06 (Q2)",
      "revenue": 102518000,
      "gross_profit": 46052000,
      "operating_income": -68968000,
      "net_income": -16437000,
      "opex": 115020000,
      "cogs": 56466000,
      "rd": 38717000,
      "sga": null,
      "fcf": -23108000,
      "ocf": -16680000,
      "capex": -6428000,
      "gross_margin": 0.4492089194092745,
      "op_margin": -0.6727403968083654,
      "fcf_margin": -0.22540431924149906,
      "incr_op_margin_yoy": -0.6574434026983764,
      "rev_growth_yoy": 0.2057253075529838,
      "rev_growth_yoy_accel": -0.0008697049393558143,
      "fcf_margin_change": -0.0732584342226481
    },
    {
      "date": "2022-09-30T00:00:00",
      "quarter_label": "2022-09 (Q3)",
      "revenue": 108504000,
      "gross_profit": 52679000,
      "operating_income": -65765000,
      "net_income": -63420000,
      "opex": 118444000,
      "cogs": 55825000,
      "rd": 38957000,
      "sga": null,
      "fcf": -30265000,
      "ocf": -27634000,
      "capex": -2631000,
      "gross_margin": 0.4855028386050284,
      "op_margin": -0.6061066873110669,
      "fcf_margin": -0.2789298090392981,
      "incr_op_margin_yoy": -0.4975423767743121,
      "rev_growth_yoy": 0.2509828788839569,
      "rev_growth_yoy_accel": 0.04525757133097308,
      "op_leverage_ratio": 1.9614452707005816,
      "fcf_margin_change": -0.05352548979779903
    },
    {
      "date": "2022-12-31T00:00:00",
      "quarter_label": "2022-12 (Q4)",
      "revenue": 119321000,
      "gross_profit": 62583000,
      "operating_income": -48462000,
      "net_income": -46653000,
      "opex": 111045000,
      "cogs": 56738000,
      "rd": 37197000,
      "sga": null,
      "fcf": -20657000,
      "ocf": -12128000,
      "capex": -8529000,
      "gross_margin": 0.5244927548377905,
      "op_margin": -0.4061481214538933,
      "fcf_margin": -0.1731212443744186,
      "incr_op_margin_yoy": 0.3792816145158304,
      "rev_growth_yoy": 0.22108742593407493,
      "rev_growth_yoy_accel": -0.02989545294988194,
      "op_leverage_ratio": Infinity,
      "fcf_margin_change": 0.1058085646648795
    },
    {
      "date": "2023-03-31T00:00:00",
      "quarter_label": "2023-03 (Q1)",
      "revenue": 117564000,
      "gross_profit": 60254000,
      "operating_income": -47275000,
      "net_income": -44687000,
      "opex": 107529000,
      "cogs": 57310000,
      "rd": 37431000,
      "sga": null,
      "fcf": -12355000,
      "ocf": -8861000,
      "capex": -3494000,
      "gross_margin": 0.5125208397128372,
      "op_margin": -0.402121397706781,
      "fcf_margin": -0.10509169473648396,
      "incr_op_margin_yoy": 1.036029508628639,
      "rev_growth_yoy": 0.14828778496220038,
      "rev_growth_yoy_accel": -0.07279964097187455,
      "fcf_margin_change": 0.06802954963793463
    },
    {
      "date": "2023-06-30T00:00:00",
      "quarter_label": "2023-06 (Q2)",
      "revenue": 122831000,
      "gross_profit": 64214000,
      "operating_income": -49827000,
      "net_income": -10704000,
      "opex": 114041000,
      "cogs": 58617000,
      "rd": 37421000,
      "sga": null,
      "fcf": 20526000,
      "ocf": 24990000,
      "capex": -4464000,
      "gross_margin": 0.5227833364541524,
      "op_margin": -0.40565492424550803,
      "fcf_margin": 0.16710765197710675,
      "incr_op_margin_yoy": 0.9423029586964013,
      "rev_growth_yoy": 0.19814081429602606,
      "rev_growth_yoy_accel": 0.04985302933382568,
      "op_leverage_ratio": 0.7397759005665125,
      "fcf_margin_change": 0.2721993467135907
    },
    {
      "date": "2023-09-30T00:00:00",
      "quarter_label": "2023-09 (Q3)",
      "revenue": 127816000,
      "gross_profit": 66086000,
      "operating_income": -58342000,
      "net_income": -54311000,
      "opex": 124428000,
      "cogs": 61730000,
      "rd": 39068000,
      "sga": null,
      "fcf": -8715000,
      "ocf": -8390000,
      "capex": -325000,
      "gross_margin": 0.5170401201727484,
      "op_margin": -0.45645302622519873,
      "fcf_margin": -0.06818395193090067,
      "incr_op_margin_yoy": 0.38437241093620544,
      "rev_growth_yoy": 0.17798422177984222,
      "rev_growth_yoy_accel": -0.020156592516183847,
      "op_leverage_ratio": 0.4455824328090698,
      "fcf_margin_change": -0.2352916039080074
    },
    {
      "date": "2023-12-31T00:00:00",
      "quarter_label": "2023-12 (Q4)",
      "revenue": 137777000,
      "gross_profit": 75774000,
      "operating_income": -42584000,
      "net_income": -23386000,
      "opex": 118358000,
      "cogs": 62003000,
      "rd": 38270000,
      "sga": null,
      "fcf": -10070000,
      "ocf": -7377000,
      "capex": -2693000,
      "gross_margin": 0.5499756853466108,
      "op_margin": -0.30907916415657183,
      "fcf_margin": -0.07308912227730317,
      "incr_op_margin_yoy": 0.31848721283051584,
      "rev_growth_yoy": 0.15467520386185166,
      "rev_growth_yoy_accel": -0.02330901791799056,
      "op_leverage_ratio": Infinity,
      "fcf_margin_change": -0.004905170346402504
    },
    {
      "date": "2024-03-31T00:00:00",
      "quarter_label": "2024-03 (Q1)",
      "revenue": 133520000,
      "gross_profit": 73234000,
      "operating_income": -46260000,
      "net_income": -43427000,
      "opex": 119494000,
      "cogs": 60286000,
      "rd": 38248000,
      "sga": null,
      "fcf": 9529000,
      "ocf": 11132000,
      "capex": -1603000,
      "gross_margin": 0.5484871180347514,
      "op_margin": -0.34646494907130015,
      "fcf_margin": 0.07136758538046735,
      "incr_op_margin_yoy": 0.06361243419403359,
      "rev_growth_yoy": 0.1357218196046409,
      "rev_growth_yoy_accel": -0.01895338425721077,
      "fcf_margin_change": 0.14445670765777052
    },
    {
      "date": "2024-06-30T00:00:00",
      "quarter_label": "2024-06 (Q2)",
      "revenue": 132371000,
      "gross_profit": 72901000,
      "operating_income": -46734000,
      "net_income": -43729000,
      "opex": 119635000,
      "cogs": 59470000,
      "rd": 35106000,
      "sga": null,
      "fcf": -6710000,
      "ocf": -4948000,
      "capex": -1762000,
      "gross_margin": 0.5507324111776749,
      "op_margin": -0.3530531611908953,
      "fcf_margin": -0.050690861291370466,
      "incr_op_margin_yoy": 0.3242138364779874,
      "rev_growth_yoy": 0.0776676897525869,
      "rev_growth_yoy_accel": -0.05805412985205399,
      "fcf_margin_change": -0.12205844667183782
    },
    {
      "date": "2024-09-30T00:00:00",
      "quarter_label": "2024-09 (Q3)",
      "revenue": 137206000,
      "gross_profit": 74740000,
      "operating_income": -40590000,
      "net_income": -38016000,
      "opex": 115330000,
      "cogs": 62466000,
      "rd": 31884000,
      "sga": null,
      "fcf": 3006000,
      "ocf": 5002000,
      "capex": -1996000,
      "gross_margin": 0.5447283646487763,
      "op_margin": -0.2958325437663076,
      "fcf_margin": 0.02190866288646269,
      "incr_op_margin_yoy": 1.8905218317358892,
      "rev_growth_yoy": 0.07346498091005821,
      "rev_growth_yoy_accel": -0.004202708842528685,
      "op_leverage_ratio": Infinity,
      "fcf_margin_change": 0.07259952417783316
    },
    {
      "date": "2024-12-31T00:00:00",
      "quarter_label": "2024-12 (Q4)",
      "revenue": 140579000,
      "gross_profit": 75063000,
      "operating_income": -34331000,
      "net_income": -32886000,
      "opex": 109394000,
      "cogs": 65516000,
      "rd": 32742000,
      "sga": null,
      "fcf": 251000,
      "ocf": 5220000,
      "capex": -4969000,
      "gross_margin": 0.5339559962725585,
      "op_margin": -0.2442114398309847,
      "fcf_margin": 0.0017854729369251453,
      "incr_op_margin_yoy": 2.945396145610278,
      "rev_growth_yoy": 0.02033721158103312,
      "rev_growth_yoy_accel": -0.05312776932902509,
      "op_leverage_ratio": Infinity,
      "fcf_margin_change": -0.020123189949537545
    },
    {
      "date": "2025-03-31T00:00:00",
      "quarter_label": "2025-03 (Q1)",
      "revenue": 144474000,
      "gross_profit": 76798000,
      "operating_income": -38179000,
      "net_income": -39148000,
      "opex": 114977000,
      "cogs": 67676000,
      "rd": 37429000,
      "sga": null,
      "fcf": 14683000,
      "ocf": 17288000,
      "capex": -2605000,
      "gross_margin": 0.5315696942010327,
      "op_margin": -0.2642620817586555,
      "fcf_margin": 0.10163074324792004,
      "incr_op_margin_yoy": 0.7377213803176922,
      "rev_growth_yoy": 0.08204014379868184,
      "rev_growth_yoy_accel": 0.06170293221764872,
      "op_leverage_ratio": 0.5428913063985852,
      "fcf_margin_change": 0.0998452703109949
    },
    {
      "date": "2025-06-30T00:00:00",
      "quarter_label": "2025-06 (Q2)",
      "revenue": 148709000,
      "gross_profit": 81116000,
      "operating_income": -36943000,
      "net_income": -37541000,
      "opex": 118059000,
      "cogs": 67593000,
      "rd": 42221000,
      "sga": null,
      "fcf": 15946000,
      "ocf": 25798000,
      "capex": -9852000,
      "gross_margin": 0.5454679945396714,
      "op_margin": -0.2484247759046191,
      "fcf_margin": 0.10722955570947286,
      "incr_op_margin_yoy": 0.5992777573754438,
      "rev_growth_yoy": 0.12342582589842185,
      "rev_growth_yoy_accel": 0.041385682099740015,
      "op_leverage_ratio": 1.0935585889647241,
      "fcf_margin_change": 0.005598812461552818
    },
    {
      "date": "2025-09-30T00:00:00",
      "quarter_label": "2025-09 (Q3)",
      "revenue": 158223000,
      "gross_profit": 92329000,
      "operating_income": -28788000,
      "net_income": -29483000,
      "opex": 121117000,
      "cogs": 65894000,
      "rd": 41421000,
      "sga": null,
      "fcf": 22878000,
      "ocf": 28924000,
      "capex": -6046000,
      "gross_margin": 0.5835371595785694,
      "op_margin": -0.1819457348173148,
      "fcf_margin": 0.14459339034148005,
      "incr_op_margin_yoy": 0.56154541561593,
      "rev_growth_yoy": 0.15317843243006865,
      "rev_growth_yoy_accel": 0.029752606531646797,
      "op_leverage_ratio": 2.469946310662845,
      "fcf_margin_change": 0.037363834632007195
    }
  ],
  "signals": [
    {
      "quarter": "2025-09 (Q3)",
      "signal": "OPERATING LEVERAGE",
      "detail": "Rev growth +6.4% vs OpEx growth +2.6% (leverage: 2.5x)",
      "severity": "MEDIUM"
    },
    {
      "quarter": "2025-03 (Q1)",
      "signal": "FCF MARGIN EXPANSION",
      "detail": "FCF margin: +0.2% -> +10.2% (+10.0%)",
      "severity": "MEDIUM"
    },
    {
      "quarter": "2025-03 (Q1)",
      "signal": "YoY REVENUE GROWTH ACCELERATION",
      "detail": "YoY growth: +8.2% vs prior quarter YoY: +2.0% (accel: +6.2%)",
      "severity": "MEDIUM"
    },
    {
      "quarter": "2024-12 (Q4)",
      "signal": "YoY REVENUE GROWTH DECELERATION",
      "detail": "YoY growth: +2.0% vs prior quarter YoY: +7.3% (decel: -5.3%)",
      "severity": "WARNING"
    },
    {
      "quarter": "2024-09 (Q3)",
      "signal": "FCF TURNED POSITIVE",
      "detail": "FCF margin: -5.1% -> +2.2%",
      "severity": "HIGH"
    },
    {
      "quarter": "2024-06 (Q2)",
      "signal": "YoY REVENUE GROWTH DECELERATION",
      "detail": "YoY growth: +7.8% vs prior quarter YoY: +13.6% (decel: -5.8%)",
      "severity": "WARNING"
    },
    {
      "quarter": "2024-03 (Q1)",
      "signal": "FCF TURNED POSITIVE",
      "detail": "FCF margin: -7.3% -> +7.1%",
      "severity": "HIGH"
    },
    {
      "quarter": "2023-12 (Q4)",
      "signal": "GROSS MARGIN INFLECTION",
      "detail": "GM: +52.3% -> +51.7% -> +55.0% (reversal +3.3%)",
      "severity": "MEDIUM"
    },
    {
      "quarter": "2023-06 (Q2)",
      "signal": "FCF TURNED POSITIVE",
      "detail": "FCF margin: -10.5% -> +16.7%",
      "severity": "HIGH"
    },
    {
      "quarter": "2023-03 (Q1)",
      "signal": "FCF MARGIN EXPANSION",
      "detail": "FCF margin: -17.3% -> -10.5% (+6.8%)",
      "severity": "MEDIUM"
    },
    {
      "quarter": "2023-03 (Q1)",
      "signal": "YoY REVENUE GROWTH DECELERATION",
      "detail": "YoY growth: +14.8% vs prior quarter YoY: +22.1% (decel: -7.3%)",
      "severity": "WARNING"
    },
    {
      "quarter": "2022-12 (Q4)",
      "signal": "FCF MARGIN EXPANSION",
      "detail": "FCF margin: -27.9% -> -17.3% (+10.6%)",
      "severity": "MEDIUM"
    },
    {
      "quarter": "2022-09 (Q3)",
      "signal": "OPERATING LEVERAGE",
      "detail": "Rev growth +5.8% vs OpEx growth +3.0% (leverage: 2.0x)",
      "severity": "MEDIUM"
    },
    {
      "quarter": "2022-09 (Q3)",
      "signal": "GROSS MARGIN INFLECTION",
      "detail": "GM: +47.3% -> +44.9% -> +48.6% (reversal +3.6%)",
      "severity": "MEDIUM"
    },
    {
      "quarter": "2021-12 (Q4)",
      "signal": "FCF MARGIN EXPANSION",
      "detail": "FCF margin: -26.5% -> -11.7% (+14.7%)",
      "severity": "MEDIUM"
    },
    {
      "quarter": "2021-12 (Q4)",
      "signal": "OPERATING LEVERAGE",
      "detail": "Rev growth +12.7% vs OpEx growth +6.0% (leverage: 2.1x)",
      "severity": "MEDIUM"
    },
    {
      "quarter": "2021-03 (Q1)",
      "signal": "FCF MARGIN EXPANSION",
      "detail": "FCF margin: -44.9% -> -22.3% (+22.6%)",
      "severity": "MEDIUM"
    }
  ],
  "data_quality": {
    "n_quarters": 20,
    "coverage": {
      "revenue": [
        20,
        20
      ],
      "gross_profit": [
        20,
        20
      ],
      "op_income": [
        20,
        20
      ],
      "fcf": [
        20,
        20
      ]
    },
    "gaps": [],
    "warnings": []
  },
  "market_cap": null,
  "source": "SEC EDGAR",
  "last_updated": "2026-02-02T21:47:22.859504"
}