{
  "ticker": "FSS",
  "name": "Federal Signal Corporation",
  "quarters": [
    {
      "date": "2020-12-31T00:00:00",
      "quarter_label": "2020-12 (Q4)",
      "revenue": 294800000,
      "gross_profit": 75900000,
      "operating_income": 33800000,
      "net_income": 26100000,
      "opex": 42100000,
      "cogs": 218900000,
      "rd": null,
      "sga": 40800000,
      "fcf": 51200000,
      "ocf": 56600000,
      "capex": -5400000,
      "gross_margin": 0.2574626865671642,
      "op_margin": 0.11465400271370421,
      "fcf_margin": 0.17367706919945725
    },
    {
      "date": "2021-03-31T00:00:00",
      "quarter_label": "2021-03 (Q1)",
      "revenue": 278800000,
      "gross_profit": 68800000,
      "operating_income": 27800000,
      "net_income": 22200000,
      "opex": 41000000,
      "cogs": 210000000,
      "rd": null,
      "sga": 40800000,
      "fcf": 21700000,
      "ocf": 26000000,
      "capex": -4300000,
      "gross_margin": 0.2467718794835007,
      "op_margin": 0.09971305595408896,
      "fcf_margin": 0.0778335724533716,
      "fcf_margin_change": -0.09584349674608565
    },
    {
      "date": "2021-06-30T00:00:00",
      "quarter_label": "2021-06 (Q2)",
      "revenue": 334700000,
      "gross_profit": 81600000,
      "operating_income": 38500000,
      "net_income": 29700000,
      "opex": 43100000,
      "cogs": 253100000,
      "rd": null,
      "sga": 42800000,
      "fcf": 8300000,
      "ocf": 13300000,
      "capex": -5000000,
      "gross_margin": 0.24380041828503138,
      "op_margin": 0.11502838362712878,
      "fcf_margin": 0.024798326859874514,
      "op_leverage_ratio": 3.9145658263305325,
      "fcf_margin_change": -0.05303524559349708
    },
    {
      "date": "2021-09-30T00:00:00",
      "quarter_label": "2021-09 (Q3)",
      "revenue": 298300000,
      "gross_profit": 70900000,
      "operating_income": 34300000,
      "net_income": 29200000,
      "opex": 36600000,
      "cogs": 227400000,
      "rd": null,
      "sga": 36200000,
      "fcf": 12600000,
      "ocf": 15800000,
      "capex": -3200000,
      "gross_margin": 0.23768018773047267,
      "op_margin": 0.11498491451558833,
      "fcf_margin": 0.042239356352665104,
      "fcf_margin_change": 0.01744102949279059
    },
    {
      "date": "2021-12-31T00:00:00",
      "quarter_label": "2021-12 (Q4)",
      "revenue": 301400000,
      "gross_profit": 67400000,
      "operating_income": 30100000,
      "net_income": 19500000,
      "opex": 37300000,
      "cogs": 234000000,
      "rd": null,
      "sga": 29400000,
      "fcf": 21800000,
      "ocf": 46700000,
      "capex": -24900000,
      "gross_margin": 0.22362309223623092,
      "op_margin": 0.09986728599867287,
      "fcf_margin": 0.07232913072329131,
      "incr_op_margin_yoy": -0.5606060606060606,
      "rev_growth_yoy": 0.022388059701492536,
      "op_leverage_ratio": 0.543364781380202,
      "fcf_margin_change": 0.030089774370626203
    },
    {
      "date": "2022-03-31T00:00:00",
      "quarter_label": "2022-03 (Q1)",
      "revenue": 330200000,
      "gross_profit": 75700000,
      "operating_income": 28500000,
      "net_income": 20500000,
      "opex": 47200000,
      "cogs": 254500000,
      "rd": null,
      "sga": 43600000,
      "fcf": -26700000,
      "ocf": 7000000,
      "capex": -33700000,
      "gross_margin": 0.2292549969715324,
      "op_margin": 0.08631132646880678,
      "fcf_margin": -0.08086008479709267,
      "incr_op_margin_yoy": 0.013618677042801557,
      "rev_growth_yoy": 0.18436154949784792,
      "rev_growth_yoy_accel": 0.16197348979635537,
      "op_leverage_ratio": 0.3600168908728962,
      "fcf_margin_change": -0.15318921552038398
    },
    {
      "date": "2022-06-30T00:00:00",
      "quarter_label": "2022-06 (Q2)",
      "revenue": 366700000,
      "gross_profit": 89800000,
      "operating_income": 46200000,
      "net_income": 33500000,
      "opex": 43600000,
      "cogs": 276900000,
      "rd": null,
      "sga": 42100000,
      "fcf": 7600000,
      "ocf": 15400000,
      "capex": -7800000,
      "gross_margin": 0.24488682847013907,
      "op_margin": 0.12598854649577312,
      "fcf_margin": 0.02072538860103627,
      "incr_op_margin_yoy": 0.240625,
      "rev_growth_yoy": 0.09560800717060054,
      "rev_growth_yoy_accel": -0.08875354232724737,
      "op_leverage_ratio": Infinity,
      "fcf_margin_change": 0.10158547339812894
    },
    {
      "date": "2022-09-30T00:00:00",
      "quarter_label": "2022-09 (Q3)",
      "revenue": 346400000,
      "gross_profit": 82800000,
      "operating_income": 39500000,
      "net_income": 31800000,
      "opex": 43300000,
      "cogs": 263600000,
      "rd": null,
      "sga": 39800000,
      "fcf": 5900000,
      "ocf": 10000000,
      "capex": -4100000,
      "gross_margin": 0.2390300230946882,
      "op_margin": 0.11403002309468822,
      "fcf_margin": 0.017032332563510392,
      "incr_op_margin_yoy": 0.10810810810810811,
      "rev_growth_yoy": 0.1612470667113644,
      "rev_growth_yoy_accel": 0.06563905954076386,
      "fcf_margin_change": -0.0036930560375258784
    },
    {
      "date": "2022-12-31T00:00:00",
      "quarter_label": "2022-12 (Q4)",
      "revenue": 391500000,
      "gross_profit": 96600000,
      "operating_income": 46600000,
      "net_income": 34600000,
      "opex": 50000000,
      "cogs": 294900000,
      "rd": null,
      "sga": 46200000,
      "fcf": 32000000,
      "ocf": 39400000,
      "capex": -7400000,
      "gross_margin": 0.2467432950191571,
      "op_margin": 0.119029374201788,
      "fcf_margin": 0.08173690932311622,
      "incr_op_margin_yoy": 0.18312985571587126,
      "rev_growth_yoy": 0.2989382879893829,
      "rev_growth_yoy_accel": 0.13769122127801847,
      "op_leverage_ratio": 0.8414179104477612,
      "fcf_margin_change": 0.06470457675960584
    },
    {
      "date": "2023-03-31T00:00:00",
      "quarter_label": "2023-03 (Q1)",
      "revenue": 385500000,
      "gross_profit": 95800000,
      "operating_income": 39500000,
      "net_income": 27400000,
      "opex": 56300000,
      "cogs": 289700000,
      "rd": null,
      "sga": 52000000,
      "fcf": 1100000,
      "ocf": 7100000,
      "capex": -6000000,
      "gross_margin": 0.24850843060959793,
      "op_margin": 0.10246433203631647,
      "fcf_margin": 0.0028534370946822307,
      "incr_op_margin_yoy": 0.19891500904159132,
      "rev_growth_yoy": 0.16747425802543914,
      "rev_growth_yoy_accel": -0.13146402996394374,
      "fcf_margin_change": -0.07888347222843399
    },
    {
      "date": "2023-06-30T00:00:00",
      "quarter_label": "2023-06 (Q2)",
      "revenue": 442400000,
      "gross_profit": 117300000,
      "operating_income": 59400000,
      "net_income": 40300000,
      "opex": 57900000,
      "cogs": 325100000,
      "rd": null,
      "sga": 53400000,
      "fcf": 26200000,
      "ocf": 35900000,
      "capex": -9700000,
      "gross_margin": 0.26514466546112114,
      "op_margin": 0.13426763110307413,
      "fcf_margin": 0.05922242314647378,
      "incr_op_margin_yoy": 0.17437252311756934,
      "rev_growth_yoy": 0.20643577856558495,
      "rev_growth_yoy_accel": 0.038961520540145816,
      "op_leverage_ratio": 5.193693255512321,
      "fcf_margin_change": 0.05636898605179155
    },
    {
      "date": "2023-09-30T00:00:00",
      "quarter_label": "2023-09 (Q3)",
      "revenue": 446400000,
      "gross_profit": 117700000,
      "operating_income": 62500000,
      "net_income": 43300000,
      "opex": 55200000,
      "cogs": 328700000,
      "rd": null,
      "sga": 50600000,
      "fcf": 42300000,
      "ocf": 48000000,
      "capex": -5700000,
      "gross_margin": 0.26366487455197135,
      "op_margin": 0.1400089605734767,
      "fcf_margin": 0.09475806451612903,
      "incr_op_margin_yoy": 0.23,
      "rev_growth_yoy": 0.28868360277136257,
      "rev_growth_yoy_accel": 0.08224782420577761,
      "fcf_margin_change": 0.03553564136965525
    },
    {
      "date": "2023-12-31T00:00:00",
      "quarter_label": "2023-12 (Q4)",
      "revenue": 448400000,
      "gross_profit": 119400000,
      "operating_income": 63100000,
      "net_income": 46400000,
      "opex": 56300000,
      "cogs": 329000000,
      "rd": null,
      "sga": 54100000,
      "fcf": 94500000,
      "ocf": 103400000,
      "capex": -8900000,
      "gross_margin": 0.2662801070472792,
      "op_margin": 0.14072256913470116,
      "fcf_margin": 0.2107493309545049,
      "incr_op_margin_yoy": 0.28998242530755713,
      "rev_growth_yoy": 0.14533844189016604,
      "rev_growth_yoy_accel": -0.14334516088119653,
      "fcf_margin_change": 0.11599126643837587
    },
    {
      "date": "2024-03-31T00:00:00",
      "quarter_label": "2024-03 (Q1)",
      "revenue": 424900000,
      "gross_profit": 116000000,
      "operating_income": 54300000,
      "net_income": 51600000,
      "opex": 61700000,
      "cogs": 308900000,
      "rd": null,
      "sga": 57200000,
      "fcf": 22900000,
      "ocf": 31300000,
      "capex": -8400000,
      "gross_margin": 0.27300541303836195,
      "op_margin": 0.12779477524123323,
      "fcf_margin": 0.05389503412567663,
      "incr_op_margin_yoy": 0.3756345177664975,
      "rev_growth_yoy": 0.10220492866407263,
      "rev_growth_yoy_accel": -0.043133513226093406,
      "fcf_margin_change": -0.1568542968288283
    },
    {
      "date": "2024-06-30T00:00:00",
      "quarter_label": "2024-06 (Q2)",
      "revenue": 490400000,
      "gross_profit": 144000000,
      "operating_income": 81100000,
      "net_income": 60800000,
      "opex": 62900000,
      "cogs": 346400000,
      "rd": null,
      "sga": 58300000,
      "fcf": 24800000,
      "ocf": 40600000,
      "capex": -15800000,
      "gross_margin": 0.2936378466557912,
      "op_margin": 0.1653752039151713,
      "fcf_margin": 0.05057096247960848,
      "incr_op_margin_yoy": 0.45208333333333334,
      "rev_growth_yoy": 0.10849909584086799,
      "rev_growth_yoy_accel": 0.006294167176795359,
      "op_leverage_ratio": 7.926080646426609,
      "fcf_margin_change": -0.0033240716460681483
    },
    {
      "date": "2024-09-30T00:00:00",
      "quarter_label": "2024-09 (Q3)",
      "revenue": 474200000,
      "gross_profit": 140400000,
      "operating_income": 75900000,
      "net_income": 53900000,
      "opex": 64500000,
      "cogs": 333800000,
      "rd": null,
      "sga": 60100000,
      "fcf": 60900000,
      "ocf": 68800000,
      "capex": -7900000,
      "gross_margin": 0.2960776043863349,
      "op_margin": 0.16005904681568958,
      "fcf_margin": 0.12842682412484183,
      "incr_op_margin_yoy": 0.48201438848920863,
      "rev_growth_yoy": 0.062275985663082435,
      "rev_growth_yoy_accel": -0.046223110177785555,
      "fcf_margin_change": 0.07785586164523334
    },
    {
      "date": "2024-12-31T00:00:00",
      "quarter_label": "2024-12 (Q4)",
      "revenue": 472000000,
      "gross_profit": 132600000,
      "operating_income": 70100000,
      "net_income": 50000000,
      "opex": 62500000,
      "cogs": 339400000,
      "rd": null,
      "sga": 58400000,
      "fcf": 82100000,
      "ocf": 90600000,
      "capex": -8500000,
      "gross_margin": 0.2809322033898305,
      "op_margin": 0.14851694915254238,
      "fcf_margin": 0.1739406779661017,
      "incr_op_margin_yoy": 0.2966101694915254,
      "rev_growth_yoy": 0.05263157894736842,
      "rev_growth_yoy_accel": -0.009644406715714017,
      "fcf_margin_change": 0.04551385384125986
    },
    {
      "date": "2025-03-31T00:00:00",
      "quarter_label": "2025-03 (Q1)",
      "revenue": 463800000,
      "gross_profit": 130800000,
      "operating_income": 65700000,
      "net_income": 46300000,
      "opex": 65100000,
      "cogs": 333000000,
      "rd": null,
      "sga": 60200000,
      "fcf": 31100000,
      "ocf": 36700000,
      "capex": -5600000,
      "gross_margin": 0.2820181112548512,
      "op_margin": 0.14165588615782665,
      "fcf_margin": 0.06705476498490728,
      "incr_op_margin_yoy": 0.2930591259640103,
      "rev_growth_yoy": 0.0915509531654507,
      "rev_growth_yoy_accel": 0.03891937421808228,
      "fcf_margin_change": -0.1068859129811944
    },
    {
      "date": "2025-06-30T00:00:00",
      "quarter_label": "2025-06 (Q2)",
      "revenue": 564600000,
      "gross_profit": 169600000,
      "operating_income": 97700000,
      "net_income": 71400000,
      "opex": 71900000,
      "cogs": 395000000,
      "rd": null,
      "sga": 66900000,
      "fcf": 52400000,
      "ocf": 59700000,
      "capex": -7300000,
      "gross_margin": 0.3003896563939072,
      "op_margin": 0.1730428622033298,
      "fcf_margin": 0.09280906836698548,
      "incr_op_margin_yoy": 0.22371967654986524,
      "rev_growth_yoy": 0.15130505709624797,
      "rev_growth_yoy_accel": 0.059754103930797275,
      "op_leverage_ratio": 2.080663572026482,
      "fcf_margin_change": 0.025754303382078195
    },
    {
      "date": "2025-09-30T00:00:00",
      "quarter_label": "2025-09 (Q3)",
      "revenue": 555000000,
      "gross_profit": 161500000,
      "operating_income": 94000000,
      "net_income": 68100000,
      "opex": 67500000,
      "cogs": 393500000,
      "rd": null,
      "sga": 61400000,
      "fcf": 54100000,
      "ocf": 61100000,
      "capex": -7000000,
      "gross_margin": 0.290990990990991,
      "op_margin": 0.16936936936936936,
      "fcf_margin": 0.09747747747747748,
      "incr_op_margin_yoy": 0.22400990099009901,
      "rev_growth_yoy": 0.1703922395613665,
      "rev_growth_yoy_accel": 0.019087182465118535,
      "fcf_margin_change": 0.004668409110492003
    }
  ],
  "signals": [
    {
      "quarter": "2025-06 (Q2)",
      "signal": "OPERATING LEVERAGE",
      "detail": "Rev growth +21.7% vs OpEx growth +10.4% (leverage: 2.1x)",
      "severity": "MEDIUM"
    },
    {
      "quarter": "2025-06 (Q2)",
      "signal": "YoY REVENUE GROWTH ACCELERATION",
      "detail": "YoY growth: +15.1% vs prior quarter YoY: +9.2% (accel: +6.0%)",
      "severity": "MEDIUM"
    },
    {
      "quarter": "2025-03 (Q1)",
      "signal": "INCREMENTAL MARGIN (YoY)",
      "detail": "YoY Incr OPM: +29.3% vs year-ago OPM: +12.8%",
      "severity": "MEDIUM"
    },
    {
      "quarter": "2024-12 (Q4)",
      "signal": "INCREMENTAL MARGIN (YoY)",
      "detail": "YoY Incr OPM: +29.7% vs year-ago OPM: +14.1%",
      "severity": "MEDIUM"
    },
    {
      "quarter": "2024-09 (Q3)",
      "signal": "FCF MARGIN EXPANSION",
      "detail": "FCF margin: +5.1% -> +12.8% (+7.8%)",
      "severity": "MEDIUM"
    },
    {
      "quarter": "2024-09 (Q3)",
      "signal": "INCREMENTAL MARGIN (YoY)",
      "detail": "YoY Incr OPM: +48.2% vs year-ago OPM: +14.0%",
      "severity": "HIGH"
    },
    {
      "quarter": "2024-06 (Q2)",
      "signal": "OPERATING LEVERAGE",
      "detail": "Rev growth +15.4% vs OpEx growth +1.9% (leverage: 7.9x)",
      "severity": "MEDIUM"
    },
    {
      "quarter": "2024-06 (Q2)",
      "signal": "INCREMENTAL MARGIN (YoY)",
      "detail": "YoY Incr OPM: +45.2% vs year-ago OPM: +13.4%",
      "severity": "HIGH"
    },
    {
      "quarter": "2024-03 (Q1)",
      "signal": "INCREMENTAL MARGIN (YoY)",
      "detail": "YoY Incr OPM: +37.6% vs year-ago OPM: +10.2%",
      "severity": "HIGH"
    },
    {
      "quarter": "2023-12 (Q4)",
      "signal": "FCF MARGIN EXPANSION",
      "detail": "FCF margin: +9.5% -> +21.1% (+11.6%)",
      "severity": "MEDIUM"
    },
    {
      "quarter": "2023-12 (Q4)",
      "signal": "YoY REVENUE GROWTH DECELERATION",
      "detail": "YoY growth: +14.5% vs prior quarter YoY: +28.9% (decel: -14.3%)",
      "severity": "WARNING"
    },
    {
      "quarter": "2023-12 (Q4)",
      "signal": "INCREMENTAL MARGIN (YoY)",
      "detail": "YoY Incr OPM: +29.0% vs year-ago OPM: +11.9%",
      "severity": "MEDIUM"
    },
    {
      "quarter": "2023-09 (Q3)",
      "signal": "YoY REVENUE GROWTH ACCELERATION",
      "detail": "YoY growth: +28.9% vs prior quarter YoY: +20.6% (accel: +8.2%)",
      "severity": "MEDIUM"
    },
    {
      "quarter": "2023-09 (Q3)",
      "signal": "INCREMENTAL MARGIN (YoY)",
      "detail": "YoY Incr OPM: +23.0% vs year-ago OPM: +11.4%",
      "severity": "MEDIUM"
    },
    {
      "quarter": "2023-06 (Q2)",
      "signal": "FCF MARGIN EXPANSION",
      "detail": "FCF margin: +0.3% -> +5.9% (+5.6%)",
      "severity": "MEDIUM"
    },
    {
      "quarter": "2023-06 (Q2)",
      "signal": "OPERATING LEVERAGE",
      "detail": "Rev growth +14.8% vs OpEx growth +2.8% (leverage: 5.2x)",
      "severity": "MEDIUM"
    },
    {
      "quarter": "2023-03 (Q1)",
      "signal": "YoY REVENUE GROWTH DECELERATION",
      "detail": "YoY growth: +16.7% vs prior quarter YoY: +29.9% (decel: -13.1%)",
      "severity": "WARNING"
    },
    {
      "quarter": "2023-03 (Q1)",
      "signal": "INCREMENTAL MARGIN (YoY)",
      "detail": "YoY Incr OPM: +19.9% vs year-ago OPM: +8.6%",
      "severity": "MEDIUM"
    },
    {
      "quarter": "2022-12 (Q4)",
      "signal": "FCF MARGIN EXPANSION",
      "detail": "FCF margin: +1.7% -> +8.2% (+6.5%)",
      "severity": "MEDIUM"
    },
    {
      "quarter": "2022-12 (Q4)",
      "signal": "YoY REVENUE GROWTH ACCELERATION",
      "detail": "YoY growth: +29.9% vs prior quarter YoY: +16.1% (accel: +13.8%)",
      "severity": "MEDIUM"
    },
    {
      "quarter": "2022-09 (Q3)",
      "signal": "YoY REVENUE GROWTH ACCELERATION",
      "detail": "YoY growth: +16.1% vs prior quarter YoY: +9.6% (accel: +6.6%)",
      "severity": "MEDIUM"
    },
    {
      "quarter": "2022-06 (Q2)",
      "signal": "FCF TURNED POSITIVE",
      "detail": "FCF margin: -8.1% -> +2.1%",
      "severity": "HIGH"
    },
    {
      "quarter": "2022-06 (Q2)",
      "signal": "YoY REVENUE GROWTH DECELERATION",
      "detail": "YoY growth: +9.6% vs prior quarter YoY: +18.4% (decel: -8.9%)",
      "severity": "WARNING"
    },
    {
      "quarter": "2022-06 (Q2)",
      "signal": "INCREMENTAL MARGIN (YoY)",
      "detail": "YoY Incr OPM: +24.1% vs year-ago OPM: +11.5%",
      "severity": "MEDIUM"
    },
    {
      "quarter": "2022-03 (Q1)",
      "signal": "YoY REVENUE GROWTH ACCELERATION",
      "detail": "YoY growth: +18.4% vs prior quarter YoY: +2.2% (accel: +16.2%)",
      "severity": "HIGH"
    },
    {
      "quarter": "2021-06 (Q2)",
      "signal": "OPERATING LEVERAGE",
      "detail": "Rev growth +20.1% vs OpEx growth +5.1% (leverage: 3.9x)",
      "severity": "MEDIUM"
    }
  ],
  "data_quality": {
    "n_quarters": 20,
    "coverage": {
      "revenue": [
        20,
        20
      ],
      "gross_profit": [
        20,
        20
      ],
      "op_income": [
        20,
        20
      ],
      "fcf": [
        20,
        20
      ]
    },
    "gaps": [],
    "warnings": []
  },
  "market_cap": null,
  "source": "SEC EDGAR",
  "last_updated": "2026-02-02T20:51:41.369054"
}