{
  "ticker": "FSTR",
  "name": "L.B. Foster Company",
  "quarters": [
    {
      "date": "2020-12-31T00:00:00",
      "quarter_label": "2020-12 (Q4)",
      "revenue": 115576000,
      "gross_profit": 21685000,
      "operating_income": null,
      "net_income": 2095000,
      "opex": null,
      "cogs": 93891000,
      "rd": null,
      "sga": 17371000,
      "fcf": null,
      "ocf": null,
      "capex": -1529000,
      "gross_margin": 0.18762545857271407,
      "op_margin": null,
      "fcf_margin": null
    },
    {
      "date": "2021-03-31T00:00:00",
      "quarter_label": "2021-03 (Q1)",
      "revenue": 116080000,
      "gross_profit": 18830000,
      "operating_income": -661000,
      "net_income": -1258000,
      "opex": 19491000,
      "cogs": 97250000,
      "rd": null,
      "sga": 18026000,
      "fcf": null,
      "ocf": null,
      "capex": -1327000,
      "gross_margin": 0.1622157133011716,
      "op_margin": -0.0056943487250172295,
      "fcf_margin": null
    },
    {
      "date": "2021-06-30T00:00:00",
      "quarter_label": "2021-06 (Q2)",
      "revenue": 154522000,
      "gross_profit": 26161000,
      "operating_income": 4924000,
      "net_income": 2876000,
      "opex": 21237000,
      "cogs": 128361000,
      "rd": null,
      "sga": 19767000,
      "fcf": null,
      "ocf": null,
      "capex": -921000,
      "gross_margin": 0.16930275300604444,
      "op_margin": 0.03186601260661912,
      "fcf_margin": null,
      "op_leverage_ratio": 3.696906417188288
    },
    {
      "date": "2021-09-30T00:00:00",
      "quarter_label": "2021-09 (Q3)",
      "revenue": 130053000,
      "gross_profit": 22276000,
      "operating_income": 758000,
      "net_income": 2342000,
      "opex": 21518000,
      "cogs": 107777000,
      "rd": null,
      "sga": 20056000,
      "fcf": null,
      "ocf": null,
      "capex": -1320000,
      "gross_margin": 0.17128401497850876,
      "op_margin": 0.005828393039760713,
      "fcf_margin": null
    },
    {
      "date": "2021-12-31T00:00:00",
      "quarter_label": "2021-12 (Q4)",
      "revenue": 112965000,
      "gross_profit": 19035000,
      "operating_income": -550000,
      "net_income": -334000,
      "opex": 19585000,
      "cogs": 93930000,
      "rd": null,
      "sga": 18146000,
      "fcf": null,
      "ocf": null,
      "capex": -1052000,
      "gross_margin": 0.16850351878900544,
      "op_margin": -0.0048687646616208564,
      "fcf_margin": null,
      "rev_growth_yoy": -0.022591195403890083
    },
    {
      "date": "2022-03-31T00:00:00",
      "quarter_label": "2022-03 (Q1)",
      "revenue": 98794000,
      "gross_profit": 16447000,
      "operating_income": -2287000,
      "net_income": -1566000,
      "opex": 18734000,
      "cogs": 82347000,
      "rd": null,
      "sga": 17298000,
      "fcf": -9400000,
      "ocf": -7636000,
      "capex": -1764000,
      "gross_margin": 0.16647772131910846,
      "op_margin": -0.02314917909994534,
      "fcf_margin": -0.09514747859181731,
      "incr_op_margin_yoy": 0.09406456091634849,
      "rev_growth_yoy": -0.14891454169538249,
      "rev_growth_yoy_accel": -0.1263233462914924
    },
    {
      "date": "2022-06-30T00:00:00",
      "quarter_label": "2022-06 (Q2)",
      "revenue": 131515000,
      "gross_profit": 23293000,
      "operating_income": 2480000,
      "net_income": 2010000,
      "opex": 20813000,
      "cogs": 108222000,
      "rd": null,
      "sga": 19394000,
      "fcf": -7030000,
      "ocf": -5746000,
      "capex": -1284000,
      "gross_margin": 0.17711287685815305,
      "op_margin": 0.018857164581986847,
      "fcf_margin": -0.05345397863361594,
      "incr_op_margin_yoy": 0.10622853914026166,
      "rev_growth_yoy": -0.14889141999197525,
      "rev_growth_yoy_accel": 2.3121703407236183e-05,
      "op_leverage_ratio": 2.9845030344453387,
      "fcf_margin_change": 0.041693499958201374
    },
    {
      "date": "2022-09-30T00:00:00",
      "quarter_label": "2022-09 (Q3)",
      "revenue": 130015000,
      "gross_profit": 23097000,
      "operating_income": -1120000,
      "net_income": -2077000,
      "opex": 24217000,
      "cogs": 106918000,
      "rd": null,
      "sga": 22618000,
      "fcf": -6965000,
      "ocf": -5454000,
      "capex": -1511000,
      "gross_margin": 0.17764873283851862,
      "op_margin": -0.008614390647233012,
      "fcf_margin": -0.05357074183748029,
      "rev_growth_yoy": -0.00029218856927560303,
      "rev_growth_yoy_accel": 0.14859923142269965,
      "fcf_margin_change": -0.00011676320386435485
    },
    {
      "date": "2022-12-31T00:00:00",
      "quarter_label": "2022-12 (Q4)",
      "revenue": 137173000,
      "gross_profit": 26774000,
      "operating_income": -6279000,
      "net_income": -43931000,
      "opex": 33053000,
      "cogs": 110399000,
      "rd": null,
      "sga": 23347000,
      "fcf": 5186000,
      "ocf": 8260000,
      "capex": -3074000,
      "gross_margin": 0.1951841834763401,
      "op_margin": -0.04577431418719427,
      "fcf_margin": 0.03780627382939791,
      "incr_op_margin_yoy": -0.23665730337078653,
      "rev_growth_yoy": 0.21429646350639578,
      "rev_growth_yoy_accel": 0.21458865207567138,
      "op_leverage_ratio": 0.15089083724660596,
      "fcf_margin_change": 0.0913770156668782
    },
    {
      "date": "2023-03-31T00:00:00",
      "quarter_label": "2023-03 (Q1)",
      "revenue": 115488000,
      "gross_profit": 23291000,
      "operating_income": 503000,
      "net_income": -2152000,
      "opex": 22788000,
      "cogs": 92197000,
      "rd": null,
      "sga": 21423000,
      "fcf": 6233000,
      "ocf": 6932000,
      "capex": -699000,
      "gross_margin": 0.20167463286228873,
      "op_margin": 0.004355430867276254,
      "fcf_margin": 0.053970975339429204,
      "incr_op_margin_yoy": 0.16712591350185696,
      "rev_growth_yoy": 0.1689778731501913,
      "rev_growth_yoy_accel": -0.045318590356204475,
      "fcf_margin_change": 0.01616470151003129
    },
    {
      "date": "2023-06-30T00:00:00",
      "quarter_label": "2023-06 (Q2)",
      "revenue": 148034000,
      "gross_profit": 32252000,
      "operating_income": 6349000,
      "net_income": 3531000,
      "opex": 25903000,
      "cogs": 115782000,
      "rd": null,
      "sga": 24528000,
      "fcf": -11061000,
      "ocf": -10265000,
      "capex": -796000,
      "gross_margin": 0.2178688679627653,
      "op_margin": 0.04288879581717713,
      "fcf_margin": -0.07471932123701312,
      "incr_op_margin_yoy": 0.23421514619529027,
      "rev_growth_yoy": 0.1256054442459035,
      "rev_growth_yoy_accel": -0.0433724289042878,
      "op_leverage_ratio": 2.0616214279710037,
      "fcf_margin_change": -0.12869029657644232
    },
    {
      "date": "2023-09-30T00:00:00",
      "quarter_label": "2023-09 (Q3)",
      "revenue": 145345000,
      "gross_profit": 28224000,
      "operating_income": 2685000,
      "net_income": 515000,
      "opex": 25539000,
      "cogs": 117121000,
      "rd": null,
      "sga": 24160000,
      "fcf": 17354000,
      "ocf": 18643000,
      "capex": -1289000,
      "gross_margin": 0.19418624651690805,
      "op_margin": 0.018473287694795143,
      "fcf_margin": 0.1193986721249441,
      "incr_op_margin_yoy": 0.2482061317677756,
      "rev_growth_yoy": 0.11790947198400184,
      "rev_growth_yoy_accel": -0.007695972261901662,
      "fcf_margin_change": 0.19411799336195723
    },
    {
      "date": "2023-12-31T00:00:00",
      "quarter_label": "2023-12 (Q4)",
      "revenue": 134877000,
      "gross_profit": 29043000,
      "operating_income": 601000,
      "net_income": -430000,
      "opex": 28442000,
      "cogs": 105834000,
      "rd": null,
      "sga": 27247000,
      "fcf": 19917000,
      "ocf": 21646000,
      "capex": -1729000,
      "gross_margin": 0.21532952245379122,
      "op_margin": 0.0044559116824959034,
      "fcf_margin": 0.14766787517515959,
      "incr_op_margin_yoy": -2.9965156794425085,
      "rev_growth_yoy": -0.016737987796432242,
      "rev_growth_yoy_accel": -0.13464745978043408,
      "fcf_margin_change": 0.02826920305021549
    },
    {
      "date": "2024-03-31T00:00:00",
      "quarter_label": "2024-03 (Q1)",
      "revenue": 124320000,
      "gross_profit": 26249000,
      "operating_income": 2283000,
      "net_income": 4436000,
      "opex": 23966000,
      "cogs": 98071000,
      "rd": null,
      "sga": 22749000,
      "fcf": -24156000,
      "ocf": -21444000,
      "capex": -2712000,
      "gross_margin": 0.21114060489060488,
      "op_margin": 0.018363899613899615,
      "fcf_margin": -0.1943050193050193,
      "incr_op_margin_yoy": 0.20153985507246377,
      "rev_growth_yoy": 0.07647547797173733,
      "rev_growth_yoy_accel": 0.09321346576816958,
      "fcf_margin_change": -0.34197289448017887
    },
    {
      "date": "2024-06-30T00:00:00",
      "quarter_label": "2024-06 (Q2)",
      "revenue": 140796000,
      "gross_profit": 30523000,
      "operating_income": 4504000,
      "net_income": 2847000,
      "opex": 26019000,
      "cogs": 110273000,
      "rd": null,
      "sga": 24896000,
      "fcf": -7008000,
      "ocf": -4954000,
      "capex": -2054000,
      "gross_margin": 0.21678882922810308,
      "op_margin": 0.031989545157532884,
      "fcf_margin": -0.049774141310832694,
      "incr_op_margin_yoy": 0.2549046697982868,
      "rev_growth_yoy": -0.04889417296026589,
      "rev_growth_yoy_accel": -0.12536965093200322,
      "op_leverage_ratio": 1.5470964423472948,
      "fcf_margin_change": 0.14453087799418662
    },
    {
      "date": "2024-09-30T00:00:00",
      "quarter_label": "2024-09 (Q3)",
      "revenue": 137466000,
      "gross_profit": 32758000,
      "operating_income": 7323000,
      "net_income": 35905000,
      "opex": 25435000,
      "cogs": 104708000,
      "rd": null,
      "sga": 24289000,
      "fcf": 21677000,
      "ocf": 24745000,
      "capex": -3068000,
      "gross_margin": 0.23829892482504764,
      "op_margin": 0.053271354371262715,
      "fcf_margin": 0.1576899015029171,
      "incr_op_margin_yoy": -0.5886533824089352,
      "rev_growth_yoy": -0.05420895111630947,
      "rev_growth_yoy_accel": -0.00531477815604358,
      "fcf_margin_change": 0.20746404281374978
    },
    {
      "date": "2024-12-31T00:00:00",
      "quarter_label": "2024-12 (Q4)",
      "revenue": 128183000,
      "gross_profit": 28615000,
      "operating_income": 3052000,
      "net_income": -242000,
      "opex": 25563000,
      "cogs": 99568000,
      "rd": null,
      "sga": 24421000,
      "fcf": 22328000,
      "ocf": 24285000,
      "capex": -1957000,
      "gross_margin": 0.22323553045255612,
      "op_margin": 0.023809709555869342,
      "fcf_margin": 0.17418846492904674,
      "incr_op_margin_yoy": -0.36614878996115924,
      "rev_growth_yoy": -0.04963040399771644,
      "rev_growth_yoy_accel": 0.0045785471185930265,
      "fcf_margin_change": 0.016498563426129653
    },
    {
      "date": "2025-03-31T00:00:00",
      "quarter_label": "2025-03 (Q1)",
      "revenue": 97792000,
      "gross_profit": 20151000,
      "operating_income": -1923000,
      "net_income": -2110000,
      "opex": 22074000,
      "cogs": 77641000,
      "rd": null,
      "sga": 20952000,
      "fcf": -28711000,
      "ocf": -26136000,
      "capex": -2575000,
      "gross_margin": 0.20605980039267016,
      "op_margin": -0.019664185209424083,
      "fcf_margin": -0.29359252290575916,
      "incr_op_margin_yoy": 0.15854945717732208,
      "rev_growth_yoy": -0.21338481338481338,
      "rev_growth_yoy_accel": -0.16375440938709696,
      "fcf_margin_change": -0.46778098783480593
    },
    {
      "date": "2025-06-30T00:00:00",
      "quarter_label": "2025-06 (Q2)",
      "revenue": 143558000,
      "gross_profit": 30900000,
      "operating_income": 7678000,
      "net_income": 2885000,
      "opex": 23222000,
      "cogs": 112658000,
      "rd": null,
      "sga": 22382000,
      "fcf": 7729000,
      "ocf": 10402000,
      "capex": -2673000,
      "gross_margin": 0.2152440128728458,
      "op_margin": 0.05348360941222363,
      "fcf_margin": 0.05383886652084872,
      "incr_op_margin_yoy": 1.1491672700941347,
      "rev_growth_yoy": 0.019617034574845878,
      "rev_growth_yoy_accel": 0.23300184795965925,
      "op_leverage_ratio": 8.998679377234708,
      "fcf_margin_change": 0.3474313894266079
    },
    {
      "date": "2025-09-30T00:00:00",
      "quarter_label": "2025-09 (Q3)",
      "revenue": 138286000,
      "gross_profit": 31066000,
      "operating_income": 8295000,
      "net_income": 4354000,
      "opex": 22771000,
      "cogs": 107220000,
      "rd": null,
      "sga": 22077000,
      "fcf": 26372000,
      "ocf": 29181000,
      "capex": -2809000,
      "gross_margin": 0.2246503622926399,
      "op_margin": 0.059984380197561575,
      "fcf_margin": 0.1907062175491373,
      "rev_growth_yoy": 0.005965111372994049,
      "rev_growth_yoy_accel": -0.013651923201851828,
      "fcf_margin_change": 0.1368673510282886
    }
  ],
  "signals": [
    {
      "quarter": "2025-09 (Q3)",
      "signal": "FCF MARGIN EXPANSION",
      "detail": "FCF margin: +5.4% -> +19.1% (+13.7%)",
      "severity": "MEDIUM"
    },
    {
      "quarter": "2025-06 (Q2)",
      "signal": "FCF TURNED POSITIVE",
      "detail": "FCF margin: -29.4% -> +5.4%",
      "severity": "HIGH"
    },
    {
      "quarter": "2025-06 (Q2)",
      "signal": "OPERATING LEVERAGE",
      "detail": "Rev growth +46.8% vs OpEx growth +5.2% (leverage: 9.0x)",
      "severity": "MEDIUM"
    },
    {
      "quarter": "2025-06 (Q2)",
      "signal": "YoY REVENUE GROWTH ACCELERATION",
      "detail": "YoY growth: +2.0% vs prior quarter YoY: -21.3% (accel: +23.3%)",
      "severity": "HIGH"
    },
    {
      "quarter": "2025-06 (Q2)",
      "signal": "INCREMENTAL MARGIN (YoY)",
      "detail": "YoY Incr OPM: +114.9% vs year-ago OPM: +3.2%",
      "severity": "HIGH"
    },
    {
      "quarter": "2025-06 (Q2)",
      "signal": "OP MARGIN TURNED POSITIVE (QoQ)",
      "detail": "Op margin: -2.0% -> +5.3%",
      "severity": "HIGH"
    },
    {
      "quarter": "2025-03 (Q1)",
      "signal": "YoY REVENUE GROWTH DECELERATION",
      "detail": "YoY growth: -21.3% vs prior quarter YoY: -5.0% (decel: -16.4%)",
      "severity": "WARNING"
    },
    {
      "quarter": "2024-09 (Q3)",
      "signal": "FCF TURNED POSITIVE",
      "detail": "FCF margin: -5.0% -> +15.8%",
      "severity": "HIGH"
    },
    {
      "quarter": "2024-06 (Q2)",
      "signal": "FCF MARGIN EXPANSION",
      "detail": "FCF margin: -19.4% -> -5.0% (+14.5%)",
      "severity": "MEDIUM"
    },
    {
      "quarter": "2024-06 (Q2)",
      "signal": "OPERATING LEVERAGE",
      "detail": "Rev growth +13.3% vs OpEx growth +8.6% (leverage: 1.5x)",
      "severity": "MEDIUM"
    },
    {
      "quarter": "2024-06 (Q2)",
      "signal": "YoY REVENUE GROWTH DECELERATION",
      "detail": "YoY growth: -4.9% vs prior quarter YoY: +7.6% (decel: -12.5%)",
      "severity": "WARNING"
    },
    {
      "quarter": "2024-06 (Q2)",
      "signal": "INCREMENTAL MARGIN (YoY)",
      "detail": "YoY Incr OPM: +25.5% vs year-ago OPM: +4.3%",
      "severity": "HIGH"
    },
    {
      "quarter": "2024-03 (Q1)",
      "signal": "YoY REVENUE GROWTH ACCELERATION",
      "detail": "YoY growth: +7.6% vs prior quarter YoY: -1.7% (accel: +9.3%)",
      "severity": "MEDIUM"
    },
    {
      "quarter": "2024-03 (Q1)",
      "signal": "INCREMENTAL MARGIN (YoY)",
      "detail": "YoY Incr OPM: +20.2% vs year-ago OPM: +0.4%",
      "severity": "MEDIUM"
    },
    {
      "quarter": "2023-12 (Q4)",
      "signal": "GROSS MARGIN INFLECTION",
      "detail": "GM: +21.8% -> +19.4% -> +21.5% (reversal +2.1%)",
      "severity": "MEDIUM"
    },
    {
      "quarter": "2023-12 (Q4)",
      "signal": "YoY REVENUE GROWTH DECELERATION",
      "detail": "YoY growth: -1.7% vs prior quarter YoY: +11.8% (decel: -13.5%)",
      "severity": "WARNING"
    },
    {
      "quarter": "2023-12 (Q4)",
      "signal": "OP MARGIN TURNED POSITIVE (YoY)",
      "detail": "Op margin: -4.6% (year-ago) -> +0.4%",
      "severity": "HIGH"
    },
    {
      "quarter": "2023-09 (Q3)",
      "signal": "FCF TURNED POSITIVE",
      "detail": "FCF margin: -7.5% -> +11.9%",
      "severity": "HIGH"
    },
    {
      "quarter": "2023-09 (Q3)",
      "signal": "OP MARGIN TURNED POSITIVE (YoY)",
      "detail": "Op margin: -0.9% (year-ago) -> +1.8%",
      "severity": "HIGH"
    },
    {
      "quarter": "2023-06 (Q2)",
      "signal": "OPERATING LEVERAGE",
      "detail": "Rev growth +28.2% vs OpEx growth +13.7% (leverage: 2.1x)",
      "severity": "MEDIUM"
    },
    {
      "quarter": "2023-06 (Q2)",
      "signal": "INCREMENTAL MARGIN (YoY)",
      "detail": "YoY Incr OPM: +23.4% vs year-ago OPM: +1.9%",
      "severity": "HIGH"
    },
    {
      "quarter": "2023-03 (Q1)",
      "signal": "OP MARGIN TURNED POSITIVE (YoY)",
      "detail": "Op margin: -2.3% (year-ago) -> +0.4%",
      "severity": "HIGH"
    },
    {
      "quarter": "2023-03 (Q1)",
      "signal": "OP MARGIN TURNED POSITIVE (QoQ)",
      "detail": "Op margin: -4.6% -> +0.4%",
      "severity": "HIGH"
    },
    {
      "quarter": "2022-12 (Q4)",
      "signal": "FCF TURNED POSITIVE",
      "detail": "FCF margin: -5.4% -> +3.8%",
      "severity": "HIGH"
    },
    {
      "quarter": "2022-12 (Q4)",
      "signal": "YoY REVENUE GROWTH ACCELERATION",
      "detail": "YoY growth: +21.4% vs prior quarter YoY: -0.0% (accel: +21.5%)",
      "severity": "HIGH"
    },
    {
      "quarter": "2022-09 (Q3)",
      "signal": "YoY REVENUE GROWTH ACCELERATION",
      "detail": "YoY growth: -0.0% vs prior quarter YoY: -14.9% (accel: +14.9%)",
      "severity": "MEDIUM"
    },
    {
      "quarter": "2022-06 (Q2)",
      "signal": "OPERATING LEVERAGE",
      "detail": "Rev growth +33.1% vs OpEx growth +11.1% (leverage: 3.0x)",
      "severity": "MEDIUM"
    },
    {
      "quarter": "2022-06 (Q2)",
      "signal": "OP MARGIN TURNED POSITIVE (QoQ)",
      "detail": "Op margin: -2.3% -> +1.9%",
      "severity": "HIGH"
    },
    {
      "quarter": "2022-03 (Q1)",
      "signal": "YoY REVENUE GROWTH DECELERATION",
      "detail": "YoY growth: -14.9% vs prior quarter YoY: -2.3% (decel: -12.6%)",
      "severity": "WARNING"
    },
    {
      "quarter": "2021-06 (Q2)",
      "signal": "OPERATING LEVERAGE",
      "detail": "Rev growth +33.1% vs OpEx growth +9.0% (leverage: 3.7x)",
      "severity": "MEDIUM"
    },
    {
      "quarter": "2021-06 (Q2)",
      "signal": "OP MARGIN TURNED POSITIVE (QoQ)",
      "detail": "Op margin: -0.6% -> +3.2%",
      "severity": "HIGH"
    }
  ],
  "data_quality": {
    "n_quarters": 20,
    "coverage": {
      "revenue": [
        20,
        20
      ],
      "gross_profit": [
        20,
        20
      ],
      "op_income": [
        19,
        20
      ],
      "fcf": [
        15,
        20
      ]
    },
    "gaps": [],
    "warnings": [
      "fcf: 15/20Q"
    ]
  },
  "market_cap": null,
  "source": "SEC EDGAR",
  "last_updated": "2026-02-02T22:45:44.639460"
}