{
  "ticker": "FTCI",
  "name": "FTC SOLAR, INC.",
  "quarters": [
    {
      "date": "2020-12-31T00:00:00",
      "quarter_label": "2020-12 (Q4)",
      "revenue": 44179000,
      "gross_profit": -4825000,
      "operating_income": -11339000,
      "net_income": -9728000,
      "opex": 6514000,
      "cogs": 49004000,
      "rd": 1175000,
      "sga": null,
      "fcf": 15011000,
      "ocf": 15267000,
      "capex": -256000,
      "gross_margin": -0.10921478530523551,
      "op_margin": -0.25666040426446957,
      "fcf_margin": 0.33977681703977003
    },
    {
      "date": "2021-03-31T00:00:00",
      "quarter_label": "2021-03 (Q1)",
      "revenue": 65707000,
      "gross_profit": 119000,
      "operating_income": -8019000,
      "net_income": -7442000,
      "opex": 8138000,
      "cogs": 65588000,
      "rd": 1954000,
      "sga": null,
      "fcf": -25989000,
      "ocf": -25904000,
      "capex": -85000,
      "gross_margin": 0.0018110703578005387,
      "op_margin": -0.12204179158993715,
      "fcf_margin": -0.3955286346964555,
      "op_leverage_ratio": 1.9545623675827526,
      "fcf_margin_change": -0.7353054517362255
    },
    {
      "date": "2021-06-30T00:00:00",
      "quarter_label": "2021-06 (Q2)",
      "revenue": 50108000,
      "gross_profit": -16057000,
      "operating_income": -75963000,
      "net_income": -55841000,
      "opex": 59906000,
      "cogs": 66165000,
      "rd": 5585000,
      "sga": null,
      "fcf": -58599000,
      "ocf": -58391000,
      "capex": -208000,
      "gross_margin": -0.32044783268140814,
      "op_margin": -1.5159854713818153,
      "fcf_margin": -1.1694539794044863,
      "fcf_margin_change": -0.7739253447080308
    },
    {
      "date": "2021-09-30T00:00:00",
      "quarter_label": "2021-09 (Q3)",
      "revenue": 52989000,
      "gross_profit": -8039000,
      "operating_income": -22771000,
      "net_income": -22916000,
      "opex": 14732000,
      "cogs": 61028000,
      "rd": 2116000,
      "sga": null,
      "fcf": -8604000,
      "ocf": -8119000,
      "capex": -485000,
      "gross_margin": -0.15171073241616184,
      "op_margin": -0.4297306988242843,
      "fcf_margin": -0.1623733227651022,
      "op_leverage_ratio": Infinity,
      "fcf_margin_change": 1.007080656639384
    },
    {
      "date": "2021-12-31T00:00:00",
      "quarter_label": "2021-12 (Q4)",
      "revenue": 101721000,
      "gross_profit": -8575000,
      "operating_income": -23543000,
      "net_income": -23882000,
      "opex": 14968000,
      "cogs": 110296000,
      "rd": 1887000,
      "sga": null,
      "fcf": -40687000,
      "ocf": -40440000,
      "capex": -247000,
      "gross_margin": -0.08429921058581807,
      "op_margin": -0.23144680056232242,
      "fcf_margin": -0.3999862368635778,
      "incr_op_margin_yoy": -0.21208856139863055,
      "rev_growth_yoy": 1.3024740261210077,
      "op_leverage_ratio": 57.40876696186705,
      "fcf_margin_change": -0.23761291409847562
    },
    {
      "date": "2022-03-31T00:00:00",
      "quarter_label": "2022-03 (Q1)",
      "revenue": 49553000,
      "gross_profit": -9287000,
      "operating_income": -27778000,
      "net_income": -27793000,
      "opex": 18491000,
      "cogs": 58840000,
      "rd": 2701000,
      "sga": null,
      "fcf": -53629000,
      "ocf": -53106000,
      "capex": -523000,
      "gross_margin": -0.1874154945210179,
      "op_margin": -0.5605715092930801,
      "fcf_margin": -1.0822553629447258,
      "incr_op_margin_yoy": 1.223164541290083,
      "rev_growth_yoy": -0.24584899630176388,
      "rev_growth_yoy_accel": -1.5483230224227715,
      "fcf_margin_change": -0.682269126081148
    },
    {
      "date": "2022-06-30T00:00:00",
      "quarter_label": "2022-06 (Q2)",
      "revenue": 30721000,
      "gross_profit": -6512000,
      "operating_income": -25239000,
      "net_income": -25683000,
      "opex": 18727000,
      "cogs": 37233000,
      "rd": 2711000,
      "sga": null,
      "fcf": 16548000,
      "ocf": 16708000,
      "capex": -160000,
      "gross_margin": -0.2119722665277823,
      "op_margin": -0.8215552879138049,
      "fcf_margin": 0.5386543406790144,
      "incr_op_margin_yoy": -2.6163924279156134,
      "rev_growth_yoy": -0.3869042867406402,
      "rev_growth_yoy_accel": -0.14105529043887632,
      "fcf_margin_change": 1.6209097036237403
    },
    {
      "date": "2022-09-30T00:00:00",
      "quarter_label": "2022-09 (Q3)",
      "revenue": 16572000,
      "gross_profit": -9515000,
      "operating_income": -26694000,
      "net_income": -25636000,
      "opex": 17179000,
      "cogs": 26087000,
      "rd": 2126000,
      "sga": null,
      "fcf": -12818000,
      "ocf": -12687000,
      "capex": -131000,
      "gross_margin": -0.5741612358194546,
      "op_margin": -1.610789283128168,
      "fcf_margin": -0.7734733285059135,
      "incr_op_margin_yoy": 0.10772441442183596,
      "rev_growth_yoy": -0.6872558455528506,
      "rev_growth_yoy_accel": -0.3003515588122104,
      "fcf_margin_change": -1.312127669184928
    },
    {
      "date": "2022-12-31T00:00:00",
      "quarter_label": "2022-12 (Q4)",
      "revenue": 26220000,
      "gross_profit": -1914000,
      "operating_income": -19861000,
      "net_income": -20501000,
      "opex": 17947000,
      "cogs": 28134000,
      "rd": 2411000,
      "sga": null,
      "fcf": -5596000,
      "ocf": -5425000,
      "capex": -171000,
      "gross_margin": -0.07299771167048055,
      "op_margin": -0.7574752097635393,
      "fcf_margin": -0.21342486651411136,
      "incr_op_margin_yoy": -0.04876756599250341,
      "rev_growth_yoy": -0.7422361164361342,
      "rev_growth_yoy_accel": -0.05498027088328361,
      "op_leverage_ratio": 13.022639844315712,
      "fcf_margin_change": 0.5600484619918022
    },
    {
      "date": "2023-03-31T00:00:00",
      "quarter_label": "2023-03 (Q1)",
      "revenue": 40894000,
      "gross_profit": 2035000,
      "operating_income": -12397000,
      "net_income": -11762000,
      "opex": 14432000,
      "cogs": 38859000,
      "rd": 1922000,
      "sga": null,
      "fcf": -8344000,
      "ocf": -8316000,
      "capex": -28000,
      "gross_margin": 0.049762801388956814,
      "op_margin": -0.3031496062992126,
      "fcf_margin": -0.20403971242725094,
      "incr_op_margin_yoy": -1.7763021134080148,
      "rev_growth_yoy": -0.1747421952253143,
      "rev_growth_yoy_accel": 0.5674939212108199,
      "op_leverage_ratio": Infinity,
      "fcf_margin_change": 0.009385154086860414
    },
    {
      "date": "2023-06-30T00:00:00",
      "quarter_label": "2023-06 (Q2)",
      "revenue": 32359000,
      "gross_profit": 2201000,
      "operating_income": -10367000,
      "net_income": -10414000,
      "opex": 12568000,
      "cogs": 30158000,
      "rd": 1873000,
      "sga": null,
      "fcf": -22660000,
      "ocf": -22493000,
      "capex": -167000,
      "gross_margin": 0.06801817114249513,
      "op_margin": -0.3203745480391854,
      "fcf_margin": -0.7002688587409994,
      "incr_op_margin_yoy": 9.079365079365079,
      "rev_growth_yoy": 0.05331857686924254,
      "rev_growth_yoy_accel": 0.22806077209455686,
      "fcf_margin_change": -0.4962291463137485
    },
    {
      "date": "2023-09-30T00:00:00",
      "quarter_label": "2023-09 (Q3)",
      "revenue": 30548000,
      "gross_profit": 3379000,
      "operating_income": -16277000,
      "net_income": -16937000,
      "opex": 19656000,
      "cogs": 27169000,
      "rd": 1921000,
      "sga": null,
      "fcf": -15839000,
      "ocf": -15574000,
      "capex": -265000,
      "gross_margin": 0.11061280607568418,
      "op_margin": -0.5328335733926934,
      "fcf_margin": -0.5184954825193139,
      "incr_op_margin_yoy": 0.7453491700057241,
      "rev_growth_yoy": 0.8433502293024379,
      "rev_growth_yoy_accel": 0.7900316524331953,
      "fcf_margin_change": 0.18177337622168555
    },
    {
      "date": "2023-12-31T00:00:00",
      "quarter_label": "2023-12 (Q4)",
      "revenue": 23201000,
      "gross_profit": 692000,
      "operating_income": -11736000,
      "net_income": -11177000,
      "opex": 12428000,
      "cogs": 22509000,
      "rd": 1450000,
      "sga": null,
      "fcf": -6629000,
      "ocf": -6273000,
      "capex": -356000,
      "gross_margin": 0.029826300590491787,
      "op_margin": -0.5058402655057972,
      "fcf_margin": -0.2857204430843498,
      "incr_op_margin_yoy": -2.691288506127857,
      "rev_growth_yoy": -0.11514111365369947,
      "rev_growth_yoy_accel": -0.9584913429561374,
      "fcf_margin_change": 0.23277503943496408
    },
    {
      "date": "2024-03-31T00:00:00",
      "quarter_label": "2024-03 (Q1)",
      "revenue": 12587000,
      "gross_profit": -2108000,
      "operating_income": -12502000,
      "net_income": -8771000,
      "opex": 10394000,
      "cogs": 14695000,
      "rd": 1439000,
      "sga": null,
      "fcf": -12289000,
      "ocf": -11857000,
      "capex": -432000,
      "gross_margin": -0.16747437832684517,
      "op_margin": -0.9932470008739175,
      "fcf_margin": -0.9763247795344403,
      "incr_op_margin_yoy": 0.0037093298477408414,
      "rev_growth_yoy": -0.6922042353401477,
      "rev_growth_yoy_accel": -0.5770631216864482,
      "fcf_margin_change": -0.6906043364500905
    },
    {
      "date": "2024-06-30T00:00:00",
      "quarter_label": "2024-06 (Q2)",
      "revenue": 11430000,
      "gross_profit": -2343000,
      "operating_income": -11924000,
      "net_income": -12241000,
      "opex": 9581000,
      "cogs": 13773000,
      "rd": 1535000,
      "sga": null,
      "fcf": -4477000,
      "ocf": -3778000,
      "capex": -699000,
      "gross_margin": -0.20498687664041995,
      "op_margin": -1.0432195975503062,
      "fcf_margin": -0.39168853893263345,
      "incr_op_margin_yoy": 0.07439438100243681,
      "rev_growth_yoy": -0.6467752402731852,
      "rev_growth_yoy_accel": 0.04542899506696252,
      "fcf_margin_change": 0.5846362406018069
    },
    {
      "date": "2024-09-30T00:00:00",
      "quarter_label": "2024-09 (Q3)",
      "revenue": 10136000,
      "gross_profit": -4306000,
      "operating_income": -14976000,
      "net_income": -15359000,
      "opex": 10670000,
      "cogs": 14442000,
      "rd": 1467000,
      "sga": null,
      "fcf": -2597000,
      "ocf": -2373000,
      "capex": -224000,
      "gross_margin": -0.42482241515390684,
      "op_margin": -1.4775059194948699,
      "fcf_margin": -0.2562154696132597,
      "incr_op_margin_yoy": -0.06373701744072115,
      "rev_growth_yoy": -0.6681943171402384,
      "rev_growth_yoy_accel": -0.021419076867053133,
      "fcf_margin_change": 0.13547306931937375
    },
    {
      "date": "2024-12-31T00:00:00",
      "quarter_label": "2024-12 (Q4)",
      "revenue": 13202000,
      "gross_profit": -3837000,
      "operating_income": -13428000,
      "net_income": -12235000,
      "opex": 9591000,
      "cogs": 17039000,
      "rd": 1474000,
      "sga": null,
      "fcf": -16981000,
      "ocf": -16691000,
      "capex": -290000,
      "gross_margin": -0.29063778215421904,
      "op_margin": -1.017118618391153,
      "fcf_margin": -1.286244508407817,
      "incr_op_margin_yoy": 0.1692169216921692,
      "rev_growth_yoy": -0.43097280289642687,
      "rev_growth_yoy_accel": 0.2372215142438115,
      "op_leverage_ratio": Infinity,
      "fcf_margin_change": -1.0300290387945572
    },
    {
      "date": "2025-03-31T00:00:00",
      "quarter_label": "2025-03 (Q1)",
      "revenue": 20803000,
      "gross_profit": -3447000,
      "operating_income": -10560000,
      "net_income": -3819000,
      "opex": 7113000,
      "cogs": 24250000,
      "rd": 924000,
      "sga": null,
      "fcf": -8566000,
      "ocf": -8483000,
      "capex": -83000,
      "gross_margin": -0.1656972552035764,
      "op_margin": -0.5076190933999903,
      "fcf_margin": -0.41176753352881795,
      "incr_op_margin_yoy": 0.2363680623174294,
      "rev_growth_yoy": 0.652736950822277,
      "rev_growth_yoy_accel": 1.083709753718704,
      "op_leverage_ratio": Infinity,
      "fcf_margin_change": 0.8744769748789989
    },
    {
      "date": "2025-06-30T00:00:00",
      "quarter_label": "2025-06 (Q2)",
      "revenue": 19993000,
      "gross_profit": -3919000,
      "operating_income": -11499000,
      "net_income": -15430000,
      "opex": 7580000,
      "cogs": 23912000,
      "rd": 1129000,
      "sga": null,
      "fcf": -2482000,
      "ocf": -2297000,
      "capex": -185000,
      "gross_margin": -0.1960186065122793,
      "op_margin": -0.5751513029560346,
      "fcf_margin": -0.12414345020757266,
      "incr_op_margin_yoy": 0.049632138269298146,
      "rev_growth_yoy": 0.7491688538932634,
      "rev_growth_yoy_accel": 0.09643190307098637,
      "fcf_margin_change": 0.2876240833212453
    },
    {
      "date": "2025-09-30T00:00:00",
      "quarter_label": "2025-09 (Q3)",
      "revenue": 26030000,
      "gross_profit": 1594000,
      "operating_income": -7705000,
      "net_income": -23938000,
      "opex": 9299000,
      "cogs": 24436000,
      "rd": 1228000,
      "sga": null,
      "fcf": -15078000,
      "ocf": -14636000,
      "capex": -442000,
      "gross_margin": 0.06123703419131771,
      "op_margin": -0.29600461006530926,
      "fcf_margin": -0.5792547061083365,
      "incr_op_margin_yoy": 0.45746822700390083,
      "rev_growth_yoy": 1.568074191002368,
      "rev_growth_yoy_accel": 0.8189053371091045,
      "op_leverage_ratio": 1.3314857989708846,
      "fcf_margin_change": -0.45511125590076384
    }
  ],
  "signals": [
    {
      "quarter": "2025-09 (Q3)",
      "signal": "GROSS MARGIN INFLECTION",
      "detail": "GM: -16.6% -> -19.6% -> +6.1% (reversal +25.7%)",
      "severity": "HIGH"
    },
    {
      "quarter": "2025-09 (Q3)",
      "signal": "YoY REVENUE GROWTH ACCELERATION",
      "detail": "YoY growth: +156.8% vs prior quarter YoY: +74.9% (accel: +81.9%)",
      "severity": "HIGH"
    },
    {
      "quarter": "2025-06 (Q2)",
      "signal": "FCF MARGIN EXPANSION",
      "detail": "FCF margin: -41.2% -> -12.4% (+28.8%)",
      "severity": "MEDIUM"
    },
    {
      "quarter": "2025-06 (Q2)",
      "signal": "YoY REVENUE GROWTH ACCELERATION",
      "detail": "YoY growth: +74.9% vs prior quarter YoY: +65.3% (accel: +9.6%)",
      "severity": "MEDIUM"
    },
    {
      "quarter": "2025-03 (Q1)",
      "signal": "FCF MARGIN EXPANSION",
      "detail": "FCF margin: -128.6% -> -41.2% (+87.4%)",
      "severity": "MEDIUM"
    },
    {
      "quarter": "2025-03 (Q1)",
      "signal": "YoY REVENUE GROWTH ACCELERATION",
      "detail": "YoY growth: +65.3% vs prior quarter YoY: -43.1% (accel: +108.4%)",
      "severity": "HIGH"
    },
    {
      "quarter": "2024-12 (Q4)",
      "signal": "GROSS MARGIN INFLECTION",
      "detail": "GM: -20.5% -> -42.5% -> -29.1% (reversal +13.4%)",
      "severity": "HIGH"
    },
    {
      "quarter": "2024-12 (Q4)",
      "signal": "YoY REVENUE GROWTH ACCELERATION",
      "detail": "YoY growth: -43.1% vs prior quarter YoY: -66.8% (accel: +23.7%)",
      "severity": "HIGH"
    },
    {
      "quarter": "2024-09 (Q3)",
      "signal": "FCF MARGIN EXPANSION",
      "detail": "FCF margin: -39.2% -> -25.6% (+13.5%)",
      "severity": "MEDIUM"
    },
    {
      "quarter": "2024-06 (Q2)",
      "signal": "FCF MARGIN EXPANSION",
      "detail": "FCF margin: -97.6% -> -39.2% (+58.5%)",
      "severity": "MEDIUM"
    },
    {
      "quarter": "2024-03 (Q1)",
      "signal": "YoY REVENUE GROWTH DECELERATION",
      "detail": "YoY growth: -69.2% vs prior quarter YoY: -11.5% (decel: -57.7%)",
      "severity": "WARNING"
    },
    {
      "quarter": "2023-12 (Q4)",
      "signal": "FCF MARGIN EXPANSION",
      "detail": "FCF margin: -51.8% -> -28.6% (+23.3%)",
      "severity": "MEDIUM"
    },
    {
      "quarter": "2023-12 (Q4)",
      "signal": "YoY REVENUE GROWTH DECELERATION",
      "detail": "YoY growth: -11.5% vs prior quarter YoY: +84.3% (decel: -95.8%)",
      "severity": "WARNING"
    },
    {
      "quarter": "2023-09 (Q3)",
      "signal": "FCF MARGIN EXPANSION",
      "detail": "FCF margin: -70.0% -> -51.8% (+18.2%)",
      "severity": "MEDIUM"
    },
    {
      "quarter": "2023-09 (Q3)",
      "signal": "YoY REVENUE GROWTH ACCELERATION",
      "detail": "YoY growth: +84.3% vs prior quarter YoY: +5.3% (accel: +79.0%)",
      "severity": "HIGH"
    },
    {
      "quarter": "2023-06 (Q2)",
      "signal": "YoY REVENUE GROWTH ACCELERATION",
      "detail": "YoY growth: +5.3% vs prior quarter YoY: -17.5% (accel: +22.8%)",
      "severity": "HIGH"
    },
    {
      "quarter": "2023-03 (Q1)",
      "signal": "YoY REVENUE GROWTH ACCELERATION",
      "detail": "YoY growth: -17.5% vs prior quarter YoY: -74.2% (accel: +56.7%)",
      "severity": "HIGH"
    },
    {
      "quarter": "2022-12 (Q4)",
      "signal": "FCF MARGIN EXPANSION",
      "detail": "FCF margin: -77.3% -> -21.3% (+56.0%)",
      "severity": "MEDIUM"
    },
    {
      "quarter": "2022-12 (Q4)",
      "signal": "OPERATING LEVERAGE",
      "detail": "Rev growth +58.2% vs OpEx growth +4.5% (leverage: 13.0x)",
      "severity": "MEDIUM"
    },
    {
      "quarter": "2022-12 (Q4)",
      "signal": "GROSS MARGIN INFLECTION",
      "detail": "GM: -21.2% -> -57.4% -> -7.3% (reversal +50.1%)",
      "severity": "HIGH"
    },
    {
      "quarter": "2022-12 (Q4)",
      "signal": "YoY REVENUE GROWTH DECELERATION",
      "detail": "YoY growth: -74.2% vs prior quarter YoY: -68.7% (decel: -5.5%)",
      "severity": "WARNING"
    },
    {
      "quarter": "2022-09 (Q3)",
      "signal": "YoY REVENUE GROWTH DECELERATION",
      "detail": "YoY growth: -68.7% vs prior quarter YoY: -38.7% (decel: -30.0%)",
      "severity": "WARNING"
    },
    {
      "quarter": "2022-06 (Q2)",
      "signal": "FCF TURNED POSITIVE",
      "detail": "FCF margin: -108.2% -> +53.9%",
      "severity": "HIGH"
    },
    {
      "quarter": "2022-06 (Q2)",
      "signal": "YoY REVENUE GROWTH DECELERATION",
      "detail": "YoY growth: -38.7% vs prior quarter YoY: -24.6% (decel: -14.1%)",
      "severity": "WARNING"
    },
    {
      "quarter": "2022-03 (Q1)",
      "signal": "YoY REVENUE GROWTH DECELERATION",
      "detail": "YoY growth: -24.6% vs prior quarter YoY: +130.2% (decel: -154.8%)",
      "severity": "WARNING"
    },
    {
      "quarter": "2021-12 (Q4)",
      "signal": "OPERATING LEVERAGE",
      "detail": "Rev growth +92.0% vs OpEx growth +1.6% (leverage: 57.4x)",
      "severity": "MEDIUM"
    },
    {
      "quarter": "2021-09 (Q3)",
      "signal": "FCF MARGIN EXPANSION",
      "detail": "FCF margin: -116.9% -> -16.2% (+100.7%)",
      "severity": "MEDIUM"
    },
    {
      "quarter": "2021-09 (Q3)",
      "signal": "GROSS MARGIN INFLECTION",
      "detail": "GM: +0.2% -> -32.0% -> -15.2% (reversal +16.9%)",
      "severity": "HIGH"
    },
    {
      "quarter": "2021-03 (Q1)",
      "signal": "OPERATING LEVERAGE",
      "detail": "Rev growth +48.7% vs OpEx growth +24.9% (leverage: 2.0x)",
      "severity": "MEDIUM"
    }
  ],
  "data_quality": {
    "n_quarters": 20,
    "coverage": {
      "revenue": [
        20,
        20
      ],
      "gross_profit": [
        20,
        20
      ],
      "op_income": [
        20,
        20
      ],
      "fcf": [
        20,
        20
      ]
    },
    "gaps": [],
    "warnings": []
  },
  "market_cap": null,
  "source": "SEC EDGAR",
  "last_updated": "2026-02-02T23:06:03.960087"
}