{
  "ticker": "FTEK",
  "name": "FUEL TECH, INC.",
  "quarters": [
    {
      "date": "2020-12-31T00:00:00",
      "quarter_label": "2020-12 (Q4)",
      "revenue": 6216000,
      "gross_profit": 2603000,
      "operating_income": -1666000,
      "net_income": -1543000,
      "opex": 7882000,
      "cogs": 3613000,
      "rd": 297000,
      "sga": 3775000,
      "fcf": 584000,
      "ocf": 584000,
      "capex": null,
      "gross_margin": 0.41875804375804376,
      "op_margin": -0.268018018018018,
      "fcf_margin": 0.09395109395109395
    },
    {
      "date": "2021-03-31T00:00:00",
      "quarter_label": "2021-03 (Q1)",
      "revenue": 5033000,
      "gross_profit": 2358000,
      "operating_income": -1157000,
      "net_income": 398000,
      "opex": 6190000,
      "cogs": 2675000,
      "rd": 415000,
      "sga": 3100000,
      "fcf": -225000,
      "ocf": -225000,
      "capex": null,
      "gross_margin": 0.4685078482018677,
      "op_margin": -0.2298827736936221,
      "fcf_margin": -0.044704947347506456,
      "fcf_margin_change": -0.1386560412986004
    },
    {
      "date": "2021-06-30T00:00:00",
      "quarter_label": "2021-06 (Q2)",
      "revenue": 5218000,
      "gross_profit": 2583000,
      "operating_income": -689000,
      "net_income": -778000,
      "opex": 5907000,
      "cogs": 2635000,
      "rd": 315000,
      "sga": 2957000,
      "fcf": 454000,
      "ocf": 454000,
      "capex": null,
      "gross_margin": 0.4950172479877348,
      "op_margin": -0.13204292832502876,
      "fcf_margin": 0.08700651590647758,
      "op_leverage_ratio": Infinity,
      "fcf_margin_change": 0.13171146325398403
    },
    {
      "date": "2021-09-30T00:00:00",
      "quarter_label": "2021-09 (Q3)",
      "revenue": 7559000,
      "gross_profit": 3719000,
      "operating_income": 578000,
      "net_income": 678000,
      "opex": 6981000,
      "cogs": 3840000,
      "rd": 340000,
      "sga": 2801000,
      "fcf": 343000,
      "ocf": 343000,
      "capex": null,
      "gross_margin": 0.4919962958063236,
      "op_margin": 0.07646514089165234,
      "fcf_margin": 0.045376372536049744,
      "op_leverage_ratio": 2.467516289766194,
      "fcf_margin_change": -0.041630143370427836
    },
    {
      "date": "2021-12-31T00:00:00",
      "quarter_label": "2021-12 (Q4)",
      "revenue": 6451000,
      "gross_profit": 3238000,
      "operating_income": -221000,
      "net_income": -244000,
      "opex": 6672000,
      "cogs": 3213000,
      "rd": 262000,
      "sga": 3197000,
      "fcf": 189000,
      "ocf": 189000,
      "capex": null,
      "gross_margin": 0.5019376840799876,
      "op_margin": -0.03425825453418075,
      "fcf_margin": 0.029297783289412495,
      "rev_growth_yoy": 0.037805662805662804,
      "fcf_margin_change": -0.01607858924663725
    },
    {
      "date": "2022-03-31T00:00:00",
      "quarter_label": "2022-03 (Q1)",
      "revenue": 5535000,
      "gross_profit": 2290000,
      "operating_income": -984000,
      "net_income": -998000,
      "opex": 6519000,
      "cogs": 3245000,
      "rd": 220000,
      "sga": 3054000,
      "fcf": -1746000,
      "ocf": -1746000,
      "capex": null,
      "gross_margin": 0.4137308039747064,
      "op_margin": -0.17777777777777778,
      "fcf_margin": -0.3154471544715447,
      "rev_growth_yoy": 0.09974170474865886,
      "rev_growth_yoy_accel": 0.061936041942996053,
      "fcf_margin_change": -0.3447449377609572
    },
    {
      "date": "2022-06-30T00:00:00",
      "quarter_label": "2022-06 (Q2)",
      "revenue": 6368000,
      "gross_profit": 2678000,
      "operating_income": -485000,
      "net_income": -356000,
      "opex": 6853000,
      "cogs": 3690000,
      "rd": 289000,
      "sga": 2874000,
      "fcf": -1575000,
      "ocf": -1575000,
      "capex": null,
      "gross_margin": 0.42054020100502515,
      "op_margin": -0.07616206030150753,
      "fcf_margin": -0.24733040201005024,
      "incr_op_margin_yoy": 0.17739130434782607,
      "rev_growth_yoy": 0.22039095438865466,
      "rev_growth_yoy_accel": 0.1206492496399958,
      "op_leverage_ratio": 2.9373918829008647,
      "fcf_margin_change": 0.06811675246149446
    },
    {
      "date": "2022-09-30T00:00:00",
      "quarter_label": "2022-09 (Q3)",
      "revenue": 8017000,
      "gross_profit": 3672000,
      "operating_income": 192000,
      "net_income": 314000,
      "opex": 7825000,
      "cogs": 4345000,
      "rd": 207000,
      "sga": 3273000,
      "fcf": 730000,
      "ocf": 730000,
      "capex": null,
      "gross_margin": 0.4580266932767868,
      "op_margin": 0.023949108145191467,
      "fcf_margin": 0.09105650492703006,
      "rev_growth_yoy": 0.06059002513559995,
      "rev_growth_yoy_accel": -0.15980092925305472,
      "op_leverage_ratio": 1.8257111496267346,
      "fcf_margin_change": 0.3383869069370803
    },
    {
      "date": "2022-12-31T00:00:00",
      "quarter_label": "2022-12 (Q4)",
      "revenue": 7021000,
      "gross_profit": 3003000,
      "operating_income": -250000,
      "net_income": -402000,
      "opex": 7271000,
      "cogs": 4018000,
      "rd": 179000,
      "sga": 3074000,
      "fcf": -1548000,
      "ocf": -1548000,
      "capex": null,
      "gross_margin": 0.42771684945164506,
      "op_margin": -0.03560746332431278,
      "fcf_margin": -0.22048141290414472,
      "rev_growth_yoy": 0.08835839404743451,
      "rev_growth_yoy_accel": 0.02776836891183456,
      "fcf_margin_change": -0.3115379178311748
    },
    {
      "date": "2023-03-31T00:00:00",
      "quarter_label": "2023-03 (Q1)",
      "revenue": 7287000,
      "gross_profit": 2805000,
      "operating_income": -658000,
      "net_income": -414000,
      "opex": 7945000,
      "cogs": 4482000,
      "rd": 218000,
      "sga": 3245000,
      "fcf": 1010000,
      "ocf": 1010000,
      "capex": null,
      "gross_margin": 0.38493207081103337,
      "op_margin": -0.09029779058597502,
      "fcf_margin": 0.13860299162892822,
      "incr_op_margin_yoy": 0.1860730593607306,
      "rev_growth_yoy": 0.3165311653116531,
      "rev_growth_yoy_accel": 0.2281727712642186,
      "op_leverage_ratio": 0.4087115508075181,
      "fcf_margin_change": 0.35908440453307294
    },
    {
      "date": "2023-06-30T00:00:00",
      "quarter_label": "2023-06 (Q2)",
      "revenue": 5461000,
      "gross_profit": 1996000,
      "operating_income": -1332000,
      "net_income": -1044000,
      "opex": 6793000,
      "cogs": 3465000,
      "rd": 413000,
      "sga": 2915000,
      "fcf": -993000,
      "ocf": -993000,
      "capex": null,
      "gross_margin": 0.36550082402490386,
      "op_margin": -0.24391137154367332,
      "fcf_margin": -0.18183482878593665,
      "rev_growth_yoy": -0.14243090452261306,
      "rev_growth_yoy_accel": -0.45896206983426613,
      "fcf_margin_change": -0.3204378204148649
    },
    {
      "date": "2023-09-30T00:00:00",
      "quarter_label": "2023-09 (Q3)",
      "revenue": 7988000,
      "gross_profit": 3612000,
      "operating_income": 133000,
      "net_income": 459000,
      "opex": 7855000,
      "cogs": 4376000,
      "rd": 513000,
      "sga": 2966000,
      "fcf": 374000,
      "ocf": 374000,
      "capex": null,
      "gross_margin": 0.4521782674011017,
      "op_margin": 0.016649974962443664,
      "fcf_margin": 0.04682023034551828,
      "rev_growth_yoy": -0.0036173132094299613,
      "rev_growth_yoy_accel": 0.1388135913131831,
      "op_leverage_ratio": 2.959853141140172,
      "fcf_margin_change": 0.22865505913145492
    },
    {
      "date": "2023-12-31T00:00:00",
      "quarter_label": "2023-12 (Q4)",
      "revenue": 6345000,
      "gross_profit": 3243000,
      "operating_income": -801000,
      "net_income": -539000,
      "opex": 7146000,
      "cogs": 3102000,
      "rd": 367000,
      "sga": 3677000,
      "fcf": 305000,
      "ocf": 305000,
      "capex": null,
      "gross_margin": 0.5111111111111111,
      "op_margin": -0.12624113475177304,
      "fcf_margin": 0.04806934594168637,
      "rev_growth_yoy": -0.09628258082894174,
      "rev_growth_yoy_accel": -0.09266526761951178,
      "fcf_margin_change": 0.0012491155961680891
    },
    {
      "date": "2024-03-31T00:00:00",
      "quarter_label": "2024-03 (Q1)",
      "revenue": 4957000,
      "gross_profit": 2029000,
      "operating_income": -1692000,
      "net_income": 281000,
      "opex": 6649000,
      "cogs": 2928000,
      "rd": 376000,
      "sga": 3345000,
      "fcf": -1075000,
      "ocf": -1075000,
      "capex": null,
      "gross_margin": 0.40932015331853944,
      "op_margin": -0.34133548517248335,
      "fcf_margin": -0.21686503933830947,
      "incr_op_margin_yoy": 0.44377682403433477,
      "rev_growth_yoy": -0.31974749554000276,
      "rev_growth_yoy_accel": -0.223464914711061,
      "fcf_margin_change": -0.26493438527999585
    },
    {
      "date": "2024-06-30T00:00:00",
      "quarter_label": "2024-06 (Q2)",
      "revenue": 7042000,
      "gross_profit": 2952000,
      "operating_income": -715000,
      "net_income": -421000,
      "opex": 7757000,
      "cogs": 4090000,
      "rd": 422000,
      "sga": 3245000,
      "fcf": -1589000,
      "ocf": -1589000,
      "capex": null,
      "gross_margin": 0.41919909116728205,
      "op_margin": -0.10153365521158762,
      "fcf_margin": -0.22564612326043737,
      "incr_op_margin_yoy": 0.3902593295382669,
      "rev_growth_yoy": 0.2895074162241348,
      "rev_growth_yoy_accel": 0.6092549117641375,
      "op_leverage_ratio": 2.524083471646776,
      "fcf_margin_change": -0.008781083922127897
    },
    {
      "date": "2024-09-30T00:00:00",
      "quarter_label": "2024-09 (Q3)",
      "revenue": 7851000,
      "gross_profit": 3407000,
      "operating_income": -179000,
      "net_income": 80000,
      "opex": 8030000,
      "cogs": 4444000,
      "rd": 361000,
      "sga": 3225000,
      "fcf": 879000,
      "ocf": 879000,
      "capex": null,
      "gross_margin": 0.4339574576487072,
      "op_margin": -0.022799643357534073,
      "fcf_margin": 0.11196025983951088,
      "rev_growth_yoy": -0.017150726089133702,
      "rev_growth_yoy_accel": -0.3066581423132685,
      "op_leverage_ratio": 3.264251747495144,
      "fcf_margin_change": 0.3376063830999483
    },
    {
      "date": "2024-12-31T00:00:00",
      "quarter_label": "2024-12 (Q4)",
      "revenue": 5283000,
      "gross_profit": 2235000,
      "operating_income": -2116000,
      "net_income": -1883000,
      "opex": 7399000,
      "cogs": 3048000,
      "rd": 405000,
      "sga": 3946000,
      "fcf": -1648000,
      "ocf": -1648000,
      "capex": null,
      "gross_margin": 0.4230550823395798,
      "op_margin": -0.4005300018928639,
      "fcf_margin": -0.3119439712284687,
      "incr_op_margin_yoy": 1.2382297551789077,
      "rev_growth_yoy": -0.1673758865248227,
      "rev_growth_yoy_accel": -0.15022516043568898,
      "fcf_margin_change": -0.4239042310679796
    },
    {
      "date": "2025-03-31T00:00:00",
      "quarter_label": "2025-03 (Q1)",
      "revenue": 6382000,
      "gross_profit": 2959000,
      "operating_income": -952000,
      "net_income": -739000,
      "opex": 7334000,
      "cogs": 3423000,
      "rd": 570000,
      "sga": 3341000,
      "fcf": 1508000,
      "ocf": 1508000,
      "capex": null,
      "gross_margin": 0.4636477593230962,
      "op_margin": -0.14916953932936383,
      "fcf_margin": 0.23628956439987464,
      "incr_op_margin_yoy": 0.519298245614035,
      "rev_growth_yoy": 0.2874722614484567,
      "rev_growth_yoy_accel": 0.45484814797327944,
      "op_leverage_ratio": Infinity,
      "fcf_margin_change": 0.5482335356283433
    },
    {
      "date": "2025-06-30T00:00:00",
      "quarter_label": "2025-06 (Q2)",
      "revenue": 5558000,
      "gross_profit": 2529000,
      "operating_income": -1308000,
      "net_income": -689000,
      "opex": 6866000,
      "cogs": 3029000,
      "rd": 490000,
      "sga": 3347000,
      "fcf": -21000,
      "ocf": -21000,
      "capex": null,
      "gross_margin": 0.4550197912918316,
      "op_margin": -0.2353364519611371,
      "fcf_margin": -0.003778337531486146,
      "incr_op_margin_yoy": 0.3995956873315364,
      "rev_growth_yoy": -0.21073558648111332,
      "rev_growth_yoy_accel": -0.49820784792957007,
      "fcf_margin_change": -0.2400679019313608
    },
    {
      "date": "2025-09-30T00:00:00",
      "quarter_label": "2025-09 (Q3)",
      "revenue": 7490000,
      "gross_profit": 3661000,
      "operating_income": 4000,
      "net_income": 303000,
      "opex": 7486000,
      "cogs": 3829000,
      "rd": 450000,
      "sga": 3207000,
      "fcf": 3096000,
      "ocf": 3096000,
      "capex": null,
      "gross_margin": 0.48878504672897194,
      "op_margin": 0.000534045393858478,
      "fcf_margin": 0.41335113484646197,
      "rev_growth_yoy": -0.04598140364284804,
      "rev_growth_yoy_accel": 0.16475418283826526,
      "op_leverage_ratio": 3.849467782562769,
      "fcf_margin_change": 0.4171294723779481
    }
  ],
  "signals": [
    {
      "quarter": "2025-09 (Q3)",
      "signal": "FCF TURNED POSITIVE",
      "detail": "FCF margin: -0.4% -> +41.3%",
      "severity": "HIGH"
    },
    {
      "quarter": "2025-09 (Q3)",
      "signal": "OPERATING LEVERAGE",
      "detail": "Rev growth +34.8% vs OpEx growth +9.0% (leverage: 3.8x)",
      "severity": "MEDIUM"
    },
    {
      "quarter": "2025-09 (Q3)",
      "signal": "GROSS MARGIN INFLECTION",
      "detail": "GM: +46.4% -> +45.5% -> +48.9% (reversal +3.4%)",
      "severity": "MEDIUM"
    },
    {
      "quarter": "2025-09 (Q3)",
      "signal": "YoY REVENUE GROWTH ACCELERATION",
      "detail": "YoY growth: -4.6% vs prior quarter YoY: -21.1% (accel: +16.5%)",
      "severity": "HIGH"
    },
    {
      "quarter": "2025-09 (Q3)",
      "signal": "OP MARGIN TURNED POSITIVE (YoY)",
      "detail": "Op margin: -2.3% (year-ago) -> +0.1%",
      "severity": "HIGH"
    },
    {
      "quarter": "2025-09 (Q3)",
      "signal": "OP MARGIN TURNED POSITIVE (QoQ)",
      "detail": "Op margin: -23.5% -> +0.1%",
      "severity": "HIGH"
    },
    {
      "quarter": "2025-06 (Q2)",
      "signal": "YoY REVENUE GROWTH DECELERATION",
      "detail": "YoY growth: -21.1% vs prior quarter YoY: +28.7% (decel: -49.8%)",
      "severity": "WARNING"
    },
    {
      "quarter": "2025-03 (Q1)",
      "signal": "FCF TURNED POSITIVE",
      "detail": "FCF margin: -31.2% -> +23.6%",
      "severity": "HIGH"
    },
    {
      "quarter": "2025-03 (Q1)",
      "signal": "GROSS MARGIN INFLECTION",
      "detail": "GM: +43.4% -> +42.3% -> +46.4% (reversal +4.1%)",
      "severity": "MEDIUM"
    },
    {
      "quarter": "2025-03 (Q1)",
      "signal": "YoY REVENUE GROWTH ACCELERATION",
      "detail": "YoY growth: +28.7% vs prior quarter YoY: -16.7% (accel: +45.5%)",
      "severity": "HIGH"
    },
    {
      "quarter": "2024-12 (Q4)",
      "signal": "YoY REVENUE GROWTH DECELERATION",
      "detail": "YoY growth: -16.7% vs prior quarter YoY: -1.7% (decel: -15.0%)",
      "severity": "WARNING"
    },
    {
      "quarter": "2024-09 (Q3)",
      "signal": "FCF TURNED POSITIVE",
      "detail": "FCF margin: -22.6% -> +11.2%",
      "severity": "HIGH"
    },
    {
      "quarter": "2024-09 (Q3)",
      "signal": "OPERATING LEVERAGE",
      "detail": "Rev growth +11.5% vs OpEx growth +3.5% (leverage: 3.3x)",
      "severity": "MEDIUM"
    },
    {
      "quarter": "2024-09 (Q3)",
      "signal": "YoY REVENUE GROWTH DECELERATION",
      "detail": "YoY growth: -1.7% vs prior quarter YoY: +29.0% (decel: -30.7%)",
      "severity": "WARNING"
    },
    {
      "quarter": "2024-06 (Q2)",
      "signal": "OPERATING LEVERAGE",
      "detail": "Rev growth +42.1% vs OpEx growth +16.7% (leverage: 2.5x)",
      "severity": "MEDIUM"
    },
    {
      "quarter": "2024-06 (Q2)",
      "signal": "YoY REVENUE GROWTH ACCELERATION",
      "detail": "YoY growth: +29.0% vs prior quarter YoY: -32.0% (accel: +60.9%)",
      "severity": "HIGH"
    },
    {
      "quarter": "2024-03 (Q1)",
      "signal": "YoY REVENUE GROWTH DECELERATION",
      "detail": "YoY growth: -32.0% vs prior quarter YoY: -9.6% (decel: -22.3%)",
      "severity": "WARNING"
    },
    {
      "quarter": "2023-12 (Q4)",
      "signal": "YoY REVENUE GROWTH DECELERATION",
      "detail": "YoY growth: -9.6% vs prior quarter YoY: -0.4% (decel: -9.3%)",
      "severity": "WARNING"
    },
    {
      "quarter": "2023-09 (Q3)",
      "signal": "FCF TURNED POSITIVE",
      "detail": "FCF margin: -18.2% -> +4.7%",
      "severity": "HIGH"
    },
    {
      "quarter": "2023-09 (Q3)",
      "signal": "OPERATING LEVERAGE",
      "detail": "Rev growth +46.3% vs OpEx growth +15.6% (leverage: 3.0x)",
      "severity": "MEDIUM"
    },
    {
      "quarter": "2023-09 (Q3)",
      "signal": "GROSS MARGIN INFLECTION",
      "detail": "GM: +38.5% -> +36.6% -> +45.2% (reversal +8.7%)",
      "severity": "HIGH"
    },
    {
      "quarter": "2023-09 (Q3)",
      "signal": "YoY REVENUE GROWTH ACCELERATION",
      "detail": "YoY growth: -0.4% vs prior quarter YoY: -14.2% (accel: +13.9%)",
      "severity": "MEDIUM"
    },
    {
      "quarter": "2023-09 (Q3)",
      "signal": "OP MARGIN TURNED POSITIVE (QoQ)",
      "detail": "Op margin: -24.4% -> +1.7%",
      "severity": "HIGH"
    },
    {
      "quarter": "2023-06 (Q2)",
      "signal": "YoY REVENUE GROWTH DECELERATION",
      "detail": "YoY growth: -14.2% vs prior quarter YoY: +31.7% (decel: -45.9%)",
      "severity": "WARNING"
    },
    {
      "quarter": "2023-03 (Q1)",
      "signal": "FCF TURNED POSITIVE",
      "detail": "FCF margin: -22.0% -> +13.9%",
      "severity": "HIGH"
    },
    {
      "quarter": "2023-03 (Q1)",
      "signal": "YoY REVENUE GROWTH ACCELERATION",
      "detail": "YoY growth: +31.7% vs prior quarter YoY: +8.8% (accel: +22.8%)",
      "severity": "HIGH"
    },
    {
      "quarter": "2022-09 (Q3)",
      "signal": "FCF TURNED POSITIVE",
      "detail": "FCF margin: -24.7% -> +9.1%",
      "severity": "HIGH"
    },
    {
      "quarter": "2022-09 (Q3)",
      "signal": "OPERATING LEVERAGE",
      "detail": "Rev growth +25.9% vs OpEx growth +14.2% (leverage: 1.8x)",
      "severity": "MEDIUM"
    },
    {
      "quarter": "2022-09 (Q3)",
      "signal": "YoY REVENUE GROWTH DECELERATION",
      "detail": "YoY growth: +6.1% vs prior quarter YoY: +22.0% (decel: -16.0%)",
      "severity": "WARNING"
    },
    {
      "quarter": "2022-09 (Q3)",
      "signal": "OP MARGIN TURNED POSITIVE (QoQ)",
      "detail": "Op margin: -7.6% -> +2.4%",
      "severity": "HIGH"
    },
    {
      "quarter": "2022-06 (Q2)",
      "signal": "FCF MARGIN EXPANSION",
      "detail": "FCF margin: -31.5% -> -24.7% (+6.8%)",
      "severity": "MEDIUM"
    },
    {
      "quarter": "2022-06 (Q2)",
      "signal": "OPERATING LEVERAGE",
      "detail": "Rev growth +15.0% vs OpEx growth +5.1% (leverage: 2.9x)",
      "severity": "MEDIUM"
    },
    {
      "quarter": "2022-06 (Q2)",
      "signal": "YoY REVENUE GROWTH ACCELERATION",
      "detail": "YoY growth: +22.0% vs prior quarter YoY: +10.0% (accel: +12.1%)",
      "severity": "MEDIUM"
    },
    {
      "quarter": "2022-03 (Q1)",
      "signal": "YoY REVENUE GROWTH ACCELERATION",
      "detail": "YoY growth: +10.0% vs prior quarter YoY: +3.8% (accel: +6.2%)",
      "severity": "MEDIUM"
    },
    {
      "quarter": "2021-09 (Q3)",
      "signal": "OPERATING LEVERAGE",
      "detail": "Rev growth +44.9% vs OpEx growth +18.2% (leverage: 2.5x)",
      "severity": "MEDIUM"
    },
    {
      "quarter": "2021-09 (Q3)",
      "signal": "OP MARGIN TURNED POSITIVE (QoQ)",
      "detail": "Op margin: -13.2% -> +7.6%",
      "severity": "HIGH"
    },
    {
      "quarter": "2021-06 (Q2)",
      "signal": "FCF TURNED POSITIVE",
      "detail": "FCF margin: -4.5% -> +8.7%",
      "severity": "HIGH"
    }
  ],
  "data_quality": {
    "n_quarters": 20,
    "coverage": {
      "revenue": [
        20,
        20
      ],
      "gross_profit": [
        20,
        20
      ],
      "op_income": [
        20,
        20
      ],
      "fcf": [
        20,
        20
      ]
    },
    "gaps": [],
    "warnings": []
  },
  "market_cap": null,
  "source": "SEC EDGAR",
  "last_updated": "2026-02-02T23:42:04.347946",
  "sector": "Industrials",
  "industry": "Pollution & Treatment Controls"
}