{
  "ticker": "FTI",
  "name": "TechnipFMC plc",
  "quarters": [
    {
      "date": "2020-12-31T00:00:00",
      "quarter_label": "2020-12 (Q4)",
      "revenue": 3426100000,
      "gross_profit": null,
      "operating_income": 177200000,
      "net_income": -39300000,
      "opex": 3360500000,
      "cogs": null,
      "rd": 11000000,
      "sga": 285400000,
      "fcf": 526000000,
      "ocf": 554800000,
      "capex": -28800000,
      "gross_margin": null,
      "op_margin": 0.05172061527684539,
      "fcf_margin": 0.1535273342867984
    },
    {
      "date": "2021-03-31T00:00:00",
      "quarter_label": "2021-03 (Q1)",
      "revenue": 1632000000,
      "gross_profit": null,
      "operating_income": 45200000,
      "net_income": 368200000,
      "opex": 1630800000,
      "cogs": null,
      "rd": 16500000,
      "sga": 147600000,
      "fcf": 203600000,
      "ocf": 247800000,
      "capex": -44200000,
      "gross_margin": null,
      "op_margin": 0.027696078431372548,
      "fcf_margin": 0.12475490196078431,
      "fcf_margin_change": -0.02877243232601409
    },
    {
      "date": "2021-06-30T00:00:00",
      "quarter_label": "2021-06 (Q2)",
      "revenue": 1668800000,
      "gross_profit": null,
      "operating_income": 85300000,
      "net_income": -167000000,
      "opex": 1636300000,
      "cogs": null,
      "rd": 19200000,
      "sga": 172600000,
      "fcf": -125600000,
      "ocf": -85900000,
      "capex": -39700000,
      "gross_margin": null,
      "op_margin": 0.05111457334611697,
      "fcf_margin": -0.07526366251198466,
      "op_leverage_ratio": 6.685989304812835,
      "fcf_margin_change": -0.20001856447276897
    },
    {
      "date": "2021-09-30T00:00:00",
      "quarter_label": "2021-09 (Q3)",
      "revenue": 1579400000,
      "gross_profit": null,
      "operating_income": 35600000,
      "net_income": -32200000,
      "opex": 1543400000,
      "cogs": null,
      "rd": 18700000,
      "sga": 153400000,
      "fcf": 88600000,
      "ocf": 135900000,
      "capex": -47300000,
      "gross_margin": null,
      "op_margin": 0.022540205141192857,
      "fcf_margin": 0.05609725212105863,
      "fcf_margin_change": 0.13136091463304328
    },
    {
      "date": "2021-12-31T00:00:00",
      "quarter_label": "2021-12 (Q4)",
      "revenue": 1523300000,
      "gross_profit": null,
      "operating_income": 17300000,
      "net_income": -155700000,
      "opex": 1559100000,
      "cogs": null,
      "rd": 24000000,
      "sga": 171300000,
      "fcf": 423000000,
      "ocf": 483500000,
      "capex": -60500000,
      "gross_margin": null,
      "op_margin": 0.011356922470951224,
      "fcf_margin": 0.2776866014573623,
      "incr_op_margin_yoy": 0.08403405507672904,
      "rev_growth_yoy": -0.5553836723971863,
      "fcf_margin_change": 0.22158934933630367
    },
    {
      "date": "2022-03-31T00:00:00",
      "quarter_label": "2022-03 (Q1)",
      "revenue": 1555800000,
      "gross_profit": null,
      "operating_income": 57700000,
      "net_income": -61700000,
      "opex": 1545400000,
      "cogs": null,
      "rd": 14600000,
      "sga": 159600000,
      "fcf": -356700000,
      "ocf": -329400000,
      "capex": -27300000,
      "gross_margin": null,
      "op_margin": 0.03708702918112868,
      "fcf_margin": -0.22927111453914384,
      "incr_op_margin_yoy": -0.16404199475065617,
      "rev_growth_yoy": -0.046691176470588236,
      "rev_growth_yoy_accel": 0.5086924959265982,
      "op_leverage_ratio": Infinity,
      "fcf_margin_change": -0.5069577159965062
    },
    {
      "date": "2022-06-30T00:00:00",
      "quarter_label": "2022-06 (Q2)",
      "revenue": 1717200000,
      "gross_profit": null,
      "operating_income": 107100000,
      "net_income": 2100000,
      "opex": 1640200000,
      "cogs": null,
      "rd": 11500000,
      "sga": 143100000,
      "fcf": -133000000,
      "ocf": -96900000,
      "capex": -36100000,
      "gross_margin": null,
      "op_margin": 0.062368972746331235,
      "fcf_margin": -0.07745166550197996,
      "incr_op_margin_yoy": 0.45041322314049587,
      "rev_growth_yoy": 0.02900287631831256,
      "rev_growth_yoy_accel": 0.07569405278890079,
      "op_leverage_ratio": 1.6911507938445116,
      "fcf_margin_change": 0.15181944903716388
    },
    {
      "date": "2022-09-30T00:00:00",
      "quarter_label": "2022-09 (Q3)",
      "revenue": 1733000000,
      "gross_profit": null,
      "operating_income": 124000000,
      "net_income": -10300000,
      "opex": 1652200000,
      "cogs": null,
      "rd": 19000000,
      "sga": 151900000,
      "fcf": 181100000,
      "ocf": 212000000,
      "capex": -30900000,
      "gross_margin": null,
      "op_margin": 0.07155222158107329,
      "fcf_margin": 0.10450086555106751,
      "incr_op_margin_yoy": 0.5755208333333334,
      "rev_growth_yoy": 0.09725212105862986,
      "rev_growth_yoy_accel": 0.0682492447403173,
      "fcf_margin_change": 0.18195253105304748
    },
    {
      "date": "2022-12-31T00:00:00",
      "quarter_label": "2022-12 (Q4)",
      "revenue": 1694400000,
      "gross_profit": null,
      "operating_income": 87100000,
      "net_income": -37300000,
      "opex": 1665300000,
      "cogs": null,
      "rd": 21900000,
      "sga": 162200000,
      "fcf": 502800000,
      "ocf": 566400000,
      "capex": -63600000,
      "gross_margin": null,
      "op_margin": 0.05140462700661001,
      "fcf_margin": 0.29674220963172804,
      "incr_op_margin_yoy": 0.40794856808883695,
      "rev_growth_yoy": 0.11232193264622858,
      "rev_growth_yoy_accel": 0.015069811587598722,
      "fcf_margin_change": 0.19224134408066051
    },
    {
      "date": "2023-03-31T00:00:00",
      "quarter_label": "2023-03 (Q1)",
      "revenue": 1717400000,
      "gross_profit": null,
      "operating_income": 89200000,
      "net_income": 400000,
      "opex": 1666400000,
      "cogs": null,
      "rd": 15400000,
      "sga": 153900000,
      "fcf": -443500000,
      "ocf": -386200000,
      "capex": -57300000,
      "gross_margin": null,
      "op_margin": 0.05193897752416443,
      "fcf_margin": -0.2582391987888669,
      "incr_op_margin_yoy": 0.19492574257425743,
      "rev_growth_yoy": 0.10386939195269315,
      "rev_growth_yoy_accel": -0.008452540693535432,
      "op_leverage_ratio": Infinity,
      "fcf_margin_change": -0.554981408420595
    },
    {
      "date": "2023-06-30T00:00:00",
      "quarter_label": "2023-06 (Q2)",
      "revenue": 1972200000,
      "gross_profit": null,
      "operating_income": 179100000,
      "net_income": -87200000,
      "opex": 1813700000,
      "cogs": null,
      "rd": 16800000,
      "sga": 150000000,
      "fcf": 103400000,
      "ocf": 156200000,
      "capex": -52800000,
      "gross_margin": null,
      "op_margin": 0.09081229084271372,
      "fcf_margin": 0.05242875976067336,
      "incr_op_margin_yoy": 0.2823529411764706,
      "rev_growth_yoy": 0.1484975541579315,
      "rev_growth_yoy_accel": 0.04462816220523835,
      "op_leverage_ratio": 1.6784347990943858,
      "fcf_margin_change": 0.31066795854954027
    },
    {
      "date": "2023-09-30T00:00:00",
      "quarter_label": "2023-09 (Q3)",
      "revenue": 2056900000,
      "gross_profit": null,
      "operating_income": 211000000,
      "net_income": 90000000,
      "opex": 1896100000,
      "cogs": null,
      "rd": 17500000,
      "sga": 183800000,
      "fcf": 178300000,
      "ocf": 221900000,
      "capex": -43600000,
      "gross_margin": null,
      "op_margin": 0.1025815547668822,
      "fcf_margin": 0.08668384462054549,
      "incr_op_margin_yoy": 0.2686014201914171,
      "rev_growth_yoy": 0.18690132717830352,
      "rev_growth_yoy_accel": 0.03840377302037201,
      "op_leverage_ratio": 0.9453022621231231,
      "fcf_margin_change": 0.03425508485987212
    },
    {
      "date": "2023-12-31T00:00:00",
      "quarter_label": "2023-12 (Q4)",
      "revenue": 2077700000,
      "gross_profit": null,
      "operating_income": 178900000,
      "net_income": 53000000,
      "opex": 1938800000,
      "cogs": null,
      "rd": 19300000,
      "sga": 188200000,
      "fcf": 629600000,
      "ocf": 701100000,
      "capex": -71500000,
      "gross_margin": null,
      "op_margin": 0.08610482745343409,
      "fcf_margin": 0.3030273860518843,
      "incr_op_margin_yoy": 0.23949908687711974,
      "rev_growth_yoy": 0.22621576959395656,
      "rev_growth_yoy_accel": 0.039314442415653045,
      "op_leverage_ratio": 0.4490384395334468,
      "fcf_margin_change": 0.2163435414313388
    },
    {
      "date": "2024-03-31T00:00:00",
      "quarter_label": "2024-03 (Q1)",
      "revenue": 2042000000,
      "gross_profit": 335800000,
      "operating_income": 260000000,
      "net_income": 157100000,
      "opex": 1883000000,
      "cogs": 1706200000,
      "rd": 17600000,
      "sga": 159800000,
      "fcf": -178700000,
      "ocf": -126700000,
      "capex": -52000000,
      "gross_margin": 0.1644466209598433,
      "op_margin": 0.12732615083251714,
      "fcf_margin": -0.0875122428991185,
      "incr_op_margin_yoy": 0.5261860751694393,
      "rev_growth_yoy": 0.18900663794107372,
      "rev_growth_yoy_accel": -0.03720913165288284,
      "fcf_margin_change": -0.3905396289510028
    },
    {
      "date": "2024-06-30T00:00:00",
      "quarter_label": "2024-06 (Q2)",
      "revenue": 2325600000,
      "gross_profit": 493100000,
      "operating_income": 308300000,
      "net_income": 186500000,
      "opex": 2017200000,
      "cogs": 1832500000,
      "rd": 15200000,
      "sga": 174900000,
      "fcf": 180100000,
      "ocf": 230900000,
      "capex": -50800000,
      "gross_margin": 0.21203130374957,
      "op_margin": 0.13256793945648435,
      "fcf_margin": 0.0774423804609563,
      "incr_op_margin_yoy": 0.3655913978494624,
      "rev_growth_yoy": 0.1791907514450867,
      "rev_growth_yoy_accel": -0.009815886495987025,
      "op_leverage_ratio": 1.948714842261831,
      "fcf_margin_change": 0.16495462336007483
    },
    {
      "date": "2024-09-30T00:00:00",
      "quarter_label": "2024-09 (Q3)",
      "revenue": 2348400000,
      "gross_profit": null,
      "operating_income": 322500000,
      "net_income": 274600000,
      "opex": 2061200000,
      "cogs": null,
      "rd": 15400000,
      "sga": 187400000,
      "fcf": 225300000,
      "ocf": 277900000,
      "capex": -52600000,
      "gross_margin": null,
      "op_margin": 0.13732754215636178,
      "fcf_margin": 0.09593765968318856,
      "incr_op_margin_yoy": 0.38250428816466553,
      "rev_growth_yoy": 0.1417181195002188,
      "rev_growth_yoy_accel": -0.03747263194486791,
      "fcf_margin_change": 0.01849527922223225
    },
    {
      "date": "2024-12-31T00:00:00",
      "quarter_label": "2024-12 (Q4)",
      "revenue": 2367300000,
      "gross_profit": null,
      "operating_income": 266500000,
      "net_income": 224700000,
      "opex": 2165100000,
      "cogs": null,
      "rd": 25200000,
      "sga": 145000000,
      "fcf": 452700000,
      "ocf": 578900000,
      "capex": -126200000,
      "gross_margin": null,
      "op_margin": 0.11257550796265788,
      "fcf_margin": 0.191230515777468,
      "incr_op_margin_yoy": 0.30248618784530384,
      "rev_growth_yoy": 0.13938489676084131,
      "rev_growth_yoy_accel": -0.002333222739377472,
      "fcf_margin_change": 0.09529285609427944
    },
    {
      "date": "2025-03-31T00:00:00",
      "quarter_label": "2025-03 (Q1)",
      "revenue": 2233600000,
      "gross_profit": 457100000,
      "operating_income": 278100000,
      "net_income": 142000000,
      "opex": 1973200000,
      "cogs": 1776500000,
      "rd": 19100000,
      "sga": 184200000,
      "fcf": 379900000,
      "ocf": 441700000,
      "capex": -61800000,
      "gross_margin": 0.20464720630372493,
      "op_margin": 0.12450752148997135,
      "fcf_margin": 0.17008416905444126,
      "incr_op_margin_yoy": 0.09446764091858037,
      "rev_growth_yoy": 0.09382957884427032,
      "rev_growth_yoy_accel": -0.045555317916571,
      "fcf_margin_change": -0.021146346723026732
    },
    {
      "date": "2025-06-30T00:00:00",
      "quarter_label": "2025-06 (Q2)",
      "revenue": 2534700000,
      "gross_profit": 586500000,
      "operating_income": 403700000,
      "net_income": 269500000,
      "opex": 2145100000,
      "cogs": 1948200000,
      "rd": 14100000,
      "sga": 173200000,
      "fcf": 260600000,
      "ocf": 344200000,
      "capex": -83600000,
      "gross_margin": 0.23138832997987926,
      "op_margin": 0.15926934153943267,
      "fcf_margin": 0.10281295616838285,
      "incr_op_margin_yoy": 0.4562410329985653,
      "rev_growth_yoy": 0.08991228070175439,
      "rev_growth_yoy_accel": -0.003917298142515929,
      "op_leverage_ratio": 1.5473928460106245,
      "fcf_margin_change": -0.06727121288605842
    },
    {
      "date": "2025-09-30T00:00:00",
      "quarter_label": "2025-09 (Q3)",
      "revenue": 2647300000,
      "gross_profit": null,
      "operating_income": 438100000,
      "net_income": 309700000,
      "opex": 2242300000,
      "cogs": null,
      "rd": 22500000,
      "sga": 173200000,
      "fcf": 447800000,
      "ocf": 525100000,
      "capex": -77300000,
      "gross_margin": null,
      "op_margin": 0.16548936652438334,
      "fcf_margin": 0.16915347712763948,
      "incr_op_margin_yoy": 0.3867514218802275,
      "rev_growth_yoy": 0.1272781468233691,
      "rev_growth_yoy_accel": 0.037365866121614716,
      "op_leverage_ratio": 0.9803769766180395,
      "fcf_margin_change": 0.06634052095925663
    }
  ],
  "signals": [
    {
      "quarter": "2025-09 (Q3)",
      "signal": "FCF MARGIN EXPANSION",
      "detail": "FCF margin: +10.3% -> +16.9% (+6.6%)",
      "severity": "MEDIUM"
    },
    {
      "quarter": "2025-09 (Q3)",
      "signal": "INCREMENTAL MARGIN (YoY)",
      "detail": "YoY Incr OPM: +38.7% vs year-ago OPM: +13.7%",
      "severity": "HIGH"
    },
    {
      "quarter": "2025-06 (Q2)",
      "signal": "OPERATING LEVERAGE",
      "detail": "Rev growth +13.5% vs OpEx growth +8.7% (leverage: 1.5x)",
      "severity": "MEDIUM"
    },
    {
      "quarter": "2025-06 (Q2)",
      "signal": "INCREMENTAL MARGIN (YoY)",
      "detail": "YoY Incr OPM: +45.6% vs year-ago OPM: +13.3%",
      "severity": "HIGH"
    },
    {
      "quarter": "2024-12 (Q4)",
      "signal": "FCF MARGIN EXPANSION",
      "detail": "FCF margin: +9.6% -> +19.1% (+9.5%)",
      "severity": "MEDIUM"
    },
    {
      "quarter": "2024-12 (Q4)",
      "signal": "INCREMENTAL MARGIN (YoY)",
      "detail": "YoY Incr OPM: +30.2% vs year-ago OPM: +8.6%",
      "severity": "HIGH"
    },
    {
      "quarter": "2024-09 (Q3)",
      "signal": "INCREMENTAL MARGIN (YoY)",
      "detail": "YoY Incr OPM: +38.3% vs year-ago OPM: +10.3%",
      "severity": "HIGH"
    },
    {
      "quarter": "2024-06 (Q2)",
      "signal": "FCF TURNED POSITIVE",
      "detail": "FCF margin: -8.8% -> +7.7%",
      "severity": "HIGH"
    },
    {
      "quarter": "2024-06 (Q2)",
      "signal": "OPERATING LEVERAGE",
      "detail": "Rev growth +13.9% vs OpEx growth +7.1% (leverage: 1.9x)",
      "severity": "MEDIUM"
    },
    {
      "quarter": "2024-06 (Q2)",
      "signal": "INCREMENTAL MARGIN (YoY)",
      "detail": "YoY Incr OPM: +36.6% vs year-ago OPM: +9.1%",
      "severity": "HIGH"
    },
    {
      "quarter": "2024-03 (Q1)",
      "signal": "INCREMENTAL MARGIN (YoY)",
      "detail": "YoY Incr OPM: +52.6% vs year-ago OPM: +5.2%",
      "severity": "HIGH"
    },
    {
      "quarter": "2023-12 (Q4)",
      "signal": "FCF MARGIN EXPANSION",
      "detail": "FCF margin: +8.7% -> +30.3% (+21.6%)",
      "severity": "MEDIUM"
    },
    {
      "quarter": "2023-12 (Q4)",
      "signal": "INCREMENTAL MARGIN (YoY)",
      "detail": "YoY Incr OPM: +23.9% vs year-ago OPM: +5.1%",
      "severity": "MEDIUM"
    },
    {
      "quarter": "2023-09 (Q3)",
      "signal": "INCREMENTAL MARGIN (YoY)",
      "detail": "YoY Incr OPM: +26.9% vs year-ago OPM: +7.2%",
      "severity": "MEDIUM"
    },
    {
      "quarter": "2023-06 (Q2)",
      "signal": "FCF TURNED POSITIVE",
      "detail": "FCF margin: -25.8% -> +5.2%",
      "severity": "HIGH"
    },
    {
      "quarter": "2023-06 (Q2)",
      "signal": "OPERATING LEVERAGE",
      "detail": "Rev growth +14.8% vs OpEx growth +8.8% (leverage: 1.7x)",
      "severity": "MEDIUM"
    },
    {
      "quarter": "2023-06 (Q2)",
      "signal": "INCREMENTAL MARGIN (YoY)",
      "detail": "YoY Incr OPM: +28.2% vs year-ago OPM: +6.2%",
      "severity": "HIGH"
    },
    {
      "quarter": "2023-03 (Q1)",
      "signal": "OPERATING LEVERAGE",
      "detail": "Rev growth +1.4% vs OpEx growth +0.1% (leverage: 20.5x)",
      "severity": "MEDIUM"
    },
    {
      "quarter": "2023-03 (Q1)",
      "signal": "INCREMENTAL MARGIN (YoY)",
      "detail": "YoY Incr OPM: +19.5% vs year-ago OPM: +3.7%",
      "severity": "MEDIUM"
    },
    {
      "quarter": "2022-12 (Q4)",
      "signal": "FCF MARGIN EXPANSION",
      "detail": "FCF margin: +10.5% -> +29.7% (+19.2%)",
      "severity": "MEDIUM"
    },
    {
      "quarter": "2022-12 (Q4)",
      "signal": "INCREMENTAL MARGIN (YoY)",
      "detail": "YoY Incr OPM: +40.8% vs year-ago OPM: +1.1%",
      "severity": "HIGH"
    },
    {
      "quarter": "2022-09 (Q3)",
      "signal": "FCF TURNED POSITIVE",
      "detail": "FCF margin: -7.7% -> +10.5%",
      "severity": "HIGH"
    },
    {
      "quarter": "2022-09 (Q3)",
      "signal": "YoY REVENUE GROWTH ACCELERATION",
      "detail": "YoY growth: +9.7% vs prior quarter YoY: +2.9% (accel: +6.8%)",
      "severity": "MEDIUM"
    },
    {
      "quarter": "2022-09 (Q3)",
      "signal": "INCREMENTAL MARGIN (YoY)",
      "detail": "YoY Incr OPM: +57.6% vs year-ago OPM: +2.3%",
      "severity": "HIGH"
    },
    {
      "quarter": "2022-06 (Q2)",
      "signal": "FCF MARGIN EXPANSION",
      "detail": "FCF margin: -22.9% -> -7.7% (+15.2%)",
      "severity": "MEDIUM"
    },
    {
      "quarter": "2022-06 (Q2)",
      "signal": "OPERATING LEVERAGE",
      "detail": "Rev growth +10.4% vs OpEx growth +6.1% (leverage: 1.7x)",
      "severity": "MEDIUM"
    },
    {
      "quarter": "2022-06 (Q2)",
      "signal": "YoY REVENUE GROWTH ACCELERATION",
      "detail": "YoY growth: +2.9% vs prior quarter YoY: -4.7% (accel: +7.6%)",
      "severity": "MEDIUM"
    },
    {
      "quarter": "2022-06 (Q2)",
      "signal": "INCREMENTAL MARGIN (YoY)",
      "detail": "YoY Incr OPM: +45.0% vs year-ago OPM: +5.1%",
      "severity": "HIGH"
    },
    {
      "quarter": "2022-03 (Q1)",
      "signal": "YoY REVENUE GROWTH ACCELERATION",
      "detail": "YoY growth: -4.7% vs prior quarter YoY: -55.5% (accel: +50.9%)",
      "severity": "HIGH"
    },
    {
      "quarter": "2021-12 (Q4)",
      "signal": "FCF MARGIN EXPANSION",
      "detail": "FCF margin: +5.6% -> +27.8% (+22.2%)",
      "severity": "MEDIUM"
    },
    {
      "quarter": "2021-09 (Q3)",
      "signal": "FCF TURNED POSITIVE",
      "detail": "FCF margin: -7.5% -> +5.6%",
      "severity": "HIGH"
    },
    {
      "quarter": "2021-06 (Q2)",
      "signal": "OPERATING LEVERAGE",
      "detail": "Rev growth +2.3% vs OpEx growth +0.3% (leverage: 6.7x)",
      "severity": "MEDIUM"
    }
  ],
  "data_quality": {
    "n_quarters": 20,
    "coverage": {
      "revenue": [
        20,
        20
      ],
      "gross_profit": [
        4,
        20
      ],
      "op_income": [
        20,
        20
      ],
      "fcf": [
        20,
        20
      ]
    },
    "gaps": [],
    "warnings": [
      "gross_profit: 4/20Q"
    ]
  },
  "market_cap": null,
  "source": "SEC EDGAR",
  "last_updated": "2026-02-02T20:15:36.577877",
  "sector": "Energy",
  "industry": "Oil & Gas Equipment & Services"
}