{
  "ticker": "FTLF",
  "name": "FITLIFE BRANDS, INC.",
  "quarters": [
    {
      "date": "2020-12-31T00:00:00",
      "quarter_label": "2020-12 (Q4)",
      "revenue": 5930000,
      "gross_profit": 2476000,
      "operating_income": 1350000,
      "net_income": 5733000,
      "opex": 1126000,
      "cogs": 3454000,
      "rd": null,
      "sga": null,
      "fcf": 2246000,
      "ocf": 2246000,
      "capex": null,
      "gross_margin": 0.41753794266441824,
      "op_margin": 0.22765598650927488,
      "fcf_margin": 0.378752107925801
    },
    {
      "date": "2021-03-31T00:00:00",
      "quarter_label": "2021-03 (Q1)",
      "revenue": 6158000,
      "gross_profit": 3077000,
      "operating_income": 1543000,
      "net_income": 1684000,
      "opex": 1534000,
      "cogs": 3081000,
      "rd": null,
      "sga": null,
      "fcf": 289000,
      "ocf": 289000,
      "capex": null,
      "gross_margin": 0.49967521922702174,
      "op_margin": 0.2505683663527119,
      "fcf_margin": 0.04693082169535563,
      "op_leverage_ratio": 0.10611050491022718,
      "fcf_margin_change": -0.3318212862304454
    },
    {
      "date": "2021-06-30T00:00:00",
      "quarter_label": "2021-06 (Q2)",
      "revenue": 8141000,
      "gross_profit": 3561000,
      "operating_income": 1913000,
      "net_income": 1508000,
      "opex": 1648000,
      "cogs": 4580000,
      "rd": null,
      "sga": null,
      "fcf": 2719000,
      "ocf": 2719000,
      "capex": null,
      "gross_margin": 0.43741555091512097,
      "op_margin": 0.23498341727060557,
      "fcf_margin": 0.3339884535069402,
      "op_leverage_ratio": 4.333148151313653,
      "fcf_margin_change": 0.28705763181158456
    },
    {
      "date": "2021-09-30T00:00:00",
      "quarter_label": "2021-09 (Q3)",
      "revenue": 6705000,
      "gross_profit": 2945000,
      "operating_income": 1431000,
      "net_income": 1125000,
      "opex": 1514000,
      "cogs": 3760000,
      "rd": null,
      "sga": 1496000,
      "fcf": 192000,
      "ocf": 192000,
      "capex": null,
      "gross_margin": 0.43922445935868754,
      "op_margin": 0.2134228187919463,
      "fcf_margin": 0.028635346756152126,
      "fcf_margin_change": -0.30535310675078803
    },
    {
      "date": "2021-12-31T00:00:00",
      "quarter_label": "2021-12 (Q4)",
      "revenue": 6909000,
      "gross_profit": 2921000,
      "operating_income": 1343000,
      "net_income": 1093000,
      "opex": 1578000,
      "cogs": 3988000,
      "rd": null,
      "sga": 1560000,
      "fcf": 1280000,
      "ocf": 1280000,
      "capex": null,
      "gross_margin": 0.42278187870893036,
      "op_margin": 0.19438413663337675,
      "fcf_margin": 0.1852655955999421,
      "rev_growth_yoy": 0.16509274873524452,
      "op_leverage_ratio": 0.7197427293064876,
      "fcf_margin_change": 0.15663024884378998
    },
    {
      "date": "2022-03-31T00:00:00",
      "quarter_label": "2022-03 (Q1)",
      "revenue": 7455000,
      "gross_profit": 3272000,
      "operating_income": 1596000,
      "net_income": 1290000,
      "opex": 1676000,
      "cogs": 4183000,
      "rd": null,
      "sga": 1495000,
      "fcf": 1134000,
      "ocf": 1134000,
      "capex": null,
      "gross_margin": 0.43890006706908113,
      "op_margin": 0.2140845070422535,
      "fcf_margin": 0.15211267605633802,
      "incr_op_margin_yoy": 0.040863531225905934,
      "rev_growth_yoy": 0.21062033127638843,
      "rev_growth_yoy_accel": 0.04552758254114392,
      "op_leverage_ratio": 1.272501705849513,
      "fcf_margin_change": -0.03315291954360408
    },
    {
      "date": "2022-06-30T00:00:00",
      "quarter_label": "2022-06 (Q2)",
      "revenue": 7999000,
      "gross_profit": 3665000,
      "operating_income": 1825000,
      "net_income": 1446000,
      "opex": 1840000,
      "cogs": 4334000,
      "rd": null,
      "sga": 1445000,
      "fcf": 1244000,
      "ocf": 1244000,
      "capex": null,
      "gross_margin": 0.458182272784098,
      "op_margin": 0.22815351918989873,
      "fcf_margin": 0.15551943992999126,
      "rev_growth_yoy": -0.017442574622282273,
      "rev_growth_yoy_accel": -0.2280629058986707,
      "op_leverage_ratio": 0.7457296625280136,
      "fcf_margin_change": 0.00340676387365324
    },
    {
      "date": "2022-09-30T00:00:00",
      "quarter_label": "2022-09 (Q3)",
      "revenue": 8314000,
      "gross_profit": 3244000,
      "operating_income": 1541000,
      "net_income": 1220000,
      "opex": 1703000,
      "cogs": 5070000,
      "rd": null,
      "sga": 1686000,
      "fcf": 2625000,
      "ocf": 2625000,
      "capex": null,
      "gross_margin": 0.39018522973298053,
      "op_margin": 0.18535001202790474,
      "fcf_margin": 0.31573249939860476,
      "incr_op_margin_yoy": 0.06836544437538844,
      "rev_growth_yoy": 0.23997017151379568,
      "rev_growth_yoy_accel": 0.25741274613607795,
      "op_leverage_ratio": Infinity,
      "fcf_margin_change": 0.1602130594686135
    },
    {
      "date": "2022-12-31T00:00:00",
      "quarter_label": "2022-12 (Q4)",
      "revenue": 5370000,
      "gross_profit": 2188000,
      "operating_income": 738000,
      "net_income": 473000,
      "opex": 1450000,
      "cogs": 3182000,
      "rd": null,
      "sga": 1433000,
      "fcf": -873000,
      "ocf": -873000,
      "capex": null,
      "gross_margin": 0.4074487895716946,
      "op_margin": 0.13743016759776536,
      "fcf_margin": -0.16256983240223463,
      "incr_op_margin_yoy": 0.3931124106562703,
      "rev_growth_yoy": -0.2227529309596179,
      "rev_growth_yoy_accel": -0.4627231024734136,
      "fcf_margin_change": -0.47830233180083936
    },
    {
      "date": "2023-03-31T00:00:00",
      "quarter_label": "2023-03 (Q1)",
      "revenue": 10738000,
      "gross_profit": 4408000,
      "operating_income": 673000,
      "net_income": 156000,
      "opex": 3735000,
      "cogs": 6330000,
      "rd": null,
      "sga": 2344000,
      "fcf": 232000,
      "ocf": 232000,
      "capex": null,
      "gross_margin": 0.41050474948780036,
      "op_margin": 0.06267461352207115,
      "fcf_margin": 0.02160551313093686,
      "incr_op_margin_yoy": -0.28114529393847093,
      "rev_growth_yoy": 0.4403755868544601,
      "rev_growth_yoy_accel": 0.663128517814078,
      "op_leverage_ratio": 0.634336964007025,
      "fcf_margin_change": 0.1841753455331715
    },
    {
      "date": "2023-06-30T00:00:00",
      "quarter_label": "2023-06 (Q2)",
      "revenue": 14760000,
      "gross_profit": 5965000,
      "operating_income": 2584000,
      "net_income": 1964000,
      "opex": 3381000,
      "cogs": 8795000,
      "rd": null,
      "sga": 3243000,
      "fcf": 1508000,
      "ocf": 1562000,
      "capex": -54000,
      "gross_margin": 0.4041327913279133,
      "op_margin": 0.17506775067750677,
      "fcf_margin": 0.1021680216802168,
      "incr_op_margin_yoy": 0.11226149977813933,
      "rev_growth_yoy": 0.845230653831729,
      "rev_growth_yoy_accel": 0.4048550669772689,
      "op_leverage_ratio": Infinity,
      "fcf_margin_change": 0.08056250854927993
    },
    {
      "date": "2023-09-30T00:00:00",
      "quarter_label": "2023-09 (Q3)",
      "revenue": 13902000,
      "gross_profit": 5696000,
      "operating_income": 2470000,
      "net_income": 1696000,
      "opex": 3226000,
      "cogs": 8206000,
      "rd": null,
      "sga": 3172000,
      "fcf": 972000,
      "ocf": 978000,
      "capex": -6000,
      "gross_margin": 0.40972521939289314,
      "op_margin": 0.17767227737016256,
      "fcf_margin": 0.06991799741044454,
      "incr_op_margin_yoy": 0.16624910522548317,
      "rev_growth_yoy": 0.6721193168150108,
      "rev_growth_yoy_accel": -0.17311133701671821,
      "fcf_margin_change": -0.03225002426977226
    },
    {
      "date": "2023-12-31T00:00:00",
      "quarter_label": "2023-12 (Q4)",
      "revenue": 13299000,
      "gross_profit": 5363000,
      "operating_income": 1822000,
      "net_income": 1480000,
      "opex": 3541000,
      "cogs": 7936000,
      "rd": null,
      "sga": 3403000,
      "fcf": 1402000,
      "ocf": 1448000,
      "capex": -46000,
      "gross_margin": 0.40326340326340326,
      "op_margin": 0.1370027821640725,
      "fcf_margin": 0.10542146026016994,
      "incr_op_margin_yoy": 0.13671333081094716,
      "rev_growth_yoy": 1.476536312849162,
      "rev_growth_yoy_accel": 0.8044169960341512,
      "fcf_margin_change": 0.0355034628497254
    },
    {
      "date": "2024-03-31T00:00:00",
      "quarter_label": "2024-03 (Q1)",
      "revenue": 16549000,
      "gross_profit": 7287000,
      "operating_income": 3381000,
      "net_income": 2160000,
      "opex": 3906000,
      "cogs": 9262000,
      "rd": null,
      "sga": 3736000,
      "fcf": 5026000,
      "ocf": 5036000,
      "capex": -10000,
      "gross_margin": 0.4403287207686265,
      "op_margin": 0.20430237476584687,
      "fcf_margin": 0.30370415130823614,
      "incr_op_margin_yoy": 0.4660127344691103,
      "rev_growth_yoy": 0.5411622276029056,
      "rev_growth_yoy_accel": -0.9353740852462564,
      "op_leverage_ratio": 2.370813749514589,
      "fcf_margin_change": 0.1982826910480662
    },
    {
      "date": "2024-06-30T00:00:00",
      "quarter_label": "2024-06 (Q2)",
      "revenue": 16930000,
      "gross_profit": 7580000,
      "operating_income": 3675000,
      "net_income": 2628000,
      "opex": 3905000,
      "cogs": 9350000,
      "rd": null,
      "sga": 2528000,
      "fcf": 1570000,
      "ocf": 1570000,
      "capex": null,
      "gross_margin": 0.4477259303012404,
      "op_margin": 0.21707028942705256,
      "fcf_margin": 0.09273479031305375,
      "incr_op_margin_yoy": 0.5027649769585254,
      "rev_growth_yoy": 0.1470189701897019,
      "rev_growth_yoy_accel": -0.39414325741320366,
      "op_leverage_ratio": Infinity,
      "fcf_margin_change": -0.21096936099518238
    },
    {
      "date": "2024-09-30T00:00:00",
      "quarter_label": "2024-09 (Q3)",
      "revenue": 15977000,
      "gross_profit": 7001000,
      "operating_income": 3182000,
      "net_income": 2126000,
      "opex": 3819000,
      "cogs": 8976000,
      "rd": null,
      "sga": 2645000,
      "fcf": 2047000,
      "ocf": 2047000,
      "capex": null,
      "gross_margin": 0.4381924015772673,
      "op_margin": 0.19916129436064342,
      "fcf_margin": 0.12812167490767978,
      "incr_op_margin_yoy": 0.34313253012048195,
      "rev_growth_yoy": 0.1492590994101568,
      "rev_growth_yoy_accel": 0.0022401292204549117,
      "fcf_margin_change": 0.035386884594626036
    },
    {
      "date": "2024-12-31T00:00:00",
      "quarter_label": "2024-12 (Q4)",
      "revenue": 15013000,
      "gross_profit": 6212000,
      "operating_income": 2881000,
      "net_income": 2070000,
      "opex": 3331000,
      "cogs": 8801000,
      "rd": null,
      "sga": 2291000,
      "fcf": 957000,
      "ocf": 957000,
      "capex": null,
      "gross_margin": 0.4137747285685739,
      "op_margin": 0.19190035302737626,
      "fcf_margin": 0.06374475454606009,
      "incr_op_margin_yoy": 0.617852975495916,
      "rev_growth_yoy": 0.1288818708173547,
      "rev_growth_yoy_accel": -0.02037722859280211,
      "fcf_margin_change": -0.0643769203616197
    },
    {
      "date": "2025-03-31T00:00:00",
      "quarter_label": "2025-03 (Q1)",
      "revenue": 15936000,
      "gross_profit": 6874000,
      "operating_income": 2958000,
      "net_income": 2018000,
      "opex": 3916000,
      "cogs": 9062000,
      "rd": null,
      "sga": 2512000,
      "fcf": 2304000,
      "ocf": 2328000,
      "capex": -24000,
      "gross_margin": 0.4313504016064257,
      "op_margin": 0.18561746987951808,
      "fcf_margin": 0.14457831325301204,
      "rev_growth_yoy": -0.03704151308236147,
      "rev_growth_yoy_accel": -0.16592338389971617,
      "op_leverage_ratio": 0.35006845918722296,
      "fcf_margin_change": 0.08083355870695196
    },
    {
      "date": "2025-06-30T00:00:00",
      "quarter_label": "2025-06 (Q2)",
      "revenue": 16127000,
      "gross_profit": 6904000,
      "operating_income": 2518000,
      "net_income": 1747000,
      "opex": 4386000,
      "cogs": 9223000,
      "rd": null,
      "sga": 2485000,
      "fcf": 1190000,
      "ocf": 1195000,
      "capex": -5000,
      "gross_margin": 0.4281019408445464,
      "op_margin": 0.15613567309480994,
      "fcf_margin": 0.07378929745147889,
      "rev_growth_yoy": -0.047430596574128764,
      "rev_growth_yoy_accel": -0.010389083491767294,
      "op_leverage_ratio": 0.09986168076561565,
      "fcf_margin_change": -0.07078901580153316
    },
    {
      "date": "2025-09-30T00:00:00",
      "quarter_label": "2025-09 (Q3)",
      "revenue": 23485000,
      "gross_profit": 8736000,
      "operating_income": 2318000,
      "net_income": 921000,
      "opex": 6418000,
      "cogs": 14749000,
      "rd": null,
      "sga": 4105000,
      "fcf": 3664000,
      "ocf": 3672000,
      "capex": -8000,
      "gross_margin": 0.37198211624441135,
      "op_margin": 0.0987012987012987,
      "fcf_margin": 0.15601447732595275,
      "incr_op_margin_yoy": -0.11507725093233884,
      "rev_growth_yoy": 0.4699255179320273,
      "rev_growth_yoy_accel": 0.517356114506156,
      "op_leverage_ratio": 0.9848069872551973,
      "fcf_margin_change": 0.08222517987447386
    }
  ],
  "signals": [
    {
      "quarter": "2025-09 (Q3)",
      "signal": "FCF MARGIN EXPANSION",
      "detail": "FCF margin: +7.4% -> +15.6% (+8.2%)",
      "severity": "MEDIUM"
    },
    {
      "quarter": "2025-09 (Q3)",
      "signal": "YoY REVENUE GROWTH ACCELERATION",
      "detail": "YoY growth: +47.0% vs prior quarter YoY: -4.7% (accel: +51.7%)",
      "severity": "HIGH"
    },
    {
      "quarter": "2025-03 (Q1)",
      "signal": "FCF MARGIN EXPANSION",
      "detail": "FCF margin: +6.4% -> +14.5% (+8.1%)",
      "severity": "MEDIUM"
    },
    {
      "quarter": "2025-03 (Q1)",
      "signal": "YoY REVENUE GROWTH DECELERATION",
      "detail": "YoY growth: -3.7% vs prior quarter YoY: +12.9% (decel: -16.6%)",
      "severity": "WARNING"
    },
    {
      "quarter": "2024-12 (Q4)",
      "signal": "INCREMENTAL MARGIN (YoY)",
      "detail": "YoY Incr OPM: +61.8% vs year-ago OPM: +13.7%",
      "severity": "HIGH"
    },
    {
      "quarter": "2024-09 (Q3)",
      "signal": "INCREMENTAL MARGIN (YoY)",
      "detail": "YoY Incr OPM: +34.3% vs year-ago OPM: +17.8%",
      "severity": "MEDIUM"
    },
    {
      "quarter": "2024-06 (Q2)",
      "signal": "YoY REVENUE GROWTH DECELERATION",
      "detail": "YoY growth: +14.7% vs prior quarter YoY: +54.1% (decel: -39.4%)",
      "severity": "WARNING"
    },
    {
      "quarter": "2024-06 (Q2)",
      "signal": "INCREMENTAL MARGIN (YoY)",
      "detail": "YoY Incr OPM: +50.3% vs year-ago OPM: +17.5%",
      "severity": "HIGH"
    },
    {
      "quarter": "2024-03 (Q1)",
      "signal": "FCF MARGIN EXPANSION",
      "detail": "FCF margin: +10.5% -> +30.4% (+19.8%)",
      "severity": "MEDIUM"
    },
    {
      "quarter": "2024-03 (Q1)",
      "signal": "OPERATING LEVERAGE",
      "detail": "Rev growth +24.4% vs OpEx growth +10.3% (leverage: 2.4x)",
      "severity": "MEDIUM"
    },
    {
      "quarter": "2024-03 (Q1)",
      "signal": "GROSS MARGIN INFLECTION",
      "detail": "GM: +41.0% -> +40.3% -> +44.0% (reversal +3.7%)",
      "severity": "MEDIUM"
    },
    {
      "quarter": "2024-03 (Q1)",
      "signal": "YoY REVENUE GROWTH DECELERATION",
      "detail": "YoY growth: +54.1% vs prior quarter YoY: +147.7% (decel: -93.5%)",
      "severity": "WARNING"
    },
    {
      "quarter": "2024-03 (Q1)",
      "signal": "INCREMENTAL MARGIN (YoY)",
      "detail": "YoY Incr OPM: +46.6% vs year-ago OPM: +6.3%",
      "severity": "HIGH"
    },
    {
      "quarter": "2023-12 (Q4)",
      "signal": "YoY REVENUE GROWTH ACCELERATION",
      "detail": "YoY growth: +147.7% vs prior quarter YoY: +67.2% (accel: +80.4%)",
      "severity": "HIGH"
    },
    {
      "quarter": "2023-09 (Q3)",
      "signal": "YoY REVENUE GROWTH DECELERATION",
      "detail": "YoY growth: +67.2% vs prior quarter YoY: +84.5% (decel: -17.3%)",
      "severity": "WARNING"
    },
    {
      "quarter": "2023-06 (Q2)",
      "signal": "FCF MARGIN EXPANSION",
      "detail": "FCF margin: +2.2% -> +10.2% (+8.1%)",
      "severity": "MEDIUM"
    },
    {
      "quarter": "2023-06 (Q2)",
      "signal": "YoY REVENUE GROWTH ACCELERATION",
      "detail": "YoY growth: +84.5% vs prior quarter YoY: +44.0% (accel: +40.5%)",
      "severity": "HIGH"
    },
    {
      "quarter": "2023-03 (Q1)",
      "signal": "FCF TURNED POSITIVE",
      "detail": "FCF margin: -16.3% -> +2.2%",
      "severity": "HIGH"
    },
    {
      "quarter": "2023-03 (Q1)",
      "signal": "YoY REVENUE GROWTH ACCELERATION",
      "detail": "YoY growth: +44.0% vs prior quarter YoY: -22.3% (accel: +66.3%)",
      "severity": "HIGH"
    },
    {
      "quarter": "2022-12 (Q4)",
      "signal": "YoY REVENUE GROWTH DECELERATION",
      "detail": "YoY growth: -22.3% vs prior quarter YoY: +24.0% (decel: -46.3%)",
      "severity": "WARNING"
    },
    {
      "quarter": "2022-12 (Q4)",
      "signal": "INCREMENTAL MARGIN (YoY)",
      "detail": "YoY Incr OPM: +39.3% vs year-ago OPM: +19.4%",
      "severity": "MEDIUM"
    },
    {
      "quarter": "2022-09 (Q3)",
      "signal": "FCF MARGIN EXPANSION",
      "detail": "FCF margin: +15.6% -> +31.6% (+16.0%)",
      "severity": "MEDIUM"
    },
    {
      "quarter": "2022-09 (Q3)",
      "signal": "YoY REVENUE GROWTH ACCELERATION",
      "detail": "YoY growth: +24.0% vs prior quarter YoY: -1.7% (accel: +25.7%)",
      "severity": "HIGH"
    },
    {
      "quarter": "2022-06 (Q2)",
      "signal": "YoY REVENUE GROWTH DECELERATION",
      "detail": "YoY growth: -1.7% vs prior quarter YoY: +21.1% (decel: -22.8%)",
      "severity": "WARNING"
    },
    {
      "quarter": "2021-12 (Q4)",
      "signal": "FCF MARGIN EXPANSION",
      "detail": "FCF margin: +2.9% -> +18.5% (+15.7%)",
      "severity": "MEDIUM"
    },
    {
      "quarter": "2021-06 (Q2)",
      "signal": "FCF MARGIN EXPANSION",
      "detail": "FCF margin: +4.7% -> +33.4% (+28.7%)",
      "severity": "MEDIUM"
    },
    {
      "quarter": "2021-06 (Q2)",
      "signal": "OPERATING LEVERAGE",
      "detail": "Rev growth +32.2% vs OpEx growth +7.4% (leverage: 4.3x)",
      "severity": "MEDIUM"
    }
  ],
  "data_quality": {
    "n_quarters": 20,
    "coverage": {
      "revenue": [
        20,
        20
      ],
      "gross_profit": [
        20,
        20
      ],
      "op_income": [
        20,
        20
      ],
      "fcf": [
        20,
        20
      ]
    },
    "gaps": [],
    "warnings": []
  },
  "market_cap": null,
  "source": "SEC EDGAR",
  "last_updated": "2026-02-02T23:09:47.389411"
}