{
  "ticker": "FTNT",
  "name": "FORTINET, INC.",
  "quarters": [
    {
      "date": "2020-12-31T00:00:00",
      "quarter_label": "2020-12 (Q4)",
      "revenue": 748000000,
      "gross_profit": 581000000,
      "operating_income": 169400000,
      "net_income": 146700000,
      "opex": 411600000,
      "cogs": 167000000,
      "rd": 89000000,
      "sga": null,
      "fcf": 296500000,
      "ocf": 296500000,
      "capex": null,
      "gross_margin": 0.7767379679144385,
      "op_margin": 0.22647058823529412,
      "fcf_margin": 0.3963903743315508
    },
    {
      "date": "2021-03-31T00:00:00",
      "quarter_label": "2021-03 (Q1)",
      "revenue": 710300000,
      "gross_profit": 553700000,
      "operating_income": 121600000,
      "net_income": 107200000,
      "opex": 432100000,
      "cogs": 156600000,
      "rd": 97200000,
      "sga": null,
      "fcf": 263800000,
      "ocf": 315900000,
      "capex": -52100000,
      "gross_margin": 0.7795297761509221,
      "op_margin": 0.17119526960439252,
      "fcf_margin": 0.37139236942137127,
      "fcf_margin_change": -0.024998004910179505
    },
    {
      "date": "2021-06-30T00:00:00",
      "quarter_label": "2021-06 (Q2)",
      "revenue": 801100000,
      "gross_profit": 614200000,
      "operating_income": 147500000,
      "net_income": 137500000,
      "opex": 466700000,
      "cogs": 186900000,
      "rd": 106600000,
      "sga": null,
      "fcf": 394700000,
      "ocf": 418200000,
      "capex": -23500000,
      "gross_margin": 0.7666957932842342,
      "op_margin": 0.18412183248033953,
      "fcf_margin": 0.49269754088128825,
      "op_leverage_ratio": 1.596438531630777,
      "fcf_margin_change": 0.12130517145991698
    },
    {
      "date": "2021-09-30T00:00:00",
      "quarter_label": "2021-09 (Q3)",
      "revenue": 867200000,
      "gross_profit": 656000000,
      "operating_income": 166400000,
      "net_income": 163100000,
      "opex": 489600000,
      "cogs": 211200000,
      "rd": 107800000,
      "sga": null,
      "fcf": 329800000,
      "ocf": 398800000,
      "capex": -69000000,
      "gross_margin": 0.7564575645756457,
      "op_margin": 0.1918819188191882,
      "fcf_margin": 0.38030442804428044,
      "op_leverage_ratio": 1.6815781139361323,
      "fcf_margin_change": -0.11239311283700781
    },
    {
      "date": "2021-12-31T00:00:00",
      "quarter_label": "2021-12 (Q4)",
      "revenue": 963600000,
      "gross_profit": 735300000,
      "operating_income": 214900000,
      "net_income": 199000000,
      "opex": 520400000,
      "cogs": 228300000,
      "rd": 112600000,
      "sga": null,
      "fcf": 366800000,
      "ocf": 366800000,
      "capex": null,
      "gross_margin": 0.7630759651307597,
      "op_margin": 0.2230178497301785,
      "fcf_margin": 0.38065587380655874,
      "incr_op_margin_yoy": 0.21103896103896103,
      "rev_growth_yoy": 0.28823529411764703,
      "op_leverage_ratio": 1.7670484497052763,
      "fcf_margin_change": 0.0003514457622783018
    },
    {
      "date": "2022-03-31T00:00:00",
      "quarter_label": "2022-03 (Q1)",
      "revenue": 954800000,
      "gross_profit": 701000000,
      "operating_income": 151000000,
      "net_income": 138400000,
      "opex": 550000000,
      "cogs": 253800000,
      "rd": 124900000,
      "sga": null,
      "fcf": 273500000,
      "ocf": 396100000,
      "capex": -122600000,
      "gross_margin": 0.7341851696690407,
      "op_margin": 0.15814830330959362,
      "fcf_margin": 0.2864474235441977,
      "incr_op_margin_yoy": 0.12024539877300613,
      "rev_growth_yoy": 0.3442207517950162,
      "rev_growth_yoy_accel": 0.05598545767736918,
      "fcf_margin_change": -0.09420845026236102
    },
    {
      "date": "2022-06-30T00:00:00",
      "quarter_label": "2022-06 (Q2)",
      "revenue": 1030100000,
      "gross_profit": 779300000,
      "operating_income": 195300000,
      "net_income": 173500000,
      "opex": 584000000,
      "cogs": 250800000,
      "rd": 124300000,
      "sga": null,
      "fcf": 283500000,
      "ocf": 323400000,
      "capex": -39900000,
      "gross_margin": 0.7565284923793807,
      "op_margin": 0.18959324337442968,
      "fcf_margin": 0.27521599844675276,
      "incr_op_margin_yoy": 0.20873362445414848,
      "rev_growth_yoy": 0.28585694669828987,
      "rev_growth_yoy_accel": -0.05836380509672634,
      "op_leverage_ratio": 1.2757522363784222,
      "fcf_margin_change": -0.011231425097444958
    },
    {
      "date": "2022-09-30T00:00:00",
      "quarter_label": "2022-09 (Q3)",
      "revenue": 1149500000,
      "gross_profit": 866500000,
      "operating_income": 265500000,
      "net_income": 231600000,
      "opex": 601000000,
      "cogs": 283000000,
      "rd": 134300000,
      "sga": null,
      "fcf": 395200000,
      "ocf": 483000000,
      "capex": -87800000,
      "gross_margin": 0.7538060026098303,
      "op_margin": 0.2309699869508482,
      "fcf_margin": 0.343801652892562,
      "incr_op_margin_yoy": 0.351044987601842,
      "rev_growth_yoy": 0.32553044280442806,
      "rev_growth_yoy_accel": 0.039673496106138184,
      "op_leverage_ratio": 3.981886395952421,
      "fcf_margin_change": 0.06858565444580922
    },
    {
      "date": "2022-12-31T00:00:00",
      "quarter_label": "2022-12 (Q4)",
      "revenue": 1283000000,
      "gross_profit": 985700000,
      "operating_income": 357800000,
      "net_income": 313800000,
      "opex": 627900000,
      "cogs": 297300000,
      "rd": 128900000,
      "sga": null,
      "fcf": 528100000,
      "ocf": 528100000,
      "capex": null,
      "gross_margin": 0.7682774746687451,
      "op_margin": 0.2788776305533905,
      "fcf_margin": 0.41161340607950114,
      "incr_op_margin_yoy": 0.44740137758296805,
      "rev_growth_yoy": 0.33146533831465336,
      "rev_growth_yoy_accel": 0.005934895510225302,
      "op_leverage_ratio": 2.5947437951849115,
      "fcf_margin_change": 0.06781175318693916
    },
    {
      "date": "2023-03-31T00:00:00",
      "quarter_label": "2023-03 (Q1)",
      "revenue": 1262300000,
      "gross_profit": 954500000,
      "operating_income": 273500000,
      "net_income": 247700000,
      "opex": 681000000,
      "cogs": 307800000,
      "rd": 151100000,
      "sga": null,
      "fcf": 647200000,
      "ocf": 677500000,
      "capex": -30300000,
      "gross_margin": 0.756159391586786,
      "op_margin": 0.21666798700784282,
      "fcf_margin": 0.51271488552642,
      "incr_op_margin_yoy": 0.3983739837398374,
      "rev_growth_yoy": 0.3220569752827817,
      "rev_growth_yoy_accel": -0.009408363031871647,
      "fcf_margin_change": 0.10110147944691883
    },
    {
      "date": "2023-06-30T00:00:00",
      "quarter_label": "2023-06 (Q2)",
      "revenue": 1292800000,
      "gross_profit": 997000000,
      "operating_income": 279000000,
      "net_income": 266300000,
      "opex": 718000000,
      "cogs": 295800000,
      "rd": 153300000,
      "sga": null,
      "fcf": 438300000,
      "ocf": 515100000,
      "capex": -76800000,
      "gross_margin": 0.771194306930693,
      "op_margin": 0.21581064356435645,
      "fcf_margin": 0.3390315594059406,
      "incr_op_margin_yoy": 0.31861438903692424,
      "rev_growth_yoy": 0.2550237840986312,
      "rev_growth_yoy_accel": -0.06703319118415052,
      "op_leverage_ratio": 0.44471588755831803,
      "fcf_margin_change": -0.17368332612047938
    },
    {
      "date": "2023-09-30T00:00:00",
      "quarter_label": "2023-09 (Q3)",
      "revenue": 1334600000,
      "gross_profit": 1016900000,
      "operating_income": 303200000,
      "net_income": 322900000,
      "opex": 713700000,
      "cogs": 317700000,
      "rd": 156900000,
      "sga": null,
      "fcf": 481100000,
      "ocf": 551200000,
      "capex": -70100000,
      "gross_margin": 0.7619511464109097,
      "op_margin": 0.22718417503371796,
      "fcf_margin": 0.36048254158549375,
      "incr_op_margin_yoy": 0.2036736898973528,
      "rev_growth_yoy": 0.1610265332753371,
      "rev_growth_yoy_accel": -0.09399725082329408,
      "op_leverage_ratio": Infinity,
      "fcf_margin_change": 0.021450982179553157
    },
    {
      "date": "2023-12-31T00:00:00",
      "quarter_label": "2023-12 (Q4)",
      "revenue": 1415100000,
      "gross_profit": 1099200000,
      "operating_income": 385400000,
      "net_income": 310900000,
      "opex": 713800000,
      "cogs": 315900000,
      "rd": 152500000,
      "sga": null,
      "fcf": 191700000,
      "ocf": 191700000,
      "capex": null,
      "gross_margin": 0.7767648929404283,
      "op_margin": 0.27234824394035756,
      "fcf_margin": 0.13546745813016747,
      "incr_op_margin_yoy": 0.20893262679788038,
      "rev_growth_yoy": 0.10296180826188621,
      "rev_growth_yoy_accel": -0.058064725013450905,
      "op_leverage_ratio": Infinity,
      "fcf_margin_change": -0.22501508345532628
    },
    {
      "date": "2024-03-31T00:00:00",
      "quarter_label": "2024-03 (Q1)",
      "revenue": 1353300000,
      "gross_profit": 1048600000,
      "operating_income": 321200000,
      "net_income": 299300000,
      "opex": 727400000,
      "cogs": 304700000,
      "rd": 173000000,
      "sga": null,
      "fcf": 608500000,
      "ocf": 830400000,
      "capex": -221900000,
      "gross_margin": 0.7748466711002734,
      "op_margin": 0.23734574743220277,
      "fcf_margin": 0.4496416167885908,
      "incr_op_margin_yoy": 0.5241758241758242,
      "rev_growth_yoy": 0.07209062821833162,
      "rev_growth_yoy_accel": -0.03087118004355459,
      "fcf_margin_change": 0.31417415865842335
    },
    {
      "date": "2024-06-30T00:00:00",
      "quarter_label": "2024-06 (Q2)",
      "revenue": 1434300000,
      "gross_profit": 1159300000,
      "operating_income": 437200000,
      "net_income": 379800000,
      "opex": 722100000,
      "cogs": 275000000,
      "rd": 165400000,
      "sga": null,
      "fcf": 318900000,
      "ocf": 342000000,
      "capex": -23100000,
      "gross_margin": 0.8082688419438053,
      "op_margin": 0.3048176810987938,
      "fcf_margin": 0.22233842292407446,
      "incr_op_margin_yoy": 1.1180212014134276,
      "rev_growth_yoy": 0.10945235148514851,
      "rev_growth_yoy_accel": 0.03736172326681689,
      "op_leverage_ratio": Infinity,
      "fcf_margin_change": -0.22730319386451636
    },
    {
      "date": "2024-09-30T00:00:00",
      "quarter_label": "2024-09 (Q3)",
      "revenue": 1508100000,
      "gross_profit": 1244700000,
      "operating_income": 470900000,
      "net_income": 539900000,
      "opex": 773800000,
      "cogs": 263400000,
      "rd": 187300000,
      "sga": null,
      "fcf": 571800000,
      "ocf": 608100000,
      "capex": -36300000,
      "gross_margin": 0.8253431470061667,
      "op_margin": 0.31224719846164045,
      "fcf_margin": 0.37915257608911873,
      "incr_op_margin_yoy": 0.9665706051873199,
      "rev_growth_yoy": 0.13000149857635246,
      "rev_growth_yoy_accel": 0.02054914709120395,
      "op_leverage_ratio": 0.7186594907226663,
      "fcf_margin_change": 0.15681415316504427
    },
    {
      "date": "2024-12-31T00:00:00",
      "quarter_label": "2024-12 (Q4)",
      "revenue": 1660100000,
      "gross_profit": 1345600000,
      "operating_income": 574100000,
      "net_income": 526200000,
      "opex": 771500000,
      "cogs": 314500000,
      "rd": 191100000,
      "sga": null,
      "fcf": 477600000,
      "ocf": 477600000,
      "capex": null,
      "gross_margin": 0.8105535811095718,
      "op_margin": 0.34582254081079455,
      "fcf_margin": 0.2876935124390097,
      "incr_op_margin_yoy": 0.7702040816326531,
      "rev_growth_yoy": 0.17313264080277013,
      "rev_growth_yoy_accel": 0.043131142226417674,
      "op_leverage_ratio": Infinity,
      "fcf_margin_change": -0.09145906365010903
    },
    {
      "date": "2025-03-31T00:00:00",
      "quarter_label": "2025-03 (Q1)",
      "revenue": 1539700000,
      "gross_profit": 1246600000,
      "operating_income": 453800000,
      "net_income": 433400000,
      "opex": 792800000,
      "cogs": 293100000,
      "rd": 198600000,
      "sga": null,
      "fcf": 796800000,
      "ocf": 863300000,
      "capex": -66500000,
      "gross_margin": 0.8096382412158213,
      "op_margin": 0.29473274014418394,
      "fcf_margin": 0.5175034097551471,
      "incr_op_margin_yoy": 0.7113733905579399,
      "rev_growth_yoy": 0.13773738269415503,
      "rev_growth_yoy_accel": -0.0353952581086151,
      "fcf_margin_change": 0.22980989731613738
    },
    {
      "date": "2025-06-30T00:00:00",
      "quarter_label": "2025-06 (Q2)",
      "revenue": 1630000000,
      "gross_profit": 1315100000,
      "operating_income": 458000000,
      "net_income": 440100000,
      "opex": 857100000,
      "cogs": 314900000,
      "rd": 209500000,
      "sga": null,
      "fcf": 284100000,
      "ocf": 451900000,
      "capex": -167800000,
      "gross_margin": 0.8068098159509203,
      "op_margin": 0.2809815950920245,
      "fcf_margin": 0.17429447852760735,
      "incr_op_margin_yoy": 0.10628513030148186,
      "rev_growth_yoy": 0.13644286411489925,
      "rev_growth_yoy_accel": -0.0012945185792557767,
      "op_leverage_ratio": 0.7231099027491268,
      "fcf_margin_change": -0.3432089312275397
    },
    {
      "date": "2025-09-30T00:00:00",
      "quarter_label": "2025-09 (Q3)",
      "revenue": 1724900000,
      "gross_profit": 1393200000,
      "operating_income": 547300000,
      "net_income": 473900000,
      "opex": 845900000,
      "cogs": 331700000,
      "rd": 202400000,
      "sga": null,
      "fcf": 567500000,
      "ocf": 655200000,
      "capex": -87700000,
      "gross_margin": 0.8076989970433068,
      "op_margin": 0.3172937561597774,
      "fcf_margin": 0.32900457997565075,
      "incr_op_margin_yoy": 0.35239852398523985,
      "rev_growth_yoy": 0.14375704528877395,
      "rev_growth_yoy_accel": 0.007314181173874695,
      "op_leverage_ratio": Infinity,
      "fcf_margin_change": 0.1547101014480434
    }
  ],
  "signals": [
    {
      "quarter": "2025-09 (Q3)",
      "signal": "FCF MARGIN EXPANSION",
      "detail": "FCF margin: +17.4% -> +32.9% (+15.5%)",
      "severity": "MEDIUM"
    },
    {
      "quarter": "2025-03 (Q1)",
      "signal": "FCF MARGIN EXPANSION",
      "detail": "FCF margin: +28.8% -> +51.8% (+23.0%)",
      "severity": "MEDIUM"
    },
    {
      "quarter": "2025-03 (Q1)",
      "signal": "INCREMENTAL MARGIN (YoY)",
      "detail": "YoY Incr OPM: +71.1% vs year-ago OPM: +23.7%",
      "severity": "HIGH"
    },
    {
      "quarter": "2024-12 (Q4)",
      "signal": "INCREMENTAL MARGIN (YoY)",
      "detail": "YoY Incr OPM: +77.0% vs year-ago OPM: +27.2%",
      "severity": "HIGH"
    },
    {
      "quarter": "2024-09 (Q3)",
      "signal": "FCF MARGIN EXPANSION",
      "detail": "FCF margin: +22.2% -> +37.9% (+15.7%)",
      "severity": "MEDIUM"
    },
    {
      "quarter": "2024-09 (Q3)",
      "signal": "INCREMENTAL MARGIN (YoY)",
      "detail": "YoY Incr OPM: +96.7% vs year-ago OPM: +22.7%",
      "severity": "HIGH"
    },
    {
      "quarter": "2024-06 (Q2)",
      "signal": "GROSS MARGIN INFLECTION",
      "detail": "GM: +77.7% -> +77.5% -> +80.8% (reversal +3.3%)",
      "severity": "MEDIUM"
    },
    {
      "quarter": "2024-06 (Q2)",
      "signal": "INCREMENTAL MARGIN (YoY)",
      "detail": "YoY Incr OPM: +111.8% vs year-ago OPM: +21.6%",
      "severity": "HIGH"
    },
    {
      "quarter": "2024-03 (Q1)",
      "signal": "FCF MARGIN EXPANSION",
      "detail": "FCF margin: +13.5% -> +45.0% (+31.4%)",
      "severity": "MEDIUM"
    },
    {
      "quarter": "2024-03 (Q1)",
      "signal": "INCREMENTAL MARGIN (YoY)",
      "detail": "YoY Incr OPM: +52.4% vs year-ago OPM: +21.7%",
      "severity": "HIGH"
    },
    {
      "quarter": "2023-12 (Q4)",
      "signal": "OPERATING LEVERAGE",
      "detail": "Rev growth +6.0% vs OpEx growth +0.0% (leverage: 430.5x)",
      "severity": "MEDIUM"
    },
    {
      "quarter": "2023-12 (Q4)",
      "signal": "YoY REVENUE GROWTH DECELERATION",
      "detail": "YoY growth: +10.3% vs prior quarter YoY: +16.1% (decel: -5.8%)",
      "severity": "WARNING"
    },
    {
      "quarter": "2023-09 (Q3)",
      "signal": "YoY REVENUE GROWTH DECELERATION",
      "detail": "YoY growth: +16.1% vs prior quarter YoY: +25.5% (decel: -9.4%)",
      "severity": "WARNING"
    },
    {
      "quarter": "2023-06 (Q2)",
      "signal": "YoY REVENUE GROWTH DECELERATION",
      "detail": "YoY growth: +25.5% vs prior quarter YoY: +32.2% (decel: -6.7%)",
      "severity": "WARNING"
    },
    {
      "quarter": "2023-06 (Q2)",
      "signal": "INCREMENTAL MARGIN (YoY)",
      "detail": "YoY Incr OPM: +31.9% vs year-ago OPM: +19.0%",
      "severity": "MEDIUM"
    },
    {
      "quarter": "2023-03 (Q1)",
      "signal": "FCF MARGIN EXPANSION",
      "detail": "FCF margin: +41.2% -> +51.3% (+10.1%)",
      "severity": "MEDIUM"
    },
    {
      "quarter": "2023-03 (Q1)",
      "signal": "INCREMENTAL MARGIN (YoY)",
      "detail": "YoY Incr OPM: +39.8% vs year-ago OPM: +15.8%",
      "severity": "HIGH"
    },
    {
      "quarter": "2022-12 (Q4)",
      "signal": "FCF MARGIN EXPANSION",
      "detail": "FCF margin: +34.4% -> +41.2% (+6.8%)",
      "severity": "MEDIUM"
    },
    {
      "quarter": "2022-12 (Q4)",
      "signal": "OPERATING LEVERAGE",
      "detail": "Rev growth +11.6% vs OpEx growth +4.5% (leverage: 2.6x)",
      "severity": "MEDIUM"
    },
    {
      "quarter": "2022-12 (Q4)",
      "signal": "INCREMENTAL MARGIN (YoY)",
      "detail": "YoY Incr OPM: +44.7% vs year-ago OPM: +22.3%",
      "severity": "HIGH"
    },
    {
      "quarter": "2022-09 (Q3)",
      "signal": "FCF MARGIN EXPANSION",
      "detail": "FCF margin: +27.5% -> +34.4% (+6.9%)",
      "severity": "MEDIUM"
    },
    {
      "quarter": "2022-09 (Q3)",
      "signal": "OPERATING LEVERAGE",
      "detail": "Rev growth +11.6% vs OpEx growth +2.9% (leverage: 4.0x)",
      "severity": "MEDIUM"
    },
    {
      "quarter": "2022-09 (Q3)",
      "signal": "INCREMENTAL MARGIN (YoY)",
      "detail": "YoY Incr OPM: +35.1% vs year-ago OPM: +19.2%",
      "severity": "MEDIUM"
    },
    {
      "quarter": "2022-06 (Q2)",
      "signal": "GROSS MARGIN INFLECTION",
      "detail": "GM: +76.3% -> +73.4% -> +75.7% (reversal +2.2%)",
      "severity": "MEDIUM"
    },
    {
      "quarter": "2022-06 (Q2)",
      "signal": "YoY REVENUE GROWTH DECELERATION",
      "detail": "YoY growth: +28.6% vs prior quarter YoY: +34.4% (decel: -5.8%)",
      "severity": "WARNING"
    },
    {
      "quarter": "2022-03 (Q1)",
      "signal": "YoY REVENUE GROWTH ACCELERATION",
      "detail": "YoY growth: +34.4% vs prior quarter YoY: +28.8% (accel: +5.6%)",
      "severity": "MEDIUM"
    },
    {
      "quarter": "2021-12 (Q4)",
      "signal": "OPERATING LEVERAGE",
      "detail": "Rev growth +11.1% vs OpEx growth +6.3% (leverage: 1.8x)",
      "severity": "MEDIUM"
    },
    {
      "quarter": "2021-09 (Q3)",
      "signal": "OPERATING LEVERAGE",
      "detail": "Rev growth +8.3% vs OpEx growth +4.9% (leverage: 1.7x)",
      "severity": "MEDIUM"
    },
    {
      "quarter": "2021-06 (Q2)",
      "signal": "FCF MARGIN EXPANSION",
      "detail": "FCF margin: +37.1% -> +49.3% (+12.1%)",
      "severity": "MEDIUM"
    },
    {
      "quarter": "2021-06 (Q2)",
      "signal": "OPERATING LEVERAGE",
      "detail": "Rev growth +12.8% vs OpEx growth +8.0% (leverage: 1.6x)",
      "severity": "MEDIUM"
    }
  ],
  "data_quality": {
    "n_quarters": 20,
    "coverage": {
      "revenue": [
        20,
        20
      ],
      "gross_profit": [
        20,
        20
      ],
      "op_income": [
        20,
        20
      ],
      "fcf": [
        20,
        20
      ]
    },
    "gaps": [],
    "warnings": []
  },
  "market_cap": null,
  "source": "SEC EDGAR",
  "last_updated": "2026-02-02T19:56:41.975016"
}