{
  "ticker": "FTV",
  "name": "Fortive Corporation",
  "quarters": [
    {
      "date": "2020-12-31T00:00:00",
      "quarter_label": "2020-12 (Q4)",
      "revenue": 1324900000,
      "gross_profit": 762100000,
      "operating_income": 183900000,
      "net_income": null,
      "opex": 578200000,
      "cogs": -487600000,
      "rd": -10300000,
      "sga": 112300000,
      "fcf": 267900000,
      "ocf": 284700000,
      "capex": -16800000,
      "gross_margin": 0.57521322363952,
      "op_margin": 0.13880292852290738,
      "fcf_margin": 0.20220393991999397
    },
    {
      "date": "2021-04-02T00:00:00",
      "quarter_label": "2021-04 (Q2)",
      "revenue": 1259200000,
      "gross_profit": 711900000,
      "operating_income": 197600000,
      "net_income": null,
      "opex": 514300000,
      "cogs": 547300000,
      "rd": 86200000,
      "sga": 428100000,
      "fcf": 136400000,
      "ocf": 144800000,
      "capex": -8400000,
      "gross_margin": 0.565358958068615,
      "op_margin": 0.15692503176620076,
      "fcf_margin": 0.10832274459974588,
      "fcf_margin_change": -0.09388119532024809
    },
    {
      "date": "2021-07-02T00:00:00",
      "quarter_label": "2021-07 (Q3)",
      "revenue": 1319700000,
      "gross_profit": 755500000,
      "operating_income": 211300000,
      "net_income": null,
      "opex": 544200000,
      "cogs": 564200000,
      "rd": 87800000,
      "sga": 456400000,
      "fcf": 270800000,
      "ocf": 279500000,
      "capex": -8700000,
      "gross_margin": 0.572478593619762,
      "op_margin": 0.1601121467000076,
      "fcf_margin": 0.20519815109494582,
      "op_leverage_ratio": 0.8264298508794669,
      "fcf_margin_change": 0.09687540649519995
    },
    {
      "date": "2021-10-01T00:00:00",
      "quarter_label": "2021-10 (Q4)",
      "revenue": 1299500000,
      "gross_profit": 744200000,
      "operating_income": 200800000,
      "net_income": null,
      "opex": 543400000,
      "cogs": 555300000,
      "rd": 87800000,
      "sga": 455600000,
      "fcf": 251300000,
      "ocf": 262200000,
      "capex": -10900000,
      "gross_margin": 0.572681800692574,
      "op_margin": 0.15452096960369374,
      "fcf_margin": 0.19338207002693344,
      "fcf_margin_change": -0.01181608106801238
    },
    {
      "date": "2021-12-31T00:00:00",
      "quarter_label": "2021-12 (Q4)",
      "revenue": 1374800000,
      "gross_profit": 794000000,
      "operating_income": 201600000,
      "net_income": null,
      "opex": 592400000,
      "cogs": 580800000,
      "rd": 93000000,
      "sga": 499400000,
      "fcf": 252600000,
      "ocf": 274600000,
      "capex": -22000000,
      "gross_margin": 0.5775385510619726,
      "op_margin": 0.14663951120162932,
      "fcf_margin": 0.18373581611870818,
      "incr_op_margin_yoy": 0.35470941883767537,
      "rev_growth_yoy": 0.03766321986565024,
      "op_leverage_ratio": 0.6426022567549529,
      "fcf_margin_change": -0.009646253908225266
    },
    {
      "date": "2022-04-01T00:00:00",
      "quarter_label": "2022-04 (Q2)",
      "revenue": 1376500000,
      "gross_profit": 792000000,
      "operating_income": 212300000,
      "net_income": null,
      "opex": 579700000,
      "cogs": 584500000,
      "rd": 99100000,
      "sga": 480600000,
      "fcf": 196000000,
      "ocf": 214800000,
      "capex": -18800000,
      "gross_margin": 0.57537232110425,
      "op_margin": 0.15423174718488922,
      "fcf_margin": 0.14239011986923356,
      "incr_op_margin_yoy": 0.12531969309462915,
      "rev_growth_yoy": 0.09315438373570521,
      "rev_growth_yoy_accel": 0.055491163870054976,
      "fcf_margin_change": -0.04134569624947462
    },
    {
      "date": "2022-07-01T00:00:00",
      "quarter_label": "2022-07 (Q3)",
      "revenue": 1463300000,
      "gross_profit": 833500000,
      "operating_income": 232300000,
      "net_income": null,
      "opex": 601200000,
      "cogs": 629800000,
      "rd": 100100000,
      "sga": 484900000,
      "fcf": 276100000,
      "ocf": 294400000,
      "capex": -18300000,
      "gross_margin": 0.5696029522312581,
      "op_margin": 0.15875076881022346,
      "fcf_margin": 0.18868311351055833,
      "incr_op_margin_yoy": 0.14623955431754876,
      "rev_growth_yoy": 0.10881260892627112,
      "rev_growth_yoy_accel": 0.015658225190565908,
      "op_leverage_ratio": 1.7002326426139773,
      "fcf_margin_change": 0.046292993641324776
    },
    {
      "date": "2022-09-30T00:00:00",
      "quarter_label": "2022-09 (Q3)",
      "revenue": 1456000000,
      "gross_profit": 845400000,
      "operating_income": 251900000,
      "net_income": null,
      "opex": 593500000,
      "cogs": 610600000,
      "rd": 101100000,
      "sga": 491300000,
      "fcf": 307200000,
      "ocf": 329800000,
      "capex": -22600000,
      "gross_margin": 0.5806318681318682,
      "op_margin": 0.17300824175824175,
      "fcf_margin": 0.210989010989011,
      "incr_op_margin_yoy": 0.32651757188498404,
      "rev_growth_yoy": 0.12043093497499038,
      "rev_growth_yoy_accel": 0.011618326048719263,
      "fcf_margin_change": 0.022305897478452658
    },
    {
      "date": "2022-12-31T00:00:00",
      "quarter_label": "2022-12 (Q4)",
      "revenue": 1529900000,
      "gross_profit": 892500000,
      "operating_income": 290900000,
      "net_income": null,
      "opex": 601600000,
      "cogs": 637400000,
      "rd": 101200000,
      "sga": 499800000,
      "fcf": 428100000,
      "ocf": 464200000,
      "capex": -36100000,
      "gross_margin": 0.583371462187071,
      "op_margin": 0.1901431466108896,
      "fcf_margin": 0.27982221060200013,
      "incr_op_margin_yoy": 0.5757575757575758,
      "rev_growth_yoy": 0.11281640965958685,
      "rev_growth_yoy_accel": -0.007614525315403534,
      "op_leverage_ratio": 3.7189365418532088,
      "fcf_margin_change": 0.06883319961298914
    },
    {
      "date": "2023-03-31T00:00:00",
      "quarter_label": "2023-03 (Q1)",
      "revenue": 1460700000,
      "gross_profit": 848200000,
      "operating_income": 240400000,
      "net_income": 173600000,
      "opex": 607800000,
      "cogs": 612500000,
      "rd": 100100000,
      "sga": 507700000,
      "fcf": 149600000,
      "ocf": 174400000,
      "capex": -24800000,
      "gross_margin": 0.5806804956527692,
      "op_margin": 0.16457862668583556,
      "fcf_margin": 0.10241664955158486,
      "incr_op_margin_yoy": 0.333729216152019,
      "rev_growth_yoy": 0.06116963312749728,
      "rev_growth_yoy_accel": -0.05164677653208957,
      "fcf_margin_change": -0.17740556105041527
    },
    {
      "date": "2023-06-30T00:00:00",
      "quarter_label": "2023-06 (Q2)",
      "revenue": 1526400000,
      "gross_profit": 905400000,
      "operating_income": 291300000,
      "net_income": 209000000,
      "opex": 614100000,
      "cogs": 621000000,
      "rd": 100100000,
      "sga": 514000000,
      "fcf": 300000000,
      "ocf": 321000000,
      "capex": -21000000,
      "gross_margin": 0.5931603773584906,
      "op_margin": 0.19084119496855345,
      "fcf_margin": 0.19654088050314467,
      "incr_op_margin_yoy": 0.9350237717908082,
      "rev_growth_yoy": 0.04312171120071072,
      "rev_growth_yoy_accel": -0.01804792192678656,
      "op_leverage_ratio": 4.3393480620837375,
      "fcf_margin_change": 0.0941242309515598
    },
    {
      "date": "2023-09-29T00:00:00",
      "quarter_label": "2023-09 (Q3)",
      "revenue": 1494500000,
      "gross_profit": 893000000,
      "operating_income": 291100000,
      "net_income": 218000000,
      "opex": 601900000,
      "cogs": 601500000,
      "rd": 98400000,
      "sga": 503500000,
      "fcf": 383500000,
      "ocf": 411400000,
      "capex": -27900000,
      "gross_margin": 0.5975242556038809,
      "op_margin": 0.19478086316493812,
      "fcf_margin": 0.2566075610572098,
      "incr_op_margin_yoy": 1.018181818181818,
      "rev_growth_yoy": 0.026442307692307692,
      "rev_growth_yoy_accel": -0.016679403508403027,
      "fcf_margin_change": 0.06006668055406511
    },
    {
      "date": "2023-12-31T00:00:00",
      "quarter_label": "2023-12 (Q4)",
      "revenue": 1583700000,
      "gross_profit": 947500000,
      "operating_income": 310900000,
      "net_income": 265200000,
      "opex": 636600000,
      "cogs": 636200000,
      "rd": 99200000,
      "sga": 537400000,
      "fcf": 412700000,
      "ocf": 446800000,
      "capex": -34100000,
      "gross_margin": 0.5982825029993054,
      "op_margin": 0.19631243291027342,
      "fcf_margin": 0.2605922838921513,
      "incr_op_margin_yoy": 0.37174721189591076,
      "rev_growth_yoy": 0.035165697104385905,
      "rev_growth_yoy_accel": 0.008723389412078213,
      "op_leverage_ratio": 1.0352942537623544,
      "fcf_margin_change": 0.003984722834941501
    },
    {
      "date": "2024-03-29T00:00:00",
      "quarter_label": "2024-03 (Q1)",
      "revenue": 1524500000,
      "gross_profit": 904200000,
      "operating_income": 302200000,
      "net_income": 207400000,
      "opex": -665100000,
      "cogs": 620300000,
      "rd": 104100000,
      "sga": 561000000,
      "fcf": 230300000,
      "ocf": 256700000,
      "capex": -26400000,
      "gross_margin": 0.5931124959002951,
      "op_margin": 0.19822892751721877,
      "fcf_margin": 0.15106592325352575,
      "incr_op_margin_yoy": 0.9686520376175548,
      "rev_growth_yoy": 0.04367768877935237,
      "rev_growth_yoy_accel": 0.008511991674966461,
      "fcf_margin_change": -0.10952636063862553
    },
    {
      "date": "2024-06-28T00:00:00",
      "quarter_label": "2024-06 (Q2)",
      "revenue": 1552400000,
      "gross_profit": 928300000,
      "operating_income": 301800000,
      "net_income": 195100000,
      "opex": -626500000,
      "cogs": 624100000,
      "rd": 101100000,
      "sga": 525400000,
      "fcf": 279700000,
      "ocf": 308900000,
      "capex": -29200000,
      "gross_margin": 0.5979773254315898,
      "op_margin": 0.1944086575624839,
      "fcf_margin": 0.18017263591857768,
      "incr_op_margin_yoy": 0.40384615384615385,
      "rev_growth_yoy": 0.017033542976939202,
      "rev_growth_yoy_accel": -0.026644145802413165,
      "op_leverage_ratio": Infinity,
      "fcf_margin_change": 0.029106712665051937
    },
    {
      "date": "2024-09-27T00:00:00",
      "quarter_label": "2024-09 (Q3)",
      "revenue": 1534600000,
      "gross_profit": 921300000,
      "operating_income": 295500000,
      "net_income": 221600000,
      "opex": -469500000,
      "cogs": 613300000,
      "rd": 101700000,
      "sga": 524100000,
      "fcf": 451100000,
      "ocf": 459000000,
      "capex": -7900000,
      "gross_margin": 0.6003518832268995,
      "op_margin": 0.19255832138668058,
      "fcf_margin": 0.29395282158217123,
      "incr_op_margin_yoy": 0.10972568578553615,
      "rev_growth_yoy": 0.026831716293074608,
      "rev_growth_yoy_accel": 0.009798173316135406,
      "fcf_margin_change": 0.11378018566359355
    },
    {
      "date": "2024-12-31T00:00:00",
      "quarter_label": "2024-12 (Q4)",
      "revenue": 1620300000,
      "gross_profit": 977200000,
      "operating_income": 307100000,
      "net_income": 208800000,
      "opex": -1168000000,
      "cogs": 643100000,
      "rd": 107100000,
      "sga": 563000000,
      "fcf": 445300000,
      "ocf": 502200000,
      "capex": -56900000,
      "gross_margin": 0.6030981916928964,
      "op_margin": 0.18953280256742577,
      "fcf_margin": 0.2748256495710671,
      "incr_op_margin_yoy": -0.10382513661202186,
      "rev_growth_yoy": 0.023110437582875544,
      "rev_growth_yoy_accel": -0.0037212787101990642,
      "op_leverage_ratio": 0.037536589782372363,
      "fcf_margin_change": -0.019127172011104143
    },
    {
      "date": "2025-03-28T00:00:00",
      "quarter_label": "2025-03 (Q1)",
      "revenue": 1474200000,
      "gross_profit": 880900000,
      "operating_income": 233600000,
      "net_income": 171900000,
      "opex": -647300000,
      "cogs": 593300000,
      "rd": 105100000,
      "sga": 542200000,
      "fcf": 215000000,
      "ocf": 241700000,
      "capex": -26700000,
      "gross_margin": 0.5975444308777642,
      "op_margin": 0.15845882512549178,
      "fcf_margin": 0.14584181250847916,
      "incr_op_margin_yoy": 1.363817097415507,
      "rev_growth_yoy": -0.032994424401443095,
      "rev_growth_yoy_accel": -0.05610486198431864,
      "fcf_margin_change": -0.12898383706258792
    },
    {
      "date": "2025-06-27T00:00:00",
      "quarter_label": "2025-06 (Q2)",
      "revenue": 1518800000,
      "gross_profit": 895700000,
      "operating_income": 222200000,
      "net_income": 166600000,
      "opex": -673500000,
      "cogs": 623100000,
      "rd": 109200000,
      "sga": 564300000,
      "fcf": 274500000,
      "ocf": 311200000,
      "capex": -36700000,
      "gross_margin": 0.5897419015011851,
      "op_margin": 0.14629971029760336,
      "fcf_margin": 0.180734790624177,
      "incr_op_margin_yoy": 2.369047619047619,
      "rev_growth_yoy": -0.021643906209739758,
      "rev_growth_yoy_accel": 0.011350518191703338,
      "op_leverage_ratio": 0.747451069334021,
      "fcf_margin_change": 0.03489297811569783
    },
    {
      "date": "2025-09-26T00:00:00",
      "quarter_label": "2025-09 (Q3)",
      "revenue": 1027100000,
      "gross_profit": 649200000,
      "operating_income": 159600000,
      "net_income": 55000000,
      "opex": -489600000,
      "cogs": 377900000,
      "rd": 62000000,
      "sga": 427600000,
      "fcf": 153100000,
      "ocf": 164400000,
      "capex": -11300000,
      "gross_margin": 0.6320708791743744,
      "op_margin": 0.15538895920553014,
      "fcf_margin": 0.14906046149352545,
      "incr_op_margin_yoy": 0.2677832512315271,
      "rev_growth_yoy": -0.3307050697250098,
      "rev_growth_yoy_accel": -0.30906116351527,
      "fcf_margin_change": -0.031674329130651546
    }
  ],
  "signals": [
    {
      "quarter": "2025-09 (Q3)",
      "signal": "GROSS MARGIN INFLECTION",
      "detail": "GM: +59.8% -> +59.0% -> +63.2% (reversal +4.2%)",
      "severity": "MEDIUM"
    },
    {
      "quarter": "2025-09 (Q3)",
      "signal": "YoY REVENUE GROWTH DECELERATION",
      "detail": "YoY growth: -33.1% vs prior quarter YoY: -2.2% (decel: -30.9%)",
      "severity": "WARNING"
    },
    {
      "quarter": "2025-06 (Q2)",
      "signal": "INCREMENTAL MARGIN (YoY)",
      "detail": "YoY Incr OPM: +236.9% vs year-ago OPM: +19.4%",
      "severity": "HIGH"
    },
    {
      "quarter": "2025-03 (Q1)",
      "signal": "YoY REVENUE GROWTH DECELERATION",
      "detail": "YoY growth: -3.3% vs prior quarter YoY: +2.3% (decel: -5.6%)",
      "severity": "WARNING"
    },
    {
      "quarter": "2025-03 (Q1)",
      "signal": "INCREMENTAL MARGIN (YoY)",
      "detail": "YoY Incr OPM: +136.4% vs year-ago OPM: +19.8%",
      "severity": "HIGH"
    },
    {
      "quarter": "2024-09 (Q3)",
      "signal": "FCF MARGIN EXPANSION",
      "detail": "FCF margin: +18.0% -> +29.4% (+11.4%)",
      "severity": "MEDIUM"
    },
    {
      "quarter": "2024-06 (Q2)",
      "signal": "INCREMENTAL MARGIN (YoY)",
      "detail": "YoY Incr OPM: +40.4% vs year-ago OPM: +19.1%",
      "severity": "HIGH"
    },
    {
      "quarter": "2024-03 (Q1)",
      "signal": "INCREMENTAL MARGIN (YoY)",
      "detail": "YoY Incr OPM: +96.9% vs year-ago OPM: +16.5%",
      "severity": "HIGH"
    },
    {
      "quarter": "2023-12 (Q4)",
      "signal": "INCREMENTAL MARGIN (YoY)",
      "detail": "YoY Incr OPM: +37.2% vs year-ago OPM: +19.0%",
      "severity": "MEDIUM"
    },
    {
      "quarter": "2023-09 (Q3)",
      "signal": "FCF MARGIN EXPANSION",
      "detail": "FCF margin: +19.7% -> +25.7% (+6.0%)",
      "severity": "MEDIUM"
    },
    {
      "quarter": "2023-09 (Q3)",
      "signal": "INCREMENTAL MARGIN (YoY)",
      "detail": "YoY Incr OPM: +101.8% vs year-ago OPM: +17.3%",
      "severity": "HIGH"
    },
    {
      "quarter": "2023-06 (Q2)",
      "signal": "FCF MARGIN EXPANSION",
      "detail": "FCF margin: +10.2% -> +19.7% (+9.4%)",
      "severity": "MEDIUM"
    },
    {
      "quarter": "2023-06 (Q2)",
      "signal": "OPERATING LEVERAGE",
      "detail": "Rev growth +4.5% vs OpEx growth +1.0% (leverage: 4.3x)",
      "severity": "MEDIUM"
    },
    {
      "quarter": "2023-06 (Q2)",
      "signal": "INCREMENTAL MARGIN (YoY)",
      "detail": "YoY Incr OPM: +93.5% vs year-ago OPM: +15.9%",
      "severity": "HIGH"
    },
    {
      "quarter": "2023-03 (Q1)",
      "signal": "YoY REVENUE GROWTH DECELERATION",
      "detail": "YoY growth: +6.1% vs prior quarter YoY: +11.3% (decel: -5.2%)",
      "severity": "WARNING"
    },
    {
      "quarter": "2023-03 (Q1)",
      "signal": "INCREMENTAL MARGIN (YoY)",
      "detail": "YoY Incr OPM: +33.4% vs year-ago OPM: +15.4%",
      "severity": "MEDIUM"
    },
    {
      "quarter": "2022-12 (Q4)",
      "signal": "FCF MARGIN EXPANSION",
      "detail": "FCF margin: +21.1% -> +28.0% (+6.9%)",
      "severity": "MEDIUM"
    },
    {
      "quarter": "2022-12 (Q4)",
      "signal": "OPERATING LEVERAGE",
      "detail": "Rev growth +5.1% vs OpEx growth +1.4% (leverage: 3.7x)",
      "severity": "MEDIUM"
    },
    {
      "quarter": "2022-12 (Q4)",
      "signal": "INCREMENTAL MARGIN (YoY)",
      "detail": "YoY Incr OPM: +57.6% vs year-ago OPM: +14.7%",
      "severity": "HIGH"
    },
    {
      "quarter": "2022-09 (Q3)",
      "signal": "INCREMENTAL MARGIN (YoY)",
      "detail": "YoY Incr OPM: +32.7% vs year-ago OPM: +15.5%",
      "severity": "MEDIUM"
    },
    {
      "quarter": "2022-07 (Q3)",
      "signal": "OPERATING LEVERAGE",
      "detail": "Rev growth +6.3% vs OpEx growth +3.7% (leverage: 1.7x)",
      "severity": "MEDIUM"
    },
    {
      "quarter": "2022-04 (Q2)",
      "signal": "YoY REVENUE GROWTH ACCELERATION",
      "detail": "YoY growth: +9.3% vs prior quarter YoY: +3.8% (accel: +5.5%)",
      "severity": "MEDIUM"
    },
    {
      "quarter": "2021-12 (Q4)",
      "signal": "INCREMENTAL MARGIN (YoY)",
      "detail": "YoY Incr OPM: +35.5% vs year-ago OPM: +13.9%",
      "severity": "HIGH"
    },
    {
      "quarter": "2021-07 (Q3)",
      "signal": "FCF MARGIN EXPANSION",
      "detail": "FCF margin: +10.8% -> +20.5% (+9.7%)",
      "severity": "MEDIUM"
    }
  ],
  "data_quality": {
    "n_quarters": 20,
    "coverage": {
      "revenue": [
        20,
        20
      ],
      "gross_profit": [
        20,
        20
      ],
      "op_income": [
        20,
        20
      ],
      "fcf": [
        20,
        20
      ]
    },
    "gaps": [],
    "warnings": []
  },
  "market_cap": null,
  "source": "SEC EDGAR",
  "last_updated": "2026-02-02T20:21:05.077851",
  "sector": "Technology",
  "industry": "Scientific & Technical Instruments"
}