{
  "ticker": "FUL",
  "name": "FULLER H B CO",
  "quarters": [
    {
      "date": "2021-02-27T00:00:00",
      "quarter_label": "2021-02 (Q1)",
      "revenue": 725904000,
      "gross_profit": 192364000,
      "operating_income": 48350000,
      "net_income": null,
      "opex": 144014000,
      "cogs": 533540000,
      "rd": null,
      "sga": 144014000,
      "fcf": 566000,
      "ocf": 35849000,
      "capex": -35283000,
      "gross_margin": 0.2649992285481276,
      "op_margin": 0.06660660362802795,
      "fcf_margin": 0.0007797174281998721
    },
    {
      "date": "2021-05-29T00:00:00",
      "quarter_label": "2021-05 (Q2)",
      "revenue": 827873000,
      "gross_profit": 217550000,
      "operating_income": 69141000,
      "net_income": 49102000,
      "opex": 148409000,
      "cogs": 610323000,
      "rd": null,
      "sga": 148409000,
      "fcf": 28540000,
      "ocf": 43983000,
      "capex": -15443000,
      "gross_margin": 0.2627818518057721,
      "op_margin": 0.08351643307608776,
      "fcf_margin": 0.034473886695181505,
      "op_leverage_ratio": 4.602934600791272,
      "fcf_margin_change": 0.033694169266981634
    },
    {
      "date": "2021-08-28T00:00:00",
      "quarter_label": "2021-08 (Q3)",
      "revenue": 826830000,
      "gross_profit": 193950000,
      "operating_income": 59453000,
      "net_income": 31616000,
      "opex": 134497000,
      "cogs": 632880000,
      "rd": null,
      "sga": 134497000,
      "fcf": 54791000,
      "ocf": 81302000,
      "capex": -26511000,
      "gross_margin": 0.23457058887558507,
      "op_margin": 0.07190474462706965,
      "fcf_margin": 0.06626634253716,
      "fcf_margin_change": 0.0317924558419785
    },
    {
      "date": "2021-11-27T00:00:00",
      "quarter_label": "2021-11 (Q4)",
      "revenue": 897424000,
      "gross_profit": 241459000,
      "operating_income": 75670000,
      "net_income": 50884000,
      "opex": 165789000,
      "cogs": 655965000,
      "rd": null,
      "sga": 165789000,
      "fcf": 33331000,
      "ocf": 52183000,
      "capex": -18852000,
      "gross_margin": 0.26905788122448254,
      "op_margin": 0.08431911783059066,
      "fcf_margin": 0.03714074952307939,
      "op_leverage_ratio": 0.3669702354876549,
      "fcf_margin_change": -0.02912559301408061
    },
    {
      "date": "2022-02-26T00:00:00",
      "quarter_label": "2022-02 (Q1)",
      "revenue": 856482000,
      "gross_profit": 212893000,
      "operating_income": 56999000,
      "net_income": 38306000,
      "opex": 155894000,
      "cogs": 643589000,
      "rd": null,
      "sga": 155894000,
      "fcf": -66556000,
      "ocf": -17673000,
      "capex": -48883000,
      "gross_margin": 0.24856681167847078,
      "op_margin": 0.06655014349396718,
      "fcf_margin": -0.07770857998183266,
      "incr_op_margin_yoy": 0.06623627257271515,
      "rev_growth_yoy": 0.1798832903524433,
      "fcf_margin_change": -0.11484932950491206
    },
    {
      "date": "2022-05-28T00:00:00",
      "quarter_label": "2022-05 (Q2)",
      "revenue": 993258000,
      "gross_profit": 253521000,
      "operating_income": 87514000,
      "net_income": 47203000,
      "opex": 166007000,
      "cogs": 739737000,
      "rd": null,
      "sga": 166007000,
      "fcf": -11630000,
      "ocf": 8542000,
      "capex": -20172000,
      "gross_margin": 0.25524184048857396,
      "op_margin": 0.08810802429982945,
      "fcf_margin": -0.011708941684839186,
      "incr_op_margin_yoy": 0.11109229978534933,
      "rev_growth_yoy": 0.19977097936519247,
      "rev_growth_yoy_accel": 0.019887689012749177,
      "op_leverage_ratio": 2.4617335911800318,
      "fcf_margin_change": 0.06599963829699347
    },
    {
      "date": "2022-08-27T00:00:00",
      "quarter_label": "2022-08 (Q3)",
      "revenue": 941230000,
      "gross_profit": 249164000,
      "operating_income": 87954000,
      "net_income": 46497000,
      "opex": 161210000,
      "cogs": 692066000,
      "rd": null,
      "sga": 161210000,
      "fcf": 28531000,
      "ocf": 57828000,
      "capex": -29297000,
      "gross_margin": 0.2647216939536564,
      "op_margin": 0.09344581026954092,
      "fcf_margin": 0.030312463478639654,
      "incr_op_margin_yoy": 0.24913461538461537,
      "rev_growth_yoy": 0.1383597595636346,
      "rev_growth_yoy_accel": -0.061411219801557865,
      "fcf_margin_change": 0.04202140516347884
    },
    {
      "date": "2022-12-03T00:00:00",
      "quarter_label": "2022-12 (Q4)",
      "revenue": 958214000,
      "gross_profit": 248122000,
      "operating_income": 90250000,
      "net_income": 48306000,
      "opex": 157872000,
      "cogs": 710092000,
      "rd": null,
      "sga": 157872000,
      "fcf": 176205000,
      "ocf": 207817000,
      "capex": -31612000,
      "gross_margin": 0.2589421569711985,
      "op_margin": 0.09418564120332201,
      "fcf_margin": 0.1838889851327574,
      "incr_op_margin_yoy": 0.2398420792893568,
      "rev_growth_yoy": 0.06773832658810106,
      "rev_growth_yoy_accel": -0.07062143297553355,
      "op_leverage_ratio": Infinity,
      "fcf_margin_change": 0.15357652165411773
    },
    {
      "date": "2023-03-04T00:00:00",
      "quarter_label": "2023-03 (Q1)",
      "revenue": 809183000,
      "gross_profit": 214809000,
      "operating_income": 60267000,
      "net_income": 21889000,
      "opex": 154542000,
      "cogs": 594374000,
      "rd": null,
      "sga": 154542000,
      "fcf": -42059000,
      "ocf": 5545000,
      "capex": -47604000,
      "gross_margin": 0.26546405448458504,
      "op_margin": 0.07447882617405457,
      "fcf_margin": -0.05197711766065278,
      "incr_op_margin_yoy": -0.06909236981754371,
      "rev_growth_yoy": -0.05522474494501928,
      "rev_growth_yoy_accel": -0.12296307153312033,
      "fcf_margin_change": -0.23586610279341017
    },
    {
      "date": "2023-06-03T00:00:00",
      "quarter_label": "2023-06 (Q2)",
      "revenue": 898239000,
      "gross_profit": 256775000,
      "operating_income": 90150000,
      "net_income": 40401000,
      "opex": 166625000,
      "cogs": 641464000,
      "rd": null,
      "sga": 166625000,
      "fcf": 67878000,
      "ocf": 102852000,
      "capex": -34974000,
      "gross_margin": 0.28586489787239255,
      "op_margin": 0.1003630436888178,
      "fcf_margin": 0.07556786111491486,
      "incr_op_margin_yoy": -0.027741820057041223,
      "rev_growth_yoy": -0.09566396646188603,
      "rev_growth_yoy_accel": -0.040439221516866755,
      "op_leverage_ratio": 1.4076289408609288,
      "fcf_margin_change": 0.12754497877556764
    },
    {
      "date": "2023-09-02T00:00:00",
      "quarter_label": "2023-09 (Q3)",
      "revenue": 900634000,
      "gross_profit": 263472000,
      "operating_income": 91319000,
      "net_income": 37627000,
      "opex": 172153000,
      "cogs": 637162000,
      "rd": null,
      "sga": 172153000,
      "fcf": 81330000,
      "ocf": 108297000,
      "capex": -26967000,
      "gross_margin": 0.29254058807462296,
      "op_margin": 0.10139412902466485,
      "fcf_margin": 0.09030305318253586,
      "incr_op_margin_yoy": -0.08288993989555621,
      "rev_growth_yoy": -0.04313079693592427,
      "rev_growth_yoy_accel": 0.052533169525961765,
      "fcf_margin_change": 0.014735192067621
    },
    {
      "date": "2023-12-02T00:00:00",
      "quarter_label": "2023-12 (Q4)",
      "revenue": 902879000,
      "gross_profit": 273842000,
      "operating_income": 113402000,
      "net_income": 44990000,
      "opex": 160440000,
      "cogs": 629037000,
      "rd": null,
      "sga": 160440000,
      "fcf": 152112000,
      "ocf": 161704000,
      "capex": -9592000,
      "gross_margin": 0.3032986701429538,
      "op_margin": 0.125600440369086,
      "fcf_margin": 0.16847440243930803,
      "incr_op_margin_yoy": -0.4183970362338484,
      "rev_growth_yoy": -0.05774806045413655,
      "rev_growth_yoy_accel": -0.014617263518212284,
      "fcf_margin_change": 0.07817134925677217
    },
    {
      "date": "2024-03-02T00:00:00",
      "quarter_label": "2024-03 (Q1)",
      "revenue": 810419000,
      "gross_profit": 239237000,
      "operating_income": 66875000,
      "net_income": 30991000,
      "opex": 172362000,
      "cogs": 571182000,
      "rd": null,
      "sga": 172362000,
      "fcf": 4058000,
      "ocf": 47351000,
      "capex": -43293000,
      "gross_margin": 0.29520161792850363,
      "op_margin": 0.08251904261869478,
      "fcf_margin": 0.0050072863543426304,
      "incr_op_margin_yoy": 5.3462783171521036,
      "rev_growth_yoy": 0.0015274665928473534,
      "rev_growth_yoy_accel": 0.059275527046983904,
      "fcf_margin_change": -0.1634671160849654
    },
    {
      "date": "2024-06-01T00:00:00",
      "quarter_label": "2024-06 (Q2)",
      "revenue": 917107000,
      "gross_profit": 282052000,
      "operating_income": 100596000,
      "net_income": 51264000,
      "opex": 181456000,
      "cogs": 635055000,
      "rd": null,
      "sga": 181456000,
      "fcf": 34736000,
      "ocf": 81624000,
      "capex": -46888000,
      "gross_margin": 0.3075453573029101,
      "op_margin": 0.10968840059011653,
      "fcf_margin": 0.0378756241092915,
      "incr_op_margin_yoy": 0.5536357854568582,
      "rev_growth_yoy": 0.021005545294737814,
      "rev_growth_yoy_accel": 0.019478078701890462,
      "op_leverage_ratio": 2.4951263024689787,
      "fcf_margin_change": 0.03286833775494887
    },
    {
      "date": "2024-08-31T00:00:00",
      "quarter_label": "2024-08 (Q3)",
      "revenue": 917927000,
      "gross_profit": 275729000,
      "operating_income": 104341000,
      "net_income": 55361000,
      "opex": 171388000,
      "cogs": 642198000,
      "rd": null,
      "sga": 171388000,
      "fcf": 65194000,
      "ocf": 87812000,
      "capex": -22618000,
      "gross_margin": 0.300382274407442,
      "op_margin": 0.11367025918183037,
      "fcf_margin": 0.0710230769984977,
      "incr_op_margin_yoy": 0.7530214537674204,
      "rev_growth_yoy": 0.019200918464104176,
      "rev_growth_yoy_accel": -0.0018046268306336384,
      "fcf_margin_change": 0.0331474528892062
    },
    {
      "date": "2024-11-30T00:00:00",
      "quarter_label": "2024-11 (Q4)",
      "revenue": 923284000,
      "gross_profit": 264860000,
      "operating_income": 76407000,
      "net_income": -7359000,
      "opex": 188453000,
      "cogs": 658424000,
      "rd": null,
      "sga": 188453000,
      "fcf": 59211000,
      "ocf": 85650000,
      "capex": -26439000,
      "gross_margin": 0.28686731276616945,
      "op_margin": 0.08275568514129997,
      "fcf_margin": 0.0641308633096642,
      "incr_op_margin_yoy": -1.8130360205831904,
      "rev_growth_yoy": 0.022599927565044708,
      "rev_growth_yoy_accel": 0.0033990091009405317,
      "fcf_margin_change": -0.006892213688833512
    },
    {
      "date": "2025-03-01T00:00:00",
      "quarter_label": "2025-03 (Q1)",
      "revenue": 788663000,
      "gross_profit": 227075000,
      "operating_income": 46447000,
      "net_income": 13248000,
      "opex": 180628000,
      "cogs": 561588000,
      "rd": null,
      "sga": 180628000,
      "fcf": -85891000,
      "ocf": -52907000,
      "capex": -32984000,
      "gross_margin": 0.28792399288415965,
      "op_margin": 0.058893342276739244,
      "fcf_margin": -0.10890709973715008,
      "incr_op_margin_yoy": 0.9389593675307961,
      "rev_growth_yoy": -0.026845372578875867,
      "rev_growth_yoy_accel": -0.049445300143920574,
      "fcf_margin_change": -0.1730379630468143
    },
    {
      "date": "2025-05-31T00:00:00",
      "quarter_label": "2025-05 (Q2)",
      "revenue": 898095000,
      "gross_profit": 286384000,
      "operating_income": 100044000,
      "net_income": 41828000,
      "opex": 186340000,
      "cogs": 611711000,
      "rd": null,
      "sga": 186340000,
      "fcf": 79126000,
      "ocf": 110676000,
      "capex": -31550000,
      "gross_margin": 0.318879405853501,
      "op_margin": 0.11139578775073906,
      "fcf_margin": 0.08810426513898864,
      "incr_op_margin_yoy": 0.029034294130023144,
      "rev_growth_yoy": -0.020730405503392734,
      "rev_growth_yoy_accel": 0.0061149670754831326,
      "op_leverage_ratio": 4.387829509326196,
      "fcf_margin_change": 0.19701136487613874
    },
    {
      "date": "2025-08-30T00:00:00",
      "quarter_label": "2025-08 (Q3)",
      "revenue": 892043000,
      "gross_profit": 285114000,
      "operating_income": 110140000,
      "net_income": 67160000,
      "opex": 174974000,
      "cogs": 606929000,
      "rd": null,
      "sga": 174974000,
      "fcf": 68928000,
      "ocf": 98987000,
      "capex": -30059000,
      "gross_margin": 0.3196191214997483,
      "op_margin": 0.12346938432340145,
      "fcf_margin": 0.07726981771058121,
      "incr_op_margin_yoy": -0.2240380157626333,
      "rev_growth_yoy": -0.028198320781500055,
      "rev_growth_yoy_accel": -0.0074679152781073205,
      "fcf_margin_change": -0.010834447428407432
    },
    {
      "date": "2025-11-29T00:00:00",
      "quarter_label": "2025-11 (Q4)",
      "revenue": 894788000,
      "gross_profit": 282082000,
      "operating_income": null,
      "net_income": 29731000,
      "opex": null,
      "cogs": 612706000,
      "rd": null,
      "sga": 183643000,
      "fcf": 59055000,
      "ocf": 106737000,
      "capex": -47682000,
      "gross_margin": 0.31525009275940225,
      "op_margin": null,
      "fcf_margin": 0.06599887347617536,
      "rev_growth_yoy": -0.03086374290034269,
      "rev_growth_yoy_accel": -0.0026654221188426343,
      "fcf_margin_change": -0.011270944234405847
    }
  ],
  "signals": [
    {
      "quarter": "2025-05 (Q2)",
      "signal": "FCF TURNED POSITIVE",
      "detail": "FCF margin: -10.9% -> +8.8%",
      "severity": "HIGH"
    },
    {
      "quarter": "2025-05 (Q2)",
      "signal": "OPERATING LEVERAGE",
      "detail": "Rev growth +13.9% vs OpEx growth +3.2% (leverage: 4.4x)",
      "severity": "MEDIUM"
    },
    {
      "quarter": "2025-03 (Q1)",
      "signal": "INCREMENTAL MARGIN (YoY)",
      "detail": "YoY Incr OPM: +93.9% vs year-ago OPM: +8.3%",
      "severity": "HIGH"
    },
    {
      "quarter": "2024-08 (Q3)",
      "signal": "INCREMENTAL MARGIN (YoY)",
      "detail": "YoY Incr OPM: +75.3% vs year-ago OPM: +10.1%",
      "severity": "HIGH"
    },
    {
      "quarter": "2024-06 (Q2)",
      "signal": "OPERATING LEVERAGE",
      "detail": "Rev growth +13.2% vs OpEx growth +5.3% (leverage: 2.5x)",
      "severity": "MEDIUM"
    },
    {
      "quarter": "2024-06 (Q2)",
      "signal": "INCREMENTAL MARGIN (YoY)",
      "detail": "YoY Incr OPM: +55.4% vs year-ago OPM: +10.0%",
      "severity": "HIGH"
    },
    {
      "quarter": "2024-03 (Q1)",
      "signal": "YoY REVENUE GROWTH ACCELERATION",
      "detail": "YoY growth: +0.2% vs prior quarter YoY: -5.8% (accel: +5.9%)",
      "severity": "MEDIUM"
    },
    {
      "quarter": "2024-03 (Q1)",
      "signal": "INCREMENTAL MARGIN (YoY)",
      "detail": "YoY Incr OPM: +534.6% vs year-ago OPM: +7.4%",
      "severity": "HIGH"
    },
    {
      "quarter": "2023-12 (Q4)",
      "signal": "FCF MARGIN EXPANSION",
      "detail": "FCF margin: +9.0% -> +16.8% (+7.8%)",
      "severity": "MEDIUM"
    },
    {
      "quarter": "2023-09 (Q3)",
      "signal": "YoY REVENUE GROWTH ACCELERATION",
      "detail": "YoY growth: -4.3% vs prior quarter YoY: -9.6% (accel: +5.3%)",
      "severity": "MEDIUM"
    },
    {
      "quarter": "2023-06 (Q2)",
      "signal": "FCF TURNED POSITIVE",
      "detail": "FCF margin: -5.2% -> +7.6%",
      "severity": "HIGH"
    },
    {
      "quarter": "2023-03 (Q1)",
      "signal": "YoY REVENUE GROWTH DECELERATION",
      "detail": "YoY growth: -5.5% vs prior quarter YoY: +6.8% (decel: -12.3%)",
      "severity": "WARNING"
    },
    {
      "quarter": "2022-12 (Q4)",
      "signal": "FCF MARGIN EXPANSION",
      "detail": "FCF margin: +3.0% -> +18.4% (+15.4%)",
      "severity": "MEDIUM"
    },
    {
      "quarter": "2022-12 (Q4)",
      "signal": "YoY REVENUE GROWTH DECELERATION",
      "detail": "YoY growth: +6.8% vs prior quarter YoY: +13.8% (decel: -7.1%)",
      "severity": "WARNING"
    },
    {
      "quarter": "2022-12 (Q4)",
      "signal": "INCREMENTAL MARGIN (YoY)",
      "detail": "YoY Incr OPM: +24.0% vs year-ago OPM: +8.4%",
      "severity": "MEDIUM"
    },
    {
      "quarter": "2022-08 (Q3)",
      "signal": "FCF TURNED POSITIVE",
      "detail": "FCF margin: -1.2% -> +3.0%",
      "severity": "HIGH"
    },
    {
      "quarter": "2022-08 (Q3)",
      "signal": "YoY REVENUE GROWTH DECELERATION",
      "detail": "YoY growth: +13.8% vs prior quarter YoY: +20.0% (decel: -6.1%)",
      "severity": "WARNING"
    },
    {
      "quarter": "2022-08 (Q3)",
      "signal": "INCREMENTAL MARGIN (YoY)",
      "detail": "YoY Incr OPM: +24.9% vs year-ago OPM: +7.2%",
      "severity": "MEDIUM"
    },
    {
      "quarter": "2022-05 (Q2)",
      "signal": "FCF MARGIN EXPANSION",
      "detail": "FCF margin: -7.8% -> -1.2% (+6.6%)",
      "severity": "MEDIUM"
    },
    {
      "quarter": "2022-05 (Q2)",
      "signal": "OPERATING LEVERAGE",
      "detail": "Rev growth +16.0% vs OpEx growth +6.5% (leverage: 2.5x)",
      "severity": "MEDIUM"
    },
    {
      "quarter": "2021-11 (Q4)",
      "signal": "GROSS MARGIN INFLECTION",
      "detail": "GM: +26.3% -> +23.5% -> +26.9% (reversal +3.4%)",
      "severity": "MEDIUM"
    },
    {
      "quarter": "2021-05 (Q2)",
      "signal": "OPERATING LEVERAGE",
      "detail": "Rev growth +14.0% vs OpEx growth +3.1% (leverage: 4.6x)",
      "severity": "MEDIUM"
    }
  ],
  "data_quality": {
    "n_quarters": 20,
    "coverage": {
      "revenue": [
        20,
        20
      ],
      "gross_profit": [
        20,
        20
      ],
      "op_income": [
        19,
        20
      ],
      "fcf": [
        20,
        20
      ]
    },
    "gaps": [],
    "warnings": []
  },
  "market_cap": null,
  "source": "SEC EDGAR",
  "last_updated": "2026-02-02T21:20:03.989080"
}