{
  "ticker": "FWDI",
  "name": "Forward Industries, Inc.",
  "quarters": [
    {
      "date": "2020-12-31T00:00:00",
      "quarter_label": "2020-12 (Q4)",
      "revenue": 9717603,
      "gross_profit": 2262886,
      "operating_income": -167493,
      "net_income": 1199036,
      "opex": 2430379,
      "cogs": 7454717,
      "rd": null,
      "sga": null,
      "fcf": -541685,
      "ocf": -511203,
      "capex": -30482,
      "gross_margin": 0.23286462721311008,
      "op_margin": -0.017236040616188993,
      "fcf_margin": -0.05574265587923277
    },
    {
      "date": "2021-03-31T00:00:00",
      "quarter_label": "2021-03 (Q1)",
      "revenue": 8395379,
      "gross_profit": 1743446,
      "operating_income": -816176,
      "net_income": -834728,
      "opex": 2559622,
      "cogs": 6651933,
      "rd": null,
      "sga": null,
      "fcf": 105889,
      "ocf": 113285,
      "capex": -7396,
      "gross_margin": 0.2076673369957449,
      "op_margin": -0.09721729060713043,
      "fcf_margin": 0.01261277185937645,
      "fcf_margin_change": 0.06835542773860923
    },
    {
      "date": "2021-06-30T00:00:00",
      "quarter_label": "2021-06 (Q2)",
      "revenue": 9964514,
      "gross_profit": 2183029,
      "operating_income": 268351,
      "net_income": 243587,
      "opex": 1914678,
      "cogs": 7781485,
      "rd": null,
      "sga": null,
      "fcf": 36776,
      "ocf": 60064,
      "capex": -23288,
      "gross_margin": 0.21908032845355027,
      "op_margin": 0.026930666161942268,
      "fcf_margin": 0.003690696806688214,
      "op_leverage_ratio": Infinity,
      "fcf_margin_change": -0.008922075052688237
    },
    {
      "date": "2021-09-30T00:00:00",
      "quarter_label": "2021-09 (Q3)",
      "revenue": 10944500,
      "gross_profit": 1945058,
      "operating_income": -49681,
      "net_income": -84090,
      "opex": 1994739,
      "cogs": 8999442,
      "rd": null,
      "sga": null,
      "fcf": -196498,
      "ocf": -190457,
      "capex": -6041,
      "gross_margin": 0.17772013340033807,
      "op_margin": -0.004539357668235187,
      "fcf_margin": -0.01795404084243227,
      "op_leverage_ratio": 2.3520063320531066,
      "fcf_margin_change": -0.021644737649120484
    },
    {
      "date": "2021-12-31T00:00:00",
      "quarter_label": "2021-12 (Q4)",
      "revenue": 11613741,
      "gross_profit": 2618768,
      "operating_income": 214214,
      "net_income": 180024,
      "opex": 2404554,
      "cogs": 8994973,
      "rd": null,
      "sga": null,
      "fcf": 1071860,
      "ocf": 1137884,
      "capex": -66024,
      "gross_margin": 0.22548875508761562,
      "op_margin": 0.01844487491153798,
      "fcf_margin": 0.09229239742818443,
      "incr_op_margin_yoy": 0.20130760524814123,
      "rev_growth_yoy": 0.19512404447886994,
      "op_leverage_ratio": 0.2976355771804913,
      "fcf_margin_change": 0.1102464382706167
    },
    {
      "date": "2022-03-31T00:00:00",
      "quarter_label": "2022-03 (Q1)",
      "revenue": 10314563,
      "gross_profit": 2252674,
      "operating_income": -322739,
      "net_income": -356335,
      "opex": 2575413,
      "cogs": 8061889,
      "rd": null,
      "sga": null,
      "fcf": -841033,
      "ocf": -777557,
      "capex": -63476,
      "gross_margin": 0.21839742507753357,
      "op_margin": -0.0312896435845125,
      "fcf_margin": -0.08153840351743452,
      "incr_op_margin_yoy": 0.2571077082760173,
      "rev_growth_yoy": 0.22860004295220024,
      "rev_growth_yoy_accel": 0.0334759984733303,
      "fcf_margin_change": -0.17383080094561895
    },
    {
      "date": "2022-06-30T00:00:00",
      "quarter_label": "2022-06 (Q2)",
      "revenue": 10588835,
      "gross_profit": 1917732,
      "operating_income": -385805,
      "net_income": -418913,
      "opex": 2303537,
      "cogs": 8671103,
      "rd": null,
      "sga": null,
      "fcf": 786443,
      "ocf": 797285,
      "capex": -10842,
      "gross_margin": 0.1811088755278555,
      "op_margin": -0.03643507524671033,
      "fcf_margin": 0.07427096559725409,
      "rev_growth_yoy": 0.06265443552992148,
      "rev_growth_yoy_accel": -0.16594560742227876,
      "op_leverage_ratio": Infinity,
      "fcf_margin_change": 0.15580936911468862
    },
    {
      "date": "2022-09-30T00:00:00",
      "quarter_label": "2022-09 (Q3)",
      "revenue": 9820246,
      "gross_profit": 1579095,
      "operating_income": -745345,
      "net_income": -783027,
      "opex": 2324440,
      "cogs": 8241151,
      "rd": null,
      "sga": null,
      "fcf": 347887,
      "ocf": 377176,
      "capex": -29289,
      "gross_margin": 0.16079994330080938,
      "op_margin": -0.07589881149616823,
      "fcf_margin": 0.035425487304493186,
      "incr_op_margin_yoy": 0.6187783187784966,
      "rev_growth_yoy": -0.1027231942985061,
      "rev_growth_yoy_accel": -0.16537762982842757,
      "fcf_margin_change": -0.0388454782927609
    },
    {
      "date": "2022-12-31T00:00:00",
      "quarter_label": "2022-12 (Q4)",
      "revenue": 10809679,
      "gross_profit": 1918701,
      "operating_income": -466877,
      "net_income": -430275,
      "opex": 2385578,
      "cogs": 8890978,
      "rd": null,
      "sga": null,
      "fcf": -193716,
      "ocf": -148605,
      "capex": -45111,
      "gross_margin": 0.1774984252538859,
      "op_margin": -0.04319064423652173,
      "fcf_margin": -0.017920606153059678,
      "rev_growth_yoy": -0.06923367758933147,
      "rev_growth_yoy_accel": 0.03348951670917463,
      "op_leverage_ratio": 3.8306382128142547,
      "fcf_margin_change": -0.05334609345755287
    },
    {
      "date": "2023-03-31T00:00:00",
      "quarter_label": "2023-03 (Q1)",
      "revenue": 10657980,
      "gross_profit": 1512430,
      "operating_income": -844058,
      "net_income": -870948,
      "opex": 2356488,
      "cogs": 9145550,
      "rd": null,
      "sga": null,
      "fcf": 73907,
      "ocf": 98613,
      "capex": -24706,
      "gross_margin": 0.14190587709866223,
      "op_margin": -0.07919493187264379,
      "fcf_margin": 0.006934428475189483,
      "rev_growth_yoy": 0.03329438193358265,
      "rev_growth_yoy_accel": 0.1025280595229141,
      "fcf_margin_change": 0.02485503462824916
    },
    {
      "date": "2023-06-30T00:00:00",
      "quarter_label": "2023-06 (Q2)",
      "revenue": 10127159,
      "gross_profit": 1823162,
      "operating_income": -522050,
      "net_income": -536744,
      "opex": 2345212,
      "cogs": 8303997,
      "rd": null,
      "sga": null,
      "fcf": 565450,
      "ocf": 612155,
      "capex": -46705,
      "gross_margin": 0.18002699473761594,
      "op_margin": -0.0515495016914418,
      "fcf_margin": 0.05583500762652191,
      "rev_growth_yoy": -0.04360026386283288,
      "rev_growth_yoy_accel": -0.07689464579641553,
      "fcf_margin_change": 0.048900579151332425
    },
    {
      "date": "2023-09-30T00:00:00",
      "quarter_label": "2023-09 (Q3)",
      "revenue": 5093489,
      "gross_profit": 3110192,
      "operating_income": 1992643,
      "net_income": -1898690,
      "opex": 1117549,
      "cogs": 1983297,
      "rd": null,
      "sga": null,
      "fcf": 568504,
      "ocf": 588064,
      "capex": -19560,
      "gross_margin": 0.610621128267873,
      "op_margin": 0.3912137632966322,
      "fcf_margin": 0.11161386625160082,
      "incr_op_margin_yoy": -0.5792529635011912,
      "rev_growth_yoy": -0.4813277589991127,
      "rev_growth_yoy_accel": -0.4377274951362798,
      "fcf_margin_change": 0.055778858625078906
    },
    {
      "date": "2023-12-31T00:00:00",
      "quarter_label": "2023-12 (Q4)",
      "revenue": 7151951,
      "gross_profit": 1642486,
      "operating_income": -380321,
      "net_income": -354220,
      "opex": 2022807,
      "cogs": 5509465,
      "rd": null,
      "sga": null,
      "fcf": -113544,
      "ocf": -94030,
      "capex": -19514,
      "gross_margin": 0.22965565619786824,
      "op_margin": -0.05317723793130014,
      "fcf_margin": -0.01587594769595038,
      "incr_op_margin_yoy": -0.02366387003079507,
      "rev_growth_yoy": -0.3383752653524679,
      "rev_growth_yoy_accel": 0.14295249364664475,
      "op_leverage_ratio": 0.4989093974462862,
      "fcf_margin_change": -0.12748981394755118
    },
    {
      "date": "2024-03-31T00:00:00",
      "quarter_label": "2024-03 (Q1)",
      "revenue": 7830130,
      "gross_profit": 1607698,
      "operating_income": -539632,
      "net_income": -553214,
      "opex": 2147330,
      "cogs": 6222432,
      "rd": null,
      "sga": null,
      "fcf": -310766,
      "ocf": -289422,
      "capex": -21344,
      "gross_margin": 0.20532200614804608,
      "op_margin": -0.06891737429646762,
      "fcf_margin": -0.03968848537636029,
      "incr_op_margin_yoy": -0.10765281043902611,
      "rev_growth_yoy": -0.26532701318636365,
      "rev_growth_yoy_accel": 0.07304825216610428,
      "op_leverage_ratio": 1.5403686813490303,
      "fcf_margin_change": -0.023812537680409914
    },
    {
      "date": "2024-06-30T00:00:00",
      "quarter_label": "2024-06 (Q2)",
      "revenue": 7886726,
      "gross_profit": 1605890,
      "operating_income": -381579,
      "net_income": -399585,
      "opex": 1987469,
      "cogs": 6280836,
      "rd": null,
      "sga": null,
      "fcf": 426797,
      "ocf": 436013,
      "capex": -9216,
      "gross_margin": 0.20361934724244254,
      "op_margin": -0.04838243397830735,
      "fcf_margin": 0.05411586506238457,
      "incr_op_margin_yoy": -0.06269814808119681,
      "rev_growth_yoy": -0.22123015941588356,
      "rev_growth_yoy_accel": 0.04409685377048009,
      "fcf_margin_change": 0.09380435043874485
    },
    {
      "date": "2024-09-30T00:00:00",
      "quarter_label": "2024-09 (Q3)",
      "revenue": 7326477,
      "gross_profit": 1352517,
      "operating_income": -630952,
      "net_income": -643568,
      "opex": 1983469,
      "cogs": 5973960,
      "rd": null,
      "sga": null,
      "fcf": 452129,
      "ocf": 467209,
      "capex": -15080,
      "gross_margin": 0.1846067352698985,
      "op_margin": -0.08611942684048554,
      "fcf_margin": 0.06171165213512579,
      "incr_op_margin_yoy": -1.1749257049298967,
      "rev_growth_yoy": 0.43840047558755896,
      "rev_growth_yoy_accel": 0.6596306350034425,
      "fcf_margin_change": 0.0075957870727412224
    },
    {
      "date": "2024-12-31T00:00:00",
      "quarter_label": "2024-12 (Q4)",
      "revenue": 6615607,
      "gross_profit": 1501053,
      "operating_income": -708320,
      "net_income": -708065,
      "opex": 2209373,
      "cogs": 5114554,
      "rd": null,
      "sga": null,
      "fcf": -439701,
      "ocf": -434283,
      "capex": -5418,
      "gross_margin": 0.2268957330748335,
      "op_margin": -0.10706802867824525,
      "fcf_margin": -0.06646419595359881,
      "rev_growth_yoy": -0.07499268381452837,
      "rev_growth_yoy_accel": -0.5133931594020873,
      "fcf_margin_change": -0.12817584808872462
    },
    {
      "date": "2025-03-31T00:00:00",
      "quarter_label": "2025-03 (Q1)",
      "revenue": 3122933,
      "gross_profit": -178761,
      "operating_income": -1821758,
      "net_income": -1451611,
      "opex": 1642997,
      "cogs": 3301694,
      "rd": null,
      "sga": null,
      "fcf": -539047,
      "ocf": -537614,
      "capex": -1433,
      "gross_margin": -0.0572413817395378,
      "op_margin": -0.5833484099722921,
      "fcf_margin": -0.17260921063628326,
      "incr_op_margin_yoy": 0.27237568344813273,
      "rev_growth_yoy": -0.6011646039082366,
      "rev_growth_yoy_accel": -0.5261719200937082,
      "fcf_margin_change": -0.10614501468268445
    },
    {
      "date": "2025-06-30T00:00:00",
      "quarter_label": "2025-06 (Q2)",
      "revenue": 2494769,
      "gross_profit": -620958,
      "operating_income": -2559781,
      "net_income": -850022,
      "opex": 1938823,
      "cogs": 3115727,
      "rd": null,
      "sga": null,
      "fcf": -1246359,
      "ocf": -1227433,
      "capex": -18926,
      "gross_margin": -0.24890400674371055,
      "op_margin": -1.0260593265348414,
      "fcf_margin": -0.49958893989784225,
      "incr_op_margin_yoy": 0.40397243524011783,
      "rev_growth_yoy": -0.6836749495291202,
      "rev_growth_yoy_accel": -0.08251034562088366,
      "fcf_margin_change": -0.326979729261559
    },
    {
      "date": "2025-09-30T00:00:00",
      "quarter_label": "2025-09 (Q3)",
      "revenue": 7945374,
      "gross_profit": 4857943,
      "operating_income": -3112849,
      "net_income": -163964642,
      "opex": 7970792,
      "cogs": 3087431,
      "rd": null,
      "sga": null,
      "fcf": -2302754,
      "ocf": -2302757,
      "capex": 3,
      "gross_margin": 0.6114177885144236,
      "op_margin": -0.39178130570065045,
      "fcf_margin": -0.28982323550785655,
      "rev_growth_yoy": 0.08447402482803126,
      "rev_growth_yoy_accel": 0.7681489743571515,
      "op_leverage_ratio": 0.7022527257401583,
      "fcf_margin_change": 0.2097657043899857
    }
  ],
  "signals": [
    {
      "quarter": "2025-09 (Q3)",
      "signal": "FCF MARGIN EXPANSION",
      "detail": "FCF margin: -50.0% -> -29.0% (+21.0%)",
      "severity": "MEDIUM"
    },
    {
      "quarter": "2025-09 (Q3)",
      "signal": "GROSS MARGIN INFLECTION",
      "detail": "GM: -5.7% -> -24.9% -> +61.1% (reversal +86.0%)",
      "severity": "HIGH"
    },
    {
      "quarter": "2025-09 (Q3)",
      "signal": "YoY REVENUE GROWTH ACCELERATION",
      "detail": "YoY growth: +8.4% vs prior quarter YoY: -68.4% (accel: +76.8%)",
      "severity": "HIGH"
    },
    {
      "quarter": "2025-06 (Q2)",
      "signal": "YoY REVENUE GROWTH DECELERATION",
      "detail": "YoY growth: -68.4% vs prior quarter YoY: -60.1% (decel: -8.3%)",
      "severity": "WARNING"
    },
    {
      "quarter": "2025-03 (Q1)",
      "signal": "YoY REVENUE GROWTH DECELERATION",
      "detail": "YoY growth: -60.1% vs prior quarter YoY: -7.5% (decel: -52.6%)",
      "severity": "WARNING"
    },
    {
      "quarter": "2024-12 (Q4)",
      "signal": "GROSS MARGIN INFLECTION",
      "detail": "GM: +20.4% -> +18.5% -> +22.7% (reversal +4.2%)",
      "severity": "MEDIUM"
    },
    {
      "quarter": "2024-12 (Q4)",
      "signal": "YoY REVENUE GROWTH DECELERATION",
      "detail": "YoY growth: -7.5% vs prior quarter YoY: +43.8% (decel: -51.3%)",
      "severity": "WARNING"
    },
    {
      "quarter": "2024-09 (Q3)",
      "signal": "YoY REVENUE GROWTH ACCELERATION",
      "detail": "YoY growth: +43.8% vs prior quarter YoY: -22.1% (accel: +66.0%)",
      "severity": "HIGH"
    },
    {
      "quarter": "2024-06 (Q2)",
      "signal": "FCF TURNED POSITIVE",
      "detail": "FCF margin: -4.0% -> +5.4%",
      "severity": "HIGH"
    },
    {
      "quarter": "2024-03 (Q1)",
      "signal": "OPERATING LEVERAGE",
      "detail": "Rev growth +9.5% vs OpEx growth +6.2% (leverage: 1.5x)",
      "severity": "MEDIUM"
    },
    {
      "quarter": "2024-03 (Q1)",
      "signal": "YoY REVENUE GROWTH ACCELERATION",
      "detail": "YoY growth: -26.5% vs prior quarter YoY: -33.8% (accel: +7.3%)",
      "severity": "MEDIUM"
    },
    {
      "quarter": "2023-12 (Q4)",
      "signal": "YoY REVENUE GROWTH ACCELERATION",
      "detail": "YoY growth: -33.8% vs prior quarter YoY: -48.1% (accel: +14.3%)",
      "severity": "MEDIUM"
    },
    {
      "quarter": "2023-09 (Q3)",
      "signal": "FCF MARGIN EXPANSION",
      "detail": "FCF margin: +5.6% -> +11.2% (+5.6%)",
      "severity": "MEDIUM"
    },
    {
      "quarter": "2023-09 (Q3)",
      "signal": "YoY REVENUE GROWTH DECELERATION",
      "detail": "YoY growth: -48.1% vs prior quarter YoY: -4.4% (decel: -43.8%)",
      "severity": "WARNING"
    },
    {
      "quarter": "2023-09 (Q3)",
      "signal": "OP MARGIN TURNED POSITIVE (YoY)",
      "detail": "Op margin: -7.6% (year-ago) -> +39.1%",
      "severity": "HIGH"
    },
    {
      "quarter": "2023-09 (Q3)",
      "signal": "OP MARGIN TURNED POSITIVE (QoQ)",
      "detail": "Op margin: -5.2% -> +39.1%",
      "severity": "HIGH"
    },
    {
      "quarter": "2023-06 (Q2)",
      "signal": "GROSS MARGIN INFLECTION",
      "detail": "GM: +17.7% -> +14.2% -> +18.0% (reversal +3.8%)",
      "severity": "MEDIUM"
    },
    {
      "quarter": "2023-06 (Q2)",
      "signal": "YoY REVENUE GROWTH DECELERATION",
      "detail": "YoY growth: -4.4% vs prior quarter YoY: +3.3% (decel: -7.7%)",
      "severity": "WARNING"
    },
    {
      "quarter": "2023-03 (Q1)",
      "signal": "FCF TURNED POSITIVE",
      "detail": "FCF margin: -1.8% -> +0.7%",
      "severity": "HIGH"
    },
    {
      "quarter": "2023-03 (Q1)",
      "signal": "YoY REVENUE GROWTH ACCELERATION",
      "detail": "YoY growth: +3.3% vs prior quarter YoY: -6.9% (accel: +10.3%)",
      "severity": "MEDIUM"
    },
    {
      "quarter": "2022-12 (Q4)",
      "signal": "OPERATING LEVERAGE",
      "detail": "Rev growth +10.1% vs OpEx growth +2.6% (leverage: 3.8x)",
      "severity": "MEDIUM"
    },
    {
      "quarter": "2022-09 (Q3)",
      "signal": "YoY REVENUE GROWTH DECELERATION",
      "detail": "YoY growth: -10.3% vs prior quarter YoY: +6.3% (decel: -16.5%)",
      "severity": "WARNING"
    },
    {
      "quarter": "2022-06 (Q2)",
      "signal": "FCF TURNED POSITIVE",
      "detail": "FCF margin: -8.2% -> +7.4%",
      "severity": "HIGH"
    },
    {
      "quarter": "2022-06 (Q2)",
      "signal": "YoY REVENUE GROWTH DECELERATION",
      "detail": "YoY growth: +6.3% vs prior quarter YoY: +22.9% (decel: -16.6%)",
      "severity": "WARNING"
    },
    {
      "quarter": "2021-12 (Q4)",
      "signal": "FCF TURNED POSITIVE",
      "detail": "FCF margin: -1.8% -> +9.2%",
      "severity": "HIGH"
    },
    {
      "quarter": "2021-12 (Q4)",
      "signal": "GROSS MARGIN INFLECTION",
      "detail": "GM: +21.9% -> +17.8% -> +22.5% (reversal +4.8%)",
      "severity": "MEDIUM"
    },
    {
      "quarter": "2021-12 (Q4)",
      "signal": "OP MARGIN TURNED POSITIVE (YoY)",
      "detail": "Op margin: -1.7% (year-ago) -> +1.8%",
      "severity": "HIGH"
    },
    {
      "quarter": "2021-12 (Q4)",
      "signal": "OP MARGIN TURNED POSITIVE (QoQ)",
      "detail": "Op margin: -0.5% -> +1.8%",
      "severity": "HIGH"
    },
    {
      "quarter": "2021-09 (Q3)",
      "signal": "OPERATING LEVERAGE",
      "detail": "Rev growth +9.8% vs OpEx growth +4.2% (leverage: 2.4x)",
      "severity": "MEDIUM"
    },
    {
      "quarter": "2021-06 (Q2)",
      "signal": "OP MARGIN TURNED POSITIVE (QoQ)",
      "detail": "Op margin: -9.7% -> +2.7%",
      "severity": "HIGH"
    },
    {
      "quarter": "2021-03 (Q1)",
      "signal": "FCF TURNED POSITIVE",
      "detail": "FCF margin: -5.6% -> +1.3%",
      "severity": "HIGH"
    }
  ],
  "data_quality": {
    "n_quarters": 20,
    "coverage": {
      "revenue": [
        20,
        20
      ],
      "gross_profit": [
        20,
        20
      ],
      "op_income": [
        20,
        20
      ],
      "fcf": [
        20,
        20
      ]
    },
    "gaps": [],
    "warnings": []
  },
  "market_cap": null,
  "source": "SEC EDGAR",
  "last_updated": "2026-02-02T22:18:16.258994",
  "sector": "Consumer Cyclical",
  "industry": "Footwear & Accessories"
}