{
  "ticker": "G",
  "name": "GENPACT LIMITED",
  "quarters": [
    {
      "date": "2020-12-31T00:00:00",
      "quarter_label": "2020-12 (Q4)",
      "revenue": 950568000,
      "gross_profit": 336923000,
      "operating_income": 113053000,
      "net_income": 74982000,
      "opex": 223870000,
      "cogs": 613645000,
      "rd": null,
      "sga": 207860000,
      "fcf": 136857000,
      "ocf": 159095000,
      "capex": -22238000,
      "gross_margin": 0.3544438693496941,
      "op_margin": 0.11893204904856886,
      "fcf_margin": 0.1439739187517358
    },
    {
      "date": "2021-03-31T00:00:00",
      "quarter_label": "2021-03 (Q1)",
      "revenue": 946071000,
      "gross_profit": 345143000,
      "operating_income": 127882000,
      "net_income": 91273000,
      "opex": 217261000,
      "cogs": 600928000,
      "rd": null,
      "sga": 200732000,
      "fcf": 65146000,
      "ocf": 77156000,
      "capex": -12010000,
      "gross_margin": 0.3648172283052752,
      "op_margin": 0.13517167316195083,
      "fcf_margin": 0.06885952534217833,
      "fcf_margin_change": -0.07511439340955746
    },
    {
      "date": "2021-06-30T00:00:00",
      "quarter_label": "2021-06 (Q2)",
      "revenue": 988126000,
      "gross_profit": 355144000,
      "operating_income": 136903000,
      "net_income": 102704000,
      "opex": 218241000,
      "cogs": 632982000,
      "rd": null,
      "sga": 204168000,
      "fcf": 153314000,
      "ocf": 160609000,
      "capex": -7295000,
      "gross_margin": 0.3594116539793508,
      "op_margin": 0.13854812038140885,
      "fcf_margin": 0.15515632621750666,
      "op_leverage_ratio": 9.85484063423725,
      "fcf_margin_change": 0.08629680087532833
    },
    {
      "date": "2021-09-30T00:00:00",
      "quarter_label": "2021-09 (Q3)",
      "revenue": 1015737000,
      "gross_profit": 362051000,
      "operating_income": 132289000,
      "net_income": 102386000,
      "opex": 229762000,
      "cogs": 653686000,
      "rd": null,
      "sga": 215957000,
      "fcf": 197632000,
      "ocf": 209712000,
      "capex": -12080000,
      "gross_margin": 0.35644167732395293,
      "op_margin": 0.13023942221263968,
      "fcf_margin": 0.19457005110574882,
      "op_leverage_ratio": 0.5293171622404979,
      "fcf_margin_change": 0.03941372488824216
    },
    {
      "date": "2021-12-31T00:00:00",
      "quarter_label": "2021-12 (Q4)",
      "revenue": 1072277000,
      "gross_profit": 369621000,
      "operating_income": 111925000,
      "net_income": 73085000,
      "opex": 257696000,
      "cogs": 702656000,
      "rd": null,
      "sga": 244858000,
      "fcf": 224848000,
      "ocf": 246804000,
      "capex": -21956000,
      "gross_margin": 0.34470663830334886,
      "op_margin": 0.10438067775397589,
      "fcf_margin": 0.20969208516083065,
      "incr_op_margin_yoy": -0.009268008117723422,
      "rev_growth_yoy": 0.12803818348608412,
      "op_leverage_ratio": 0.4578461911646614,
      "fcf_margin_change": 0.015122034055081834
    },
    {
      "date": "2022-03-31T00:00:00",
      "quarter_label": "2022-03 (Q1)",
      "revenue": 1068443000,
      "gross_profit": 382481000,
      "operating_income": 133876000,
      "net_income": 96179000,
      "opex": 248605000,
      "cogs": 685962000,
      "rd": null,
      "sga": 237296000,
      "fcf": -131025000,
      "ocf": -114281000,
      "capex": -16744000,
      "gross_margin": 0.35797978928216106,
      "op_margin": 0.12530008620019972,
      "fcf_margin": -0.12263171736817031,
      "incr_op_margin_yoy": 0.048981793220671394,
      "rev_growth_yoy": 0.12934758596342136,
      "rev_growth_yoy_accel": 0.0013094024773372404,
      "fcf_margin_change": -0.33232380252900096
    },
    {
      "date": "2022-06-30T00:00:00",
      "quarter_label": "2022-06 (Q2)",
      "revenue": 1089147000,
      "gross_profit": 374891000,
      "operating_income": 109683000,
      "net_income": 71670000,
      "opex": 265208000,
      "cogs": 714256000,
      "rd": null,
      "sga": 233096000,
      "fcf": 92134000,
      "ocf": 102333000,
      "capex": -10199000,
      "gross_margin": 0.34420606217526195,
      "op_margin": 0.10070541442064294,
      "fcf_margin": 0.0845928051952583,
      "incr_op_margin_yoy": -0.2694489264608349,
      "rev_growth_yoy": 0.10223493764965197,
      "rev_growth_yoy_accel": -0.02711264831376939,
      "op_leverage_ratio": 0.2901524165879014,
      "fcf_margin_change": 0.2072245225634286
    },
    {
      "date": "2022-09-30T00:00:00",
      "quarter_label": "2022-09 (Q3)",
      "revenue": 1111037000,
      "gross_profit": 393818000,
      "operating_income": 130841000,
      "net_income": 95843000,
      "opex": 262977000,
      "cogs": 717219000,
      "rd": null,
      "sga": 231436000,
      "fcf": 217621000,
      "ocf": 225990000,
      "capex": -8369000,
      "gross_margin": 0.35445984247149287,
      "op_margin": 0.11776475490915245,
      "fcf_margin": 0.19587196466004284,
      "incr_op_margin_yoy": -0.015194123819517314,
      "rev_growth_yoy": 0.09382349958699938,
      "rev_growth_yoy_accel": -0.008411438062652585,
      "op_leverage_ratio": Infinity,
      "fcf_margin_change": 0.11127915946478453
    },
    {
      "date": "2022-12-31T00:00:00",
      "quarter_label": "2022-12 (Q4)",
      "revenue": 1102545000,
      "gross_profit": 385208000,
      "operating_income": 127751000,
      "net_income": 89712000,
      "opex": 257457000,
      "cogs": 717337000,
      "rd": null,
      "sga": 236557000,
      "fcf": 214326000,
      "ocf": 229628000,
      "capex": -15302000,
      "gross_margin": 0.3493807508990563,
      "op_margin": 0.11586919354765565,
      "fcf_margin": 0.1943920656299743,
      "incr_op_margin_yoy": 0.5228624289678869,
      "rev_growth_yoy": 0.0282277806947272,
      "rev_growth_yoy_accel": -0.06559571889227218,
      "fcf_margin_change": -0.0014798990300685377
    },
    {
      "date": "2023-03-31T00:00:00",
      "quarter_label": "2023-03 (Q1)",
      "revenue": 1089319000,
      "gross_profit": 370241000,
      "operating_income": 145112000,
      "net_income": 106101000,
      "opex": 225129000,
      "cogs": 719078000,
      "rd": null,
      "sga": 216485000,
      "fcf": -46642000,
      "ocf": -34064000,
      "capex": -12578000,
      "gross_margin": 0.3398829911164682,
      "op_margin": 0.13321350311524907,
      "fcf_margin": -0.04281757685306141,
      "incr_op_margin_yoy": 0.538225713738264,
      "rev_growth_yoy": 0.01953871193877446,
      "rev_growth_yoy_accel": -0.008689068755952739,
      "fcf_margin_change": -0.23720964248303572
    },
    {
      "date": "2023-06-30T00:00:00",
      "quarter_label": "2023-06 (Q2)",
      "revenue": 1105524000,
      "gross_profit": 390040000,
      "operating_income": 157320000,
      "net_income": 116252000,
      "opex": 232720000,
      "cogs": 715484000,
      "rd": null,
      "sga": 229426000,
      "fcf": 159991000,
      "ocf": 171446000,
      "capex": -11455000,
      "gross_margin": 0.35281007015677635,
      "op_margin": 0.1423035592171676,
      "fcf_margin": 0.14471960807725567,
      "incr_op_margin_yoy": 2.9087745008243266,
      "rev_growth_yoy": 0.015036537767629162,
      "rev_growth_yoy_accel": -0.004502174171145299,
      "op_leverage_ratio": 0.4411907591963846,
      "fcf_margin_change": 0.18753718493031707
    },
    {
      "date": "2023-09-30T00:00:00",
      "quarter_label": "2023-09 (Q3)",
      "revenue": 1135792000,
      "gross_profit": 402830000,
      "operating_income": 165693000,
      "net_income": 117593000,
      "opex": 237137000,
      "cogs": 732962000,
      "rd": null,
      "sga": 229731000,
      "fcf": 148227000,
      "ocf": 161524000,
      "capex": -13297000,
      "gross_margin": 0.35466881259949007,
      "op_margin": 0.14588322509755308,
      "fcf_margin": 0.1305054094411653,
      "incr_op_margin_yoy": 1.4078771965259544,
      "rev_growth_yoy": 0.022280986141775656,
      "rev_growth_yoy_accel": 0.007244448374146494,
      "op_leverage_ratio": 1.442520052777921,
      "fcf_margin_change": -0.014214198636090386
    },
    {
      "date": "2023-12-31T00:00:00",
      "quarter_label": "2023-12 (Q4)",
      "revenue": 1146253000,
      "gross_profit": 407554000,
      "operating_income": 162732000,
      "net_income": 291309000,
      "opex": 244822000,
      "cogs": 738699000,
      "rd": null,
      "sga": 237419000,
      "fcf": 173815000,
      "ocf": 191906000,
      "capex": -18091000,
      "gross_margin": 0.35555326790856817,
      "op_margin": 0.14196865787919422,
      "fcf_margin": 0.1516375529660555,
      "incr_op_margin_yoy": 0.8003340349592752,
      "rev_growth_yoy": 0.039642826369898736,
      "rev_growth_yoy_accel": 0.01736184022812308,
      "fcf_margin_change": 0.021132143524890207
    },
    {
      "date": "2024-03-31T00:00:00",
      "quarter_label": "2024-03 (Q1)",
      "revenue": 1131237000,
      "gross_profit": 396478000,
      "operating_income": 159986000,
      "net_income": 116947000,
      "opex": 236492000,
      "cogs": 734759000,
      "rd": null,
      "sga": 235031000,
      "fcf": -49566000,
      "ocf": -25561000,
      "capex": -24005000,
      "gross_margin": 0.35048181769160663,
      "op_margin": 0.1414257136214604,
      "fcf_margin": -0.04381575213682014,
      "incr_op_margin_yoy": 0.35483563147096714,
      "rev_growth_yoy": 0.038480922484598175,
      "rev_growth_yoy_accel": -0.0011619038853005609,
      "fcf_margin_change": -0.19545330510287562
    },
    {
      "date": "2024-06-30T00:00:00",
      "quarter_label": "2024-06 (Q2)",
      "revenue": 1176212000,
      "gross_profit": 416378000,
      "operating_income": 170251000,
      "net_income": 121990000,
      "opex": 246127000,
      "cogs": 759834000,
      "rd": null,
      "sga": 239642000,
      "fcf": 190003000,
      "ocf": 209274000,
      "capex": -19271000,
      "gross_margin": 0.3539991090041591,
      "op_margin": 0.1447451649872642,
      "fcf_margin": 0.16153805606472302,
      "incr_op_margin_yoy": 0.18293062471706656,
      "rev_growth_yoy": 0.06394071951400422,
      "rev_growth_yoy_accel": 0.025459797029406046,
      "op_leverage_ratio": 0.9758482906647458,
      "fcf_margin_change": 0.20535380820154314
    },
    {
      "date": "2024-09-30T00:00:00",
      "quarter_label": "2024-09 (Q3)",
      "revenue": 1210949000,
      "gross_profit": 431438000,
      "operating_income": 181650000,
      "net_income": 132818000,
      "opex": 249788000,
      "cogs": 779511000,
      "rd": null,
      "sga": 243315000,
      "fcf": 208691000,
      "ocf": 228464000,
      "capex": -19773000,
      "gross_margin": 0.3562809003517076,
      "op_margin": 0.1500063173593603,
      "fcf_margin": 0.1723367375504666,
      "incr_op_margin_yoy": 0.21231555277618852,
      "rev_growth_yoy": 0.06617144688464086,
      "rev_growth_yoy_accel": 0.0022307273706366343,
      "op_leverage_ratio": 1.9854832705039276,
      "fcf_margin_change": 0.010798681485743589
    },
    {
      "date": "2024-12-31T00:00:00",
      "quarter_label": "2024-12 (Q4)",
      "revenue": 1248741000,
      "gross_profit": 445772000,
      "operating_income": 190174000,
      "net_income": 141915000,
      "opex": 255598000,
      "cogs": 802969000,
      "rd": null,
      "sga": 249157000,
      "fcf": 183530000,
      "ocf": 203247000,
      "capex": -19717000,
      "gross_margin": 0.356977147382844,
      "op_margin": 0.15229258909573723,
      "fcf_margin": 0.1469720302288465,
      "incr_op_margin_yoy": 0.26775817656701273,
      "rev_growth_yoy": 0.08941132542292146,
      "rev_growth_yoy_accel": 0.023239878538280606,
      "op_leverage_ratio": 1.3417433804555576,
      "fcf_margin_change": -0.025364707321620106
    },
    {
      "date": "2025-03-31T00:00:00",
      "quarter_label": "2025-03 (Q1)",
      "revenue": 1214926000,
      "gross_profit": 428994000,
      "operating_income": 183702000,
      "net_income": 130853000,
      "opex": 245292000,
      "cogs": 785932000,
      "rd": null,
      "sga": 241084000,
      "fcf": 18457000,
      "ocf": 40436000,
      "capex": -21979000,
      "gross_margin": 0.35310298734243895,
      "op_margin": 0.15120427087740324,
      "fcf_margin": 0.015191871768321692,
      "incr_op_margin_yoy": 0.2833825233901707,
      "rev_growth_yoy": 0.07398007667712425,
      "rev_growth_yoy_accel": -0.01543124874579721,
      "fcf_margin_change": -0.13178015846052482
    },
    {
      "date": "2025-06-30T00:00:00",
      "quarter_label": "2025-06 (Q2)",
      "revenue": 1254418000,
      "gross_profit": 450068000,
      "operating_income": 179402000,
      "net_income": 132716000,
      "opex": 270666000,
      "cogs": 804350000,
      "rd": null,
      "sga": 266393000,
      "fcf": 155143000,
      "ocf": 177365000,
      "capex": -22222000,
      "gross_margin": 0.35878630568120035,
      "op_margin": 0.14301612381199888,
      "fcf_margin": 0.1236772750391018,
      "incr_op_margin_yoy": 0.11701148249494923,
      "rev_growth_yoy": 0.06648971443923374,
      "rev_growth_yoy_accel": -0.007490362237890513,
      "op_leverage_ratio": 0.31423441753910264,
      "fcf_margin_change": 0.1084854032707801
    },
    {
      "date": "2025-09-30T00:00:00",
      "quarter_label": "2025-09 (Q3)",
      "revenue": 1291257000,
      "gross_profit": 469656000,
      "operating_income": 191642000,
      "net_income": 145831000,
      "opex": 278014000,
      "cogs": 821601000,
      "rd": null,
      "sga": 262105000,
      "fcf": 292017000,
      "ocf": 308360000,
      "capex": -16343000,
      "gross_margin": 0.3637200030667791,
      "op_margin": 0.1484150715155852,
      "fcf_margin": 0.22614940325589716,
      "incr_op_margin_yoy": 0.12442097922996463,
      "rev_growth_yoy": 0.06631823470682911,
      "rev_growth_yoy_accel": -0.00017147973240462522,
      "op_leverage_ratio": 1.0817579926346643,
      "fcf_margin_change": 0.10247212821679537
    }
  ],
  "signals": [
    {
      "quarter": "2025-09 (Q3)",
      "signal": "FCF MARGIN EXPANSION",
      "detail": "FCF margin: +12.4% -> +22.6% (+10.2%)",
      "severity": "MEDIUM"
    },
    {
      "quarter": "2025-06 (Q2)",
      "signal": "FCF MARGIN EXPANSION",
      "detail": "FCF margin: +1.5% -> +12.4% (+10.8%)",
      "severity": "MEDIUM"
    },
    {
      "quarter": "2025-03 (Q1)",
      "signal": "INCREMENTAL MARGIN (YoY)",
      "detail": "YoY Incr OPM: +28.3% vs year-ago OPM: +14.1%",
      "severity": "MEDIUM"
    },
    {
      "quarter": "2024-12 (Q4)",
      "signal": "INCREMENTAL MARGIN (YoY)",
      "detail": "YoY Incr OPM: +26.8% vs year-ago OPM: +14.2%",
      "severity": "MEDIUM"
    },
    {
      "quarter": "2024-09 (Q3)",
      "signal": "OPERATING LEVERAGE",
      "detail": "Rev growth +3.0% vs OpEx growth +1.5% (leverage: 2.0x)",
      "severity": "MEDIUM"
    },
    {
      "quarter": "2024-06 (Q2)",
      "signal": "FCF TURNED POSITIVE",
      "detail": "FCF margin: -4.4% -> +16.2%",
      "severity": "HIGH"
    },
    {
      "quarter": "2024-03 (Q1)",
      "signal": "INCREMENTAL MARGIN (YoY)",
      "detail": "YoY Incr OPM: +35.5% vs year-ago OPM: +13.3%",
      "severity": "HIGH"
    },
    {
      "quarter": "2023-12 (Q4)",
      "signal": "INCREMENTAL MARGIN (YoY)",
      "detail": "YoY Incr OPM: +80.0% vs year-ago OPM: +11.6%",
      "severity": "HIGH"
    },
    {
      "quarter": "2023-09 (Q3)",
      "signal": "INCREMENTAL MARGIN (YoY)",
      "detail": "YoY Incr OPM: +140.8% vs year-ago OPM: +11.8%",
      "severity": "HIGH"
    },
    {
      "quarter": "2023-06 (Q2)",
      "signal": "FCF TURNED POSITIVE",
      "detail": "FCF margin: -4.3% -> +14.5%",
      "severity": "HIGH"
    },
    {
      "quarter": "2023-06 (Q2)",
      "signal": "INCREMENTAL MARGIN (YoY)",
      "detail": "YoY Incr OPM: +290.9% vs year-ago OPM: +10.1%",
      "severity": "HIGH"
    },
    {
      "quarter": "2023-03 (Q1)",
      "signal": "INCREMENTAL MARGIN (YoY)",
      "detail": "YoY Incr OPM: +53.8% vs year-ago OPM: +12.5%",
      "severity": "HIGH"
    },
    {
      "quarter": "2022-12 (Q4)",
      "signal": "YoY REVENUE GROWTH DECELERATION",
      "detail": "YoY growth: +2.8% vs prior quarter YoY: +9.4% (decel: -6.6%)",
      "severity": "WARNING"
    },
    {
      "quarter": "2022-12 (Q4)",
      "signal": "INCREMENTAL MARGIN (YoY)",
      "detail": "YoY Incr OPM: +52.3% vs year-ago OPM: +10.4%",
      "severity": "HIGH"
    },
    {
      "quarter": "2022-09 (Q3)",
      "signal": "FCF MARGIN EXPANSION",
      "detail": "FCF margin: +8.5% -> +19.6% (+11.1%)",
      "severity": "MEDIUM"
    },
    {
      "quarter": "2022-06 (Q2)",
      "signal": "FCF TURNED POSITIVE",
      "detail": "FCF margin: -12.3% -> +8.5%",
      "severity": "HIGH"
    },
    {
      "quarter": "2021-06 (Q2)",
      "signal": "FCF MARGIN EXPANSION",
      "detail": "FCF margin: +6.9% -> +15.5% (+8.6%)",
      "severity": "MEDIUM"
    },
    {
      "quarter": "2021-06 (Q2)",
      "signal": "OPERATING LEVERAGE",
      "detail": "Rev growth +4.4% vs OpEx growth +0.5% (leverage: 9.9x)",
      "severity": "MEDIUM"
    }
  ],
  "data_quality": {
    "n_quarters": 20,
    "coverage": {
      "revenue": [
        20,
        20
      ],
      "gross_profit": [
        20,
        20
      ],
      "op_income": [
        20,
        20
      ],
      "fcf": [
        20,
        20
      ]
    },
    "gaps": [],
    "warnings": []
  },
  "market_cap": null,
  "source": "SEC EDGAR",
  "last_updated": "2026-02-02T20:46:16.424065",
  "sector": "Technology",
  "industry": "Information Technology Services"
}