{
  "ticker": "GAP",
  "name": "GAP, INC",
  "quarters": [
    {
      "date": "2021-01-30T00:00:00",
      "quarter_label": "2021-01 (Q1)",
      "revenue": 4424000000,
      "gross_profit": 1668000000,
      "operating_income": 134000000,
      "net_income": 234000000,
      "opex": 1534000000,
      "cogs": 2756000000,
      "rd": null,
      "sga": null,
      "fcf": -266000000,
      "ocf": -162000000,
      "capex": -104000000,
      "gross_margin": 0.3770343580470163,
      "op_margin": 0.030289330922242313,
      "fcf_margin": -0.060126582278481014
    },
    {
      "date": "2021-05-01T00:00:00",
      "quarter_label": "2021-05 (Q2)",
      "revenue": 3991000000,
      "gross_profit": 1630000000,
      "operating_income": 240000000,
      "net_income": 166000000,
      "opex": 1390000000,
      "cogs": 2361000000,
      "rd": null,
      "sga": null,
      "fcf": 216000000,
      "ocf": 340000000,
      "capex": -124000000,
      "gross_margin": 0.408418942620897,
      "op_margin": 0.0601353044349787,
      "fcf_margin": 0.05412177399148083,
      "fcf_margin_change": 0.11424835626996185
    },
    {
      "date": "2021-07-31T00:00:00",
      "quarter_label": "2021-07 (Q3)",
      "revenue": 4211000000,
      "gross_profit": 1823000000,
      "operating_income": 409000000,
      "net_income": 258000000,
      "opex": 1414000000,
      "cogs": 2388000000,
      "rd": null,
      "sga": null,
      "fcf": 307000000,
      "ocf": 452000000,
      "capex": -145000000,
      "gross_margin": 0.43291379719781525,
      "op_margin": 0.09712657326050819,
      "fcf_margin": 0.07290429826644503,
      "op_leverage_ratio": 3.1926000167042514,
      "fcf_margin_change": 0.018782524274964192
    },
    {
      "date": "2021-10-30T00:00:00",
      "quarter_label": "2021-10 (Q4)",
      "revenue": 3943000000,
      "gross_profit": 1661000000,
      "operating_income": 153000000,
      "net_income": -152000000,
      "opex": 1508000000,
      "cogs": 2282000000,
      "rd": null,
      "sga": null,
      "fcf": -327000000,
      "ocf": -110000000,
      "capex": -217000000,
      "gross_margin": 0.4212528531574943,
      "op_margin": 0.03880294192239411,
      "fcf_margin": -0.08293177783413644,
      "fcf_margin_change": -0.15583607610058148
    },
    {
      "date": "2022-01-29T00:00:00",
      "quarter_label": "2022-01 (Q1)",
      "revenue": 4525000000,
      "gross_profit": 1523000000,
      "operating_income": 8000000,
      "net_income": -16000000,
      "opex": 1515000000,
      "cogs": 3002000000,
      "rd": null,
      "sga": null,
      "fcf": -81000000,
      "ocf": 127000000,
      "capex": -208000000,
      "gross_margin": 0.33657458563535914,
      "op_margin": 0.0017679558011049724,
      "fcf_margin": -0.017900552486187844,
      "incr_op_margin_yoy": -1.2475247524752475,
      "rev_growth_yoy": 0.022830018083182642,
      "op_leverage_ratio": 31.79797833411833,
      "fcf_margin_change": 0.0650312253479486
    },
    {
      "date": "2022-04-30T00:00:00",
      "quarter_label": "2022-04 (Q2)",
      "revenue": 3477000000,
      "gross_profit": 1096000000,
      "operating_income": -197000000,
      "net_income": -162000000,
      "opex": 1293000000,
      "cogs": 2381000000,
      "rd": null,
      "sga": null,
      "fcf": -590000000,
      "ocf": -362000000,
      "capex": -228000000,
      "gross_margin": 0.31521426517112455,
      "op_margin": -0.056658038538970376,
      "fcf_margin": -0.16968651136036814,
      "incr_op_margin_yoy": 0.8501945525291829,
      "rev_growth_yoy": -0.12878977699824606,
      "rev_growth_yoy_accel": -0.1516197950814287,
      "fcf_margin_change": -0.15178595887418028
    },
    {
      "date": "2022-07-30T00:00:00",
      "quarter_label": "2022-07 (Q3)",
      "revenue": 3857000000,
      "gross_profit": 1330000000,
      "operating_income": -28000000,
      "net_income": -49000000,
      "opex": 1358000000,
      "cogs": 2527000000,
      "rd": null,
      "sga": null,
      "fcf": -23000000,
      "ocf": 155000000,
      "capex": -178000000,
      "gross_margin": 0.3448275862068966,
      "op_margin": -0.007259528130671506,
      "fcf_margin": -0.0059631838216230235,
      "incr_op_margin_yoy": 1.234463276836158,
      "rev_growth_yoy": -0.08406554262645452,
      "rev_growth_yoy_accel": 0.044724234371791544,
      "op_leverage_ratio": 2.1740226986128626,
      "fcf_margin_change": 0.1637233275387451
    },
    {
      "date": "2022-10-29T00:00:00",
      "quarter_label": "2022-10 (Q4)",
      "revenue": 4039000000,
      "gross_profit": 1509000000,
      "operating_income": 186000000,
      "net_income": 282000000,
      "opex": 1323000000,
      "cogs": 2530000000,
      "rd": null,
      "sga": null,
      "fcf": -76000000,
      "ocf": 95000000,
      "capex": -171000000,
      "gross_margin": 0.37360732854666995,
      "op_margin": 0.0460510027234464,
      "fcf_margin": -0.018816538747214655,
      "incr_op_margin_yoy": 0.34375,
      "rev_growth_yoy": 0.024346943951306113,
      "rev_growth_yoy_accel": 0.10841248657776063,
      "op_leverage_ratio": Infinity,
      "fcf_margin_change": -0.012853354925591632
    },
    {
      "date": "2023-01-28T00:00:00",
      "quarter_label": "2023-01 (Q1)",
      "revenue": 4243000000,
      "gross_profit": 1424000000,
      "operating_income": -30000000,
      "net_income": -273000000,
      "opex": 1454000000,
      "cogs": 2819000000,
      "rd": null,
      "sga": null,
      "fcf": 611000000,
      "ocf": 719000000,
      "capex": -108000000,
      "gross_margin": 0.33561159556917275,
      "op_margin": -0.007070469007777516,
      "fcf_margin": 0.14400188545840206,
      "incr_op_margin_yoy": 0.1347517730496454,
      "rev_growth_yoy": -0.06232044198895027,
      "rev_growth_yoy_accel": -0.08666738594025639,
      "op_leverage_ratio": 0.5100877134957069,
      "fcf_margin_change": 0.1628184242056167
    },
    {
      "date": "2023-04-29T00:00:00",
      "quarter_label": "2023-04 (Q2)",
      "revenue": 3276000000,
      "gross_profit": 1214000000,
      "operating_income": -10000000,
      "net_income": -18000000,
      "opex": 1224000000,
      "cogs": 2062000000,
      "rd": null,
      "sga": null,
      "fcf": -102000000,
      "ocf": 15000000,
      "capex": -117000000,
      "gross_margin": 0.3705738705738706,
      "op_margin": -0.0030525030525030525,
      "fcf_margin": -0.031135531135531136,
      "incr_op_margin_yoy": -0.9303482587064676,
      "rev_growth_yoy": -0.057808455565142365,
      "rev_growth_yoy_accel": 0.004511986423807908,
      "fcf_margin_change": -0.1751374165939332
    },
    {
      "date": "2023-07-29T00:00:00",
      "quarter_label": "2023-07 (Q3)",
      "revenue": 3548000000,
      "gross_profit": 1333000000,
      "operating_income": 106000000,
      "net_income": 117000000,
      "opex": 1227000000,
      "cogs": 2215000000,
      "rd": null,
      "sga": null,
      "fcf": 431000000,
      "ocf": 513000000,
      "capex": -82000000,
      "gross_margin": 0.3757046223224352,
      "op_margin": 0.02987598647125141,
      "fcf_margin": 0.12147688838782413,
      "incr_op_margin_yoy": -0.4336569579288026,
      "rev_growth_yoy": -0.08011407829919627,
      "rev_growth_yoy_accel": -0.022305622734053905,
      "op_leverage_ratio": 33.875457875457876,
      "fcf_margin_change": 0.15261241952335525
    },
    {
      "date": "2023-10-28T00:00:00",
      "quarter_label": "2023-10 (Q4)",
      "revenue": 3767000000,
      "gross_profit": 1556000000,
      "operating_income": 250000000,
      "net_income": 218000000,
      "opex": 1306000000,
      "cogs": 2211000000,
      "rd": null,
      "sga": null,
      "fcf": 215000000,
      "ocf": 304000000,
      "capex": -89000000,
      "gross_margin": 0.41306079108043536,
      "op_margin": 0.06636580833554552,
      "fcf_margin": 0.05707459516856915,
      "incr_op_margin_yoy": -0.23529411764705882,
      "rev_growth_yoy": -0.06734340183213666,
      "rev_growth_yoy_accel": 0.012770676467059608,
      "op_leverage_ratio": 0.9586895095115093,
      "fcf_margin_change": -0.06440229321925497
    },
    {
      "date": "2024-02-03T00:00:00",
      "quarter_label": "2024-02 (Q1)",
      "revenue": 4298000000,
      "gross_profit": 1672000000,
      "operating_income": 214000000,
      "net_income": 185000000,
      "opex": 1458000000,
      "cogs": 2626000000,
      "rd": null,
      "sga": null,
      "fcf": 568000000,
      "ocf": 700000000,
      "capex": -132000000,
      "gross_margin": 0.3890181479758027,
      "op_margin": 0.049790600279199626,
      "fcf_margin": 0.1321544904606794,
      "incr_op_margin_yoy": 4.4363636363636365,
      "rev_growth_yoy": 0.01296252651425878,
      "rev_growth_yoy_accel": 0.08030592834639544,
      "op_leverage_ratio": 1.21115155156274,
      "fcf_margin_change": 0.07507989529211025
    },
    {
      "date": "2024-05-04T00:00:00",
      "quarter_label": "2024-05 (Q2)",
      "revenue": 3388000000,
      "gross_profit": 1397000000,
      "operating_income": 205000000,
      "net_income": 158000000,
      "opex": 1192000000,
      "cogs": 1991000000,
      "rd": null,
      "sga": null,
      "fcf": -63000000,
      "ocf": 30000000,
      "capex": -93000000,
      "gross_margin": 0.41233766233766234,
      "op_margin": 0.06050767414403778,
      "fcf_margin": -0.01859504132231405,
      "incr_op_margin_yoy": 1.9196428571428572,
      "rev_growth_yoy": 0.03418803418803419,
      "rev_growth_yoy_accel": 0.02122550767377541,
      "fcf_margin_change": -0.15074953178299344
    },
    {
      "date": "2024-08-03T00:00:00",
      "quarter_label": "2024-08 (Q3)",
      "revenue": 3720000000,
      "gross_profit": 1583000000,
      "operating_income": 293000000,
      "net_income": 206000000,
      "opex": 1290000000,
      "cogs": 2137000000,
      "rd": null,
      "sga": null,
      "fcf": 460000000,
      "ocf": 549000000,
      "capex": -89000000,
      "gross_margin": 0.42553763440860215,
      "op_margin": 0.07876344086021506,
      "fcf_margin": 0.12365591397849462,
      "incr_op_margin_yoy": 1.0872093023255813,
      "rev_growth_yoy": 0.048478015783540024,
      "rev_growth_yoy_accel": 0.014289981595505832,
      "op_leverage_ratio": 1.1919138375539116,
      "fcf_margin_change": 0.14225095530080867
    },
    {
      "date": "2024-11-02T00:00:00",
      "quarter_label": "2024-11 (Q4)",
      "revenue": 3829000000,
      "gross_profit": 1635000000,
      "operating_income": 355000000,
      "net_income": 274000000,
      "opex": 1280000000,
      "cogs": 2194000000,
      "rd": null,
      "sga": null,
      "fcf": 143000000,
      "ocf": 291000000,
      "capex": -148000000,
      "gross_margin": 0.42700443980151476,
      "op_margin": 0.09271350221990075,
      "fcf_margin": 0.03734656568294594,
      "incr_op_margin_yoy": 1.6935483870967742,
      "rev_growth_yoy": 0.01645872046721529,
      "rev_growth_yoy_accel": -0.03201929531632473,
      "op_leverage_ratio": Infinity,
      "fcf_margin_change": -0.08630934829554868
    },
    {
      "date": "2025-02-01T00:00:00",
      "quarter_label": "2025-02 (Q1)",
      "revenue": 4149000000,
      "gross_profit": 1612000000,
      "operating_income": 259000000,
      "net_income": 206000000,
      "opex": 1353000000,
      "cogs": 2537000000,
      "rd": null,
      "sga": null,
      "fcf": 499000000,
      "ocf": 616000000,
      "capex": -117000000,
      "gross_margin": 0.38852735598939503,
      "op_margin": 0.06242468064593878,
      "fcf_margin": 0.1202699445649554,
      "incr_op_margin_yoy": -0.30201342281879195,
      "rev_growth_yoy": -0.03466728711028385,
      "rev_growth_yoy_accel": -0.05112600757749914,
      "op_leverage_ratio": 1.4653849318646093,
      "fcf_margin_change": 0.08292337888200946
    },
    {
      "date": "2025-05-03T00:00:00",
      "quarter_label": "2025-05 (Q2)",
      "revenue": 3463000000,
      "gross_profit": 1448000000,
      "operating_income": 260000000,
      "net_income": 193000000,
      "opex": 1188000000,
      "cogs": 2015000000,
      "rd": null,
      "sga": null,
      "fcf": -223000000,
      "ocf": -140000000,
      "capex": -83000000,
      "gross_margin": 0.4181345654057176,
      "op_margin": 0.07507941091539128,
      "fcf_margin": -0.06439503320820099,
      "incr_op_margin_yoy": 0.7333333333333333,
      "rev_growth_yoy": 0.022136953955135773,
      "rev_growth_yoy_accel": 0.05680424106541962,
      "fcf_margin_change": -0.18466497777315638
    },
    {
      "date": "2025-08-02T00:00:00",
      "quarter_label": "2025-08 (Q3)",
      "revenue": 3725000000,
      "gross_profit": 1536000000,
      "operating_income": 292000000,
      "net_income": 216000000,
      "opex": 1244000000,
      "cogs": 2189000000,
      "rd": null,
      "sga": null,
      "fcf": 350000000,
      "ocf": 448000000,
      "capex": -98000000,
      "gross_margin": 0.4123489932885906,
      "op_margin": 0.07838926174496644,
      "fcf_margin": 0.09395973154362416,
      "incr_op_margin_yoy": -0.2,
      "rev_growth_yoy": 0.0013440860215053765,
      "rev_growth_yoy_accel": -0.0207928679336304,
      "op_leverage_ratio": 1.6050080442225982,
      "fcf_margin_change": 0.15835476475182514
    },
    {
      "date": "2025-11-01T00:00:00",
      "quarter_label": "2025-11 (Q4)",
      "revenue": 3942000000,
      "gross_profit": 1670000000,
      "operating_income": 334000000,
      "net_income": 236000000,
      "opex": 1336000000,
      "cogs": 2272000000,
      "rd": null,
      "sga": null,
      "fcf": 153000000,
      "ocf": 299000000,
      "capex": -146000000,
      "gross_margin": 0.42364282090309485,
      "op_margin": 0.08472856418061897,
      "fcf_margin": 0.03881278538812785,
      "incr_op_margin_yoy": -0.18584070796460178,
      "rev_growth_yoy": 0.029511621833376862,
      "rev_growth_yoy_accel": 0.028167535811871487,
      "op_leverage_ratio": 0.7877093667931135,
      "fcf_margin_change": -0.05514694615549631
    }
  ],
  "signals": [
    {
      "quarter": "2025-08 (Q3)",
      "signal": "FCF TURNED POSITIVE",
      "detail": "FCF margin: -6.4% -> +9.4%",
      "severity": "HIGH"
    },
    {
      "quarter": "2025-08 (Q3)",
      "signal": "OPERATING LEVERAGE",
      "detail": "Rev growth +7.6% vs OpEx growth +4.7% (leverage: 1.6x)",
      "severity": "MEDIUM"
    },
    {
      "quarter": "2025-05 (Q2)",
      "signal": "GROSS MARGIN INFLECTION",
      "detail": "GM: +42.7% -> +38.9% -> +41.8% (reversal +3.0%)",
      "severity": "MEDIUM"
    },
    {
      "quarter": "2025-05 (Q2)",
      "signal": "YoY REVENUE GROWTH ACCELERATION",
      "detail": "YoY growth: +2.2% vs prior quarter YoY: -3.5% (accel: +5.7%)",
      "severity": "MEDIUM"
    },
    {
      "quarter": "2025-05 (Q2)",
      "signal": "INCREMENTAL MARGIN (YoY)",
      "detail": "YoY Incr OPM: +73.3% vs year-ago OPM: +6.1%",
      "severity": "HIGH"
    },
    {
      "quarter": "2025-02 (Q1)",
      "signal": "FCF MARGIN EXPANSION",
      "detail": "FCF margin: +3.7% -> +12.0% (+8.3%)",
      "severity": "MEDIUM"
    },
    {
      "quarter": "2025-02 (Q1)",
      "signal": "YoY REVENUE GROWTH DECELERATION",
      "detail": "YoY growth: -3.5% vs prior quarter YoY: +1.6% (decel: -5.1%)",
      "severity": "WARNING"
    },
    {
      "quarter": "2024-11 (Q4)",
      "signal": "INCREMENTAL MARGIN (YoY)",
      "detail": "YoY Incr OPM: +169.4% vs year-ago OPM: +6.6%",
      "severity": "HIGH"
    },
    {
      "quarter": "2024-08 (Q3)",
      "signal": "FCF TURNED POSITIVE",
      "detail": "FCF margin: -1.9% -> +12.4%",
      "severity": "HIGH"
    },
    {
      "quarter": "2024-08 (Q3)",
      "signal": "INCREMENTAL MARGIN (YoY)",
      "detail": "YoY Incr OPM: +108.7% vs year-ago OPM: +3.0%",
      "severity": "HIGH"
    },
    {
      "quarter": "2024-05 (Q2)",
      "signal": "GROSS MARGIN INFLECTION",
      "detail": "GM: +41.3% -> +38.9% -> +41.2% (reversal +2.3%)",
      "severity": "MEDIUM"
    },
    {
      "quarter": "2024-05 (Q2)",
      "signal": "OP MARGIN TURNED POSITIVE (YoY)",
      "detail": "Op margin: -0.3% (year-ago) -> +6.1%",
      "severity": "HIGH"
    },
    {
      "quarter": "2024-02 (Q1)",
      "signal": "FCF MARGIN EXPANSION",
      "detail": "FCF margin: +5.7% -> +13.2% (+7.5%)",
      "severity": "MEDIUM"
    },
    {
      "quarter": "2024-02 (Q1)",
      "signal": "YoY REVENUE GROWTH ACCELERATION",
      "detail": "YoY growth: +1.3% vs prior quarter YoY: -6.7% (accel: +8.0%)",
      "severity": "MEDIUM"
    },
    {
      "quarter": "2024-02 (Q1)",
      "signal": "OP MARGIN TURNED POSITIVE (YoY)",
      "detail": "Op margin: -0.7% (year-ago) -> +5.0%",
      "severity": "HIGH"
    },
    {
      "quarter": "2023-07 (Q3)",
      "signal": "FCF TURNED POSITIVE",
      "detail": "FCF margin: -3.1% -> +12.1%",
      "severity": "HIGH"
    },
    {
      "quarter": "2023-07 (Q3)",
      "signal": "OPERATING LEVERAGE",
      "detail": "Rev growth +8.3% vs OpEx growth +0.2% (leverage: 33.9x)",
      "severity": "MEDIUM"
    },
    {
      "quarter": "2023-07 (Q3)",
      "signal": "OP MARGIN TURNED POSITIVE (YoY)",
      "detail": "Op margin: -0.7% (year-ago) -> +3.0%",
      "severity": "HIGH"
    },
    {
      "quarter": "2023-07 (Q3)",
      "signal": "OP MARGIN TURNED POSITIVE (QoQ)",
      "detail": "Op margin: -0.3% -> +3.0%",
      "severity": "HIGH"
    },
    {
      "quarter": "2023-04 (Q2)",
      "signal": "GROSS MARGIN INFLECTION",
      "detail": "GM: +37.4% -> +33.6% -> +37.1% (reversal +3.5%)",
      "severity": "MEDIUM"
    },
    {
      "quarter": "2023-01 (Q1)",
      "signal": "FCF TURNED POSITIVE",
      "detail": "FCF margin: -1.9% -> +14.4%",
      "severity": "HIGH"
    },
    {
      "quarter": "2023-01 (Q1)",
      "signal": "YoY REVENUE GROWTH DECELERATION",
      "detail": "YoY growth: -6.2% vs prior quarter YoY: +2.4% (decel: -8.7%)",
      "severity": "WARNING"
    },
    {
      "quarter": "2022-10 (Q4)",
      "signal": "YoY REVENUE GROWTH ACCELERATION",
      "detail": "YoY growth: +2.4% vs prior quarter YoY: -8.4% (accel: +10.8%)",
      "severity": "MEDIUM"
    },
    {
      "quarter": "2022-10 (Q4)",
      "signal": "INCREMENTAL MARGIN (YoY)",
      "detail": "YoY Incr OPM: +34.4% vs year-ago OPM: +3.9%",
      "severity": "HIGH"
    },
    {
      "quarter": "2022-10 (Q4)",
      "signal": "OP MARGIN TURNED POSITIVE (QoQ)",
      "detail": "Op margin: -0.7% -> +4.6%",
      "severity": "HIGH"
    },
    {
      "quarter": "2022-07 (Q3)",
      "signal": "FCF MARGIN EXPANSION",
      "detail": "FCF margin: -17.0% -> -0.6% (+16.4%)",
      "severity": "MEDIUM"
    },
    {
      "quarter": "2022-07 (Q3)",
      "signal": "OPERATING LEVERAGE",
      "detail": "Rev growth +10.9% vs OpEx growth +5.0% (leverage: 2.2x)",
      "severity": "MEDIUM"
    },
    {
      "quarter": "2022-07 (Q3)",
      "signal": "GROSS MARGIN INFLECTION",
      "detail": "GM: +33.7% -> +31.5% -> +34.5% (reversal +3.0%)",
      "severity": "MEDIUM"
    },
    {
      "quarter": "2022-04 (Q2)",
      "signal": "YoY REVENUE GROWTH DECELERATION",
      "detail": "YoY growth: -12.9% vs prior quarter YoY: +2.3% (decel: -15.2%)",
      "severity": "WARNING"
    },
    {
      "quarter": "2022-01 (Q1)",
      "signal": "FCF MARGIN EXPANSION",
      "detail": "FCF margin: -8.3% -> -1.8% (+6.5%)",
      "severity": "MEDIUM"
    },
    {
      "quarter": "2022-01 (Q1)",
      "signal": "OPERATING LEVERAGE",
      "detail": "Rev growth +14.8% vs OpEx growth +0.5% (leverage: 31.8x)",
      "severity": "MEDIUM"
    },
    {
      "quarter": "2021-07 (Q3)",
      "signal": "OPERATING LEVERAGE",
      "detail": "Rev growth +5.5% vs OpEx growth +1.7% (leverage: 3.2x)",
      "severity": "MEDIUM"
    },
    {
      "quarter": "2021-05 (Q2)",
      "signal": "FCF TURNED POSITIVE",
      "detail": "FCF margin: -6.0% -> +5.4%",
      "severity": "HIGH"
    }
  ],
  "data_quality": {
    "n_quarters": 20,
    "coverage": {
      "revenue": [
        20,
        20
      ],
      "gross_profit": [
        20,
        20
      ],
      "op_income": [
        20,
        20
      ],
      "fcf": [
        20,
        20
      ]
    },
    "gaps": [],
    "warnings": []
  },
  "market_cap": null,
  "source": "SEC EDGAR",
  "last_updated": "2026-02-02T20:38:19.381699"
}