{
  "ticker": "GBIO",
  "name": "GENERATION BIO CO.",
  "quarters": [
    {
      "date": "2022-06-30T00:00:00",
      "quarter_label": "2022-06 (Q2)",
      "revenue": 0,
      "gross_profit": null,
      "operating_income": -38481000,
      "net_income": -37929000,
      "opex": 38481000,
      "cogs": null,
      "rd": 28365000,
      "sga": null,
      "fcf": -28217000,
      "ocf": -23533000,
      "capex": -4684000,
      "gross_margin": null,
      "op_margin": null,
      "fcf_margin": null
    },
    {
      "date": "2022-09-30T00:00:00",
      "quarter_label": "2022-09 (Q3)",
      "revenue": 0,
      "gross_profit": null,
      "operating_income": -32669000,
      "net_income": -31306000,
      "opex": 32669000,
      "cogs": null,
      "rd": 21192000,
      "sga": null,
      "fcf": -21128000,
      "ocf": -20477000,
      "capex": -651000,
      "gross_margin": null,
      "op_margin": null,
      "fcf_margin": null
    },
    {
      "date": "2022-12-31T00:00:00",
      "quarter_label": "2022-12 (Q4)",
      "revenue": 0,
      "gross_profit": null,
      "operating_income": -34688000,
      "net_income": -32405000,
      "opex": 34688000,
      "cogs": null,
      "rd": 21607000,
      "sga": null,
      "fcf": -23685000,
      "ocf": -23003000,
      "capex": -682000,
      "gross_margin": null,
      "op_margin": null,
      "fcf_margin": null
    },
    {
      "date": "2023-03-31T00:00:00",
      "quarter_label": "2023-03 (Q1)",
      "revenue": 0,
      "gross_profit": null,
      "operating_income": -34866000,
      "net_income": -32094000,
      "opex": 34866000,
      "cogs": null,
      "rd": 22000000,
      "sga": null,
      "fcf": -28432000,
      "ocf": -27677000,
      "capex": -755000,
      "gross_margin": null,
      "op_margin": null,
      "fcf_margin": null
    },
    {
      "date": "2023-06-30T00:00:00",
      "quarter_label": "2023-06 (Q2)",
      "revenue": 880000,
      "gross_profit": null,
      "operating_income": -33919000,
      "net_income": -31066000,
      "opex": 34799000,
      "cogs": null,
      "rd": 21832000,
      "sga": null,
      "fcf": 23354000,
      "ocf": 24806000,
      "capex": -1452000,
      "gross_margin": null,
      "op_margin": -38.544318181818184,
      "fcf_margin": 26.538636363636364
    },
    {
      "date": "2023-09-30T00:00:00",
      "quarter_label": "2023-09 (Q3)",
      "revenue": 2146000,
      "gross_profit": null,
      "operating_income": -31357000,
      "net_income": -28266000,
      "opex": 33503000,
      "cogs": null,
      "rd": 21862000,
      "sga": null,
      "fcf": -25506000,
      "ocf": -24896000,
      "capex": -610000,
      "gross_margin": null,
      "op_margin": -14.61183597390494,
      "fcf_margin": -11.885368126747437,
      "incr_op_margin_yoy": 0.6113699906803355,
      "op_leverage_ratio": Infinity,
      "fcf_margin_change": -38.4240044903838
    },
    {
      "date": "2023-12-31T00:00:00",
      "quarter_label": "2023-12 (Q4)",
      "revenue": 2878000,
      "gross_profit": null,
      "operating_income": -38421000,
      "net_income": -35186000,
      "opex": 41299000,
      "cogs": null,
      "rd": 27923000,
      "sga": null,
      "fcf": -29558000,
      "ocf": -24978000,
      "capex": -4580000,
      "gross_margin": null,
      "op_margin": -13.3498957609451,
      "fcf_margin": -10.27032661570535,
      "incr_op_margin_yoy": -1.2970813064628215,
      "op_leverage_ratio": 1.4658624849792734,
      "fcf_margin_change": 1.6150415110420866
    },
    {
      "date": "2024-03-31T00:00:00",
      "quarter_label": "2024-03 (Q1)",
      "revenue": 4059000,
      "gross_profit": null,
      "operating_income": -77634000,
      "net_income": -74541000,
      "opex": 81693000,
      "cogs": null,
      "rd": 14335000,
      "sga": null,
      "fcf": -33615000,
      "ocf": -31697000,
      "capex": -1918000,
      "gross_margin": null,
      "op_margin": -19.126385809312637,
      "fcf_margin": -8.28159645232816,
      "incr_op_margin_yoy": -10.536585365853659,
      "op_leverage_ratio": 0.41954812332713187,
      "fcf_margin_change": 1.9887301633771912
    },
    {
      "date": "2024-06-30T00:00:00",
      "quarter_label": "2024-06 (Q2)",
      "revenue": 4091000,
      "gross_profit": null,
      "operating_income": -23309000,
      "net_income": -20432000,
      "opex": 27400000,
      "cogs": null,
      "rd": 16388000,
      "sga": null,
      "fcf": -21549000,
      "ocf": -21535000,
      "capex": -14000,
      "gross_margin": null,
      "op_margin": -5.697628941579076,
      "fcf_margin": -5.267416279638231,
      "incr_op_margin_yoy": 3.3042665836188103,
      "rev_growth_yoy": 3.6488636363636364,
      "fcf_margin_change": 3.0141801726899287
    },
    {
      "date": "2024-09-30T00:00:00",
      "quarter_label": "2024-09 (Q3)",
      "revenue": 7554000,
      "gross_profit": null,
      "operating_income": -17884000,
      "net_income": -15313000,
      "opex": 25438000,
      "cogs": null,
      "rd": 15088000,
      "sga": null,
      "fcf": -19638000,
      "ocf": -19547000,
      "capex": -91000,
      "gross_margin": null,
      "op_margin": -2.3674874238813874,
      "fcf_margin": -2.5996822875297854,
      "incr_op_margin_yoy": 2.491309171597633,
      "rev_growth_yoy": 2.520037278657968,
      "rev_growth_yoy_accel": -1.1288263577056683,
      "op_leverage_ratio": Infinity,
      "fcf_margin_change": 2.6677339921084453
    },
    {
      "date": "2024-12-31T00:00:00",
      "quarter_label": "2024-12 (Q4)",
      "revenue": 4188000,
      "gross_profit": null,
      "operating_income": -23563000,
      "net_income": -21382000,
      "opex": 27751000,
      "cogs": null,
      "rd": 15494000,
      "sga": null,
      "fcf": -16162000,
      "ocf": -15784000,
      "capex": -378000,
      "gross_margin": null,
      "op_margin": -5.626313276026743,
      "fcf_margin": -3.859121298949379,
      "incr_op_margin_yoy": 11.341984732824427,
      "rev_growth_yoy": 0.4551772063933287,
      "rev_growth_yoy_accel": -2.0648600722646395,
      "fcf_margin_change": -1.2594390114195937
    },
    {
      "date": "2025-03-31T00:00:00",
      "quarter_label": "2025-03 (Q1)",
      "revenue": 8723000,
      "gross_profit": null,
      "operating_income": -16606000,
      "net_income": -14802000,
      "opex": 25329000,
      "cogs": null,
      "rd": 15357000,
      "sga": null,
      "fcf": -28606000,
      "ocf": -28360000,
      "capex": -246000,
      "gross_margin": null,
      "op_margin": -1.9037028545225267,
      "fcf_margin": -3.2793763613435742,
      "incr_op_margin_yoy": 13.084905660377359,
      "rev_growth_yoy": 1.1490514905149052,
      "rev_growth_yoy_accel": 0.6938742841215765,
      "op_leverage_ratio": Infinity,
      "fcf_margin_change": 0.5797449376058048
    },
    {
      "date": "2025-06-30T00:00:00",
      "quarter_label": "2025-06 (Q2)",
      "revenue": 765000,
      "gross_profit": null,
      "operating_income": -22916000,
      "net_income": -20923000,
      "opex": 23681000,
      "cogs": null,
      "rd": 15499000,
      "sga": null,
      "fcf": -17287000,
      "ocf": -16828000,
      "capex": -459000,
      "gross_margin": null,
      "op_margin": -29.955555555555556,
      "fcf_margin": -22.597385620915034,
      "incr_op_margin_yoy": -0.11815995189416717,
      "rev_growth_yoy": -0.8130041554632119,
      "rev_growth_yoy_accel": -1.962055645978117,
      "fcf_margin_change": -19.31800925957146
    },
    {
      "date": "2025-09-30T00:00:00",
      "quarter_label": "2025-09 (Q3)",
      "revenue": 1594000,
      "gross_profit": null,
      "operating_income": -6708000,
      "net_income": -5520000,
      "opex": 8302000,
      "cogs": null,
      "rd": 21630000,
      "sga": null,
      "fcf": -52680000,
      "ocf": -52680000,
      "capex": null,
      "gross_margin": null,
      "op_margin": -4.208281053952321,
      "fcf_margin": -33.04893350062735,
      "incr_op_margin_yoy": -1.8751677852348994,
      "rev_growth_yoy": -0.7889859676992322,
      "rev_growth_yoy_accel": 0.02401818776397968,
      "op_leverage_ratio": Infinity,
      "fcf_margin_change": -10.451547879712315
    }
  ],
  "signals": [
    {
      "quarter": "2025-06 (Q2)",
      "signal": "YoY REVENUE GROWTH DECELERATION",
      "detail": "YoY growth: -81.3% vs prior quarter YoY: +114.9% (decel: -196.2%)",
      "severity": "WARNING"
    },
    {
      "quarter": "2025-03 (Q1)",
      "signal": "FCF MARGIN EXPANSION",
      "detail": "FCF margin: -385.9% -> -327.9% (+58.0%)",
      "severity": "MEDIUM"
    },
    {
      "quarter": "2025-03 (Q1)",
      "signal": "YoY REVENUE GROWTH ACCELERATION",
      "detail": "YoY growth: +114.9% vs prior quarter YoY: +45.5% (accel: +69.4%)",
      "severity": "HIGH"
    },
    {
      "quarter": "2024-12 (Q4)",
      "signal": "YoY REVENUE GROWTH DECELERATION",
      "detail": "YoY growth: +45.5% vs prior quarter YoY: +252.0% (decel: -206.5%)",
      "severity": "WARNING"
    },
    {
      "quarter": "2024-09 (Q3)",
      "signal": "FCF MARGIN EXPANSION",
      "detail": "FCF margin: -526.7% -> -260.0% (+266.8%)",
      "severity": "MEDIUM"
    },
    {
      "quarter": "2024-09 (Q3)",
      "signal": "YoY REVENUE GROWTH DECELERATION",
      "detail": "YoY growth: +252.0% vs prior quarter YoY: +364.9% (decel: -112.9%)",
      "severity": "WARNING"
    },
    {
      "quarter": "2024-06 (Q2)",
      "signal": "FCF MARGIN EXPANSION",
      "detail": "FCF margin: -828.2% -> -526.7% (+301.4%)",
      "severity": "MEDIUM"
    },
    {
      "quarter": "2024-03 (Q1)",
      "signal": "FCF MARGIN EXPANSION",
      "detail": "FCF margin: -1027.0% -> -828.2% (+198.9%)",
      "severity": "MEDIUM"
    },
    {
      "quarter": "2023-12 (Q4)",
      "signal": "FCF MARGIN EXPANSION",
      "detail": "FCF margin: -1188.5% -> -1027.0% (+161.5%)",
      "severity": "MEDIUM"
    }
  ],
  "data_quality": {
    "n_quarters": 14,
    "coverage": {
      "revenue": [
        14,
        14
      ],
      "gross_profit": [
        0,
        14
      ],
      "op_income": [
        14,
        14
      ],
      "fcf": [
        14,
        14
      ]
    },
    "gaps": [],
    "warnings": [
      "gross_profit: no data"
    ]
  },
  "market_cap": null,
  "source": "SEC EDGAR",
  "last_updated": "2026-02-02T23:46:07.906290",
  "sector": "Healthcare",
  "industry": "Biotechnology"
}