{
  "ticker": "GBX",
  "name": "THE GREENBRIER COMPANIES, INC.",
  "quarters": [
    {
      "date": "2021-02-28T00:00:00",
      "quarter_label": "2021-02 (Q1)",
      "revenue": 295622000,
      "gross_profit": 17671000,
      "operating_income": -25727000,
      "net_income": -9065000,
      "opex": 43398000,
      "cogs": 277951000,
      "rd": null,
      "sga": 43425000,
      "fcf": -103400000,
      "ocf": -103400000,
      "capex": null,
      "gross_margin": 0.059775659457009286,
      "op_margin": -0.087026675957811,
      "fcf_margin": -0.3497709913335273
    },
    {
      "date": "2021-05-31T00:00:00",
      "quarter_label": "2021-05 (Q2)",
      "revenue": 450143000,
      "gross_profit": 75132000,
      "operating_income": 25709000,
      "net_income": 19737000,
      "opex": 49423000,
      "cogs": 375011000,
      "rd": null,
      "sga": 49239000,
      "fcf": -29000000,
      "ocf": -29000000,
      "capex": null,
      "gross_margin": 0.16690696067694044,
      "op_margin": 0.05711296188100226,
      "fcf_margin": -0.06442397193780643,
      "op_leverage_ratio": 3.764986501349949,
      "fcf_margin_change": 0.2853470193957209
    },
    {
      "date": "2021-08-31T00:00:00",
      "quarter_label": "2021-08 (Q3)",
      "revenue": 599227000,
      "gross_profit": 98133000,
      "operating_income": 43102000,
      "net_income": 31777000,
      "opex": 55031000,
      "cogs": 501094000,
      "rd": null,
      "sga": 55442000,
      "fcf": 83300000,
      "ocf": 83300000,
      "capex": null,
      "gross_margin": 0.16376598517757043,
      "op_margin": 0.07192933562739996,
      "fcf_margin": 0.13901242767765806,
      "op_leverage_ratio": 2.9187818324703367,
      "fcf_margin_change": 0.2034363996154645
    },
    {
      "date": "2021-11-30T00:00:00",
      "quarter_label": "2021-11 (Q4)",
      "revenue": 550700000,
      "gross_profit": 47600000,
      "operating_income": 11800000,
      "net_income": 10800000,
      "opex": 35800000,
      "cogs": 503100000,
      "rd": null,
      "sga": 44300000,
      "fcf": -196700000,
      "ocf": -196700000,
      "capex": null,
      "gross_margin": 0.08643544579625931,
      "op_margin": 0.02142727437806428,
      "fcf_margin": -0.35718176865807155,
      "fcf_margin_change": -0.4961941963357296
    },
    {
      "date": "2022-02-28T00:00:00",
      "quarter_label": "2022-02 (Q1)",
      "revenue": 682800000,
      "gross_profit": 54800000,
      "operating_income": 25200000,
      "net_income": 12800000,
      "opex": 29600000,
      "cogs": 628000000,
      "rd": null,
      "sga": 54700000,
      "fcf": -23600000,
      "ocf": -23600000,
      "capex": null,
      "gross_margin": 0.08025776215582894,
      "op_margin": 0.03690685413005272,
      "fcf_margin": -0.03456356180433509,
      "incr_op_margin_yoy": 0.13153381648750703,
      "rev_growth_yoy": 1.309706314144414,
      "op_leverage_ratio": Infinity,
      "fcf_margin_change": 0.32261820685373643
    },
    {
      "date": "2022-05-31T00:00:00",
      "quarter_label": "2022-05 (Q2)",
      "revenue": 793500000,
      "gross_profit": 76300000,
      "operating_income": 19600000,
      "net_income": 3100000,
      "opex": 56700000,
      "cogs": 717200000,
      "rd": null,
      "sga": 57400000,
      "fcf": -108100000,
      "ocf": -108100000,
      "capex": null,
      "gross_margin": 0.09615626969124133,
      "op_margin": 0.024700693131695022,
      "fcf_margin": -0.13623188405797101,
      "incr_op_margin_yoy": -0.01779197744621487,
      "rev_growth_yoy": 0.762773163194807,
      "rev_growth_yoy_accel": -0.546933150949607,
      "op_leverage_ratio": 0.17708286045953606,
      "fcf_margin_change": -0.10166832225363592
    },
    {
      "date": "2022-08-31T00:00:00",
      "quarter_label": "2022-08 (Q3)",
      "revenue": 950700000,
      "gross_profit": 127300000,
      "operating_income": 61400000,
      "net_income": 20200000,
      "opex": 65900000,
      "cogs": 823400000,
      "rd": null,
      "sga": 68800000,
      "fcf": 178000000,
      "ocf": 178000000,
      "capex": null,
      "gross_margin": 0.133901335857789,
      "op_margin": 0.06458399074366257,
      "fcf_margin": 0.18723046176501526,
      "incr_op_margin_yoy": 0.05206089799216441,
      "rev_growth_yoy": 0.5865439975168009,
      "rev_growth_yoy_accel": -0.17622916567800617,
      "op_leverage_ratio": 1.2209583299087696,
      "fcf_margin_change": 0.3234623458229863
    },
    {
      "date": "2022-11-30T00:00:00",
      "quarter_label": "2022-11 (Q4)",
      "revenue": 766500000,
      "gross_profit": 69500000,
      "operating_income": -4800000,
      "net_income": -16700000,
      "opex": 74300000,
      "cogs": 697000000,
      "rd": null,
      "sga": 53400000,
      "fcf": -255500000,
      "ocf": -255500000,
      "capex": null,
      "gross_margin": 0.09067188519243313,
      "op_margin": -0.0062622309197651665,
      "fcf_margin": -0.3333333333333333,
      "incr_op_margin_yoy": -0.07692307692307693,
      "rev_growth_yoy": 0.3918648992191756,
      "rev_growth_yoy_accel": -0.19467909829762525,
      "fcf_margin_change": -0.5205637950983486
    },
    {
      "date": "2023-02-28T00:00:00",
      "quarter_label": "2023-02 (Q1)",
      "revenue": 1122000000,
      "gross_profit": 116800000,
      "operating_income": 67400000,
      "net_income": 33100000,
      "opex": 49400000,
      "cogs": 1005200000,
      "rd": null,
      "sga": 59000000,
      "fcf": 159100000,
      "ocf": 159100000,
      "capex": null,
      "gross_margin": 0.10409982174688057,
      "op_margin": 0.06007130124777184,
      "fcf_margin": 0.14180035650623887,
      "incr_op_margin_yoy": 0.09608378870673953,
      "rev_growth_yoy": 0.6432337434094904,
      "rev_growth_yoy_accel": 0.25136884419031474,
      "op_leverage_ratio": Infinity,
      "fcf_margin_change": 0.47513368983957216
    },
    {
      "date": "2023-05-31T00:00:00",
      "quarter_label": "2023-05 (Q2)",
      "revenue": 1038100000,
      "gross_profit": 128100000,
      "operating_income": 50700000,
      "net_income": 21300000,
      "opex": 77400000,
      "cogs": 910000000,
      "rd": null,
      "sga": 63300000,
      "fcf": 97600000,
      "ocf": 97600000,
      "capex": null,
      "gross_margin": 0.12339851652056642,
      "op_margin": 0.04883922550813987,
      "fcf_margin": 0.09401791734900299,
      "incr_op_margin_yoy": 0.12714636140637775,
      "rev_growth_yoy": 0.3082545683679899,
      "rev_growth_yoy_accel": -0.33497917504150043,
      "fcf_margin_change": -0.04778243915723589
    },
    {
      "date": "2023-08-31T00:00:00",
      "quarter_label": "2023-08 (Q3)",
      "revenue": 1017400000,
      "gross_profit": 126700000,
      "operating_income": 63100000,
      "net_income": 24800000,
      "opex": 63600000,
      "cogs": 890700000,
      "rd": null,
      "sga": 59600000,
      "fcf": 70000000,
      "ocf": 70000000,
      "capex": null,
      "gross_margin": 0.12453312364851582,
      "op_margin": 0.06202083742873993,
      "fcf_margin": 0.06880283074503636,
      "incr_op_margin_yoy": 0.025487256371814093,
      "rev_growth_yoy": 0.07015883033554224,
      "rev_growth_yoy_accel": -0.23809573803244768,
      "fcf_margin_change": -0.025215086603966624
    },
    {
      "date": "2023-11-30T00:00:00",
      "quarter_label": "2023-11 (Q4)",
      "revenue": 808800000,
      "gross_profit": 121300000,
      "operating_income": 64900000,
      "net_income": 31200000,
      "opex": 56400000,
      "cogs": 687500000,
      "rd": null,
      "sga": 56300000,
      "fcf": -44700000,
      "ocf": -44700000,
      "capex": null,
      "gross_margin": 0.14997527200791297,
      "op_margin": 0.08024233432245302,
      "fcf_margin": -0.05526706231454006,
      "incr_op_margin_yoy": 1.6477541371158393,
      "rev_growth_yoy": 0.05518590998043053,
      "rev_growth_yoy_accel": -0.014972920355111712,
      "fcf_margin_change": -0.12406989305957641
    },
    {
      "date": "2024-02-29T00:00:00",
      "quarter_label": "2024-02 (Q1)",
      "revenue": 862700000,
      "gross_profit": 122200000,
      "operating_income": 63500000,
      "net_income": 33400000,
      "opex": 58700000,
      "cogs": 740500000,
      "rd": null,
      "sga": 63600000,
      "fcf": 99100000,
      "ocf": 99100000,
      "capex": null,
      "gross_margin": 0.1416483134345659,
      "op_margin": 0.07360612031992582,
      "fcf_margin": 0.11487191375912832,
      "incr_op_margin_yoy": 0.01504049363671423,
      "rev_growth_yoy": -0.23110516934046346,
      "rev_growth_yoy_accel": -0.286291079320894,
      "op_leverage_ratio": 1.6341762353244742,
      "fcf_margin_change": 0.17013897607366837
    },
    {
      "date": "2024-05-31T00:00:00",
      "quarter_label": "2024-05 (Q2)",
      "revenue": 820200000,
      "gross_profit": 123800000,
      "operating_income": 72300000,
      "net_income": 33900000,
      "opex": 51500000,
      "cogs": 696400000,
      "rd": null,
      "sga": 59300000,
      "fcf": 84000000,
      "ocf": 84000000,
      "capex": null,
      "gross_margin": 0.15093879541575225,
      "op_margin": 0.08814923189465984,
      "fcf_margin": 0.10241404535479151,
      "incr_op_margin_yoy": -0.09912804038549794,
      "rev_growth_yoy": -0.2099027068683171,
      "rev_growth_yoy_accel": 0.021202462472146355,
      "fcf_margin_change": -0.012457868404336811
    },
    {
      "date": "2024-08-31T00:00:00",
      "quarter_label": "2024-08 (Q3)",
      "revenue": 1053000000,
      "gross_profit": 191200000,
      "operating_income": 123800000,
      "net_income": 61600000,
      "opex": 67400000,
      "cogs": 861800000,
      "rd": null,
      "sga": 67900000,
      "fcf": 191200000,
      "ocf": 191200000,
      "capex": null,
      "gross_margin": 0.18157644824311492,
      "op_margin": 0.11756885090218423,
      "fcf_margin": 0.18157644824311492,
      "incr_op_margin_yoy": 1.7050561797752808,
      "rev_growth_yoy": 0.03499115392176135,
      "rev_growth_yoy_accel": 0.24489386079007847,
      "op_leverage_ratio": 0.9193339866484475,
      "fcf_margin_change": 0.07916240288832341
    },
    {
      "date": "2024-11-30T00:00:00",
      "quarter_label": "2024-11 (Q4)",
      "revenue": 875900000,
      "gross_profit": 173600000,
      "operating_income": 111800000,
      "net_income": 55300000,
      "opex": 61800000,
      "cogs": 702300000,
      "rd": null,
      "sga": 62000000,
      "fcf": -65100000,
      "ocf": -65100000,
      "capex": null,
      "gross_margin": 0.1981961411119991,
      "op_margin": 0.12764014156867223,
      "fcf_margin": -0.07432355291699966,
      "incr_op_margin_yoy": 0.698956780923994,
      "rev_growth_yoy": 0.08296241345202769,
      "rev_growth_yoy_accel": 0.04797125953026634,
      "fcf_margin_change": -0.2559000011601146
    },
    {
      "date": "2025-02-28T00:00:00",
      "quarter_label": "2025-02 (Q1)",
      "revenue": 762100000,
      "gross_profit": 138600000,
      "operating_income": 83600000,
      "net_income": 51900000,
      "opex": 55000000,
      "cogs": 623500000,
      "rd": null,
      "sga": 64600000,
      "fcf": 93600000,
      "ocf": 93600000,
      "capex": null,
      "gross_margin": 0.18186589686392862,
      "op_margin": 0.10969689017189345,
      "fcf_margin": 0.12281852775226348,
      "incr_op_margin_yoy": -0.19980119284294234,
      "rev_growth_yoy": -0.11661064101078011,
      "rev_growth_yoy_accel": -0.19957305446280782,
      "fcf_margin_change": 0.19714208066926314
    },
    {
      "date": "2025-05-31T00:00:00",
      "quarter_label": "2025-05 (Q2)",
      "revenue": 842700000,
      "gross_profit": 151500000,
      "operating_income": 92600000,
      "net_income": 60100000,
      "opex": 58900000,
      "cogs": 691200000,
      "rd": null,
      "sga": 65900000,
      "fcf": 139200000,
      "ocf": 139200000,
      "capex": null,
      "gross_margin": 0.17977928088287648,
      "op_margin": 0.10988489379375815,
      "fcf_margin": 0.16518333926664294,
      "incr_op_margin_yoy": 0.9022222222222223,
      "rev_growth_yoy": 0.0274323335771763,
      "rev_growth_yoy_accel": 0.14404297458795642,
      "op_leverage_ratio": 1.4914928049687266,
      "fcf_margin_change": 0.04236481151437946
    },
    {
      "date": "2025-08-31T00:00:00",
      "quarter_label": "2025-08 (Q3)",
      "revenue": 759500000,
      "gross_profit": 143800000,
      "operating_income": 72100000,
      "net_income": 36800000,
      "opex": 71700000,
      "cogs": 615700000,
      "rd": null,
      "sga": 70800000,
      "fcf": 98000000,
      "ocf": 98000000,
      "capex": null,
      "gross_margin": 0.18933508887425937,
      "op_margin": 0.09493087557603687,
      "fcf_margin": 0.12903225806451613,
      "incr_op_margin_yoy": 0.17614991482112435,
      "rev_growth_yoy": -0.27872744539411204,
      "rev_growth_yoy_accel": -0.3061597789712883,
      "fcf_margin_change": -0.03615108120212682
    },
    {
      "date": "2025-11-30T00:00:00",
      "quarter_label": "2025-11 (Q4)",
      "revenue": 706100000,
      "gross_profit": 103300000,
      "operating_income": 61100000,
      "net_income": 36400000,
      "opex": 42200000,
      "cogs": 602800000,
      "rd": null,
      "sga": 59900000,
      "fcf": 76200000,
      "ocf": 76200000,
      "capex": null,
      "gross_margin": 0.14629655856111032,
      "op_margin": 0.08653165274040504,
      "fcf_margin": 0.10791672567624983,
      "incr_op_margin_yoy": 0.29858657243816256,
      "rev_growth_yoy": -0.19385774631807284,
      "rev_growth_yoy_accel": 0.0848696990760392,
      "fcf_margin_change": -0.0211155323882663
    }
  ],
  "signals": [
    {
      "quarter": "2025-11 (Q4)",
      "signal": "YoY REVENUE GROWTH ACCELERATION",
      "detail": "YoY growth: -19.4% vs prior quarter YoY: -27.9% (accel: +8.5%)",
      "severity": "MEDIUM"
    },
    {
      "quarter": "2025-11 (Q4)",
      "signal": "INCREMENTAL MARGIN (YoY)",
      "detail": "YoY Incr OPM: +29.9% vs year-ago OPM: +12.8%",
      "severity": "MEDIUM"
    },
    {
      "quarter": "2025-08 (Q3)",
      "signal": "YoY REVENUE GROWTH DECELERATION",
      "detail": "YoY growth: -27.9% vs prior quarter YoY: +2.7% (decel: -30.6%)",
      "severity": "WARNING"
    },
    {
      "quarter": "2025-05 (Q2)",
      "signal": "YoY REVENUE GROWTH ACCELERATION",
      "detail": "YoY growth: +2.7% vs prior quarter YoY: -11.7% (accel: +14.4%)",
      "severity": "MEDIUM"
    },
    {
      "quarter": "2025-05 (Q2)",
      "signal": "INCREMENTAL MARGIN (YoY)",
      "detail": "YoY Incr OPM: +90.2% vs year-ago OPM: +8.8%",
      "severity": "HIGH"
    },
    {
      "quarter": "2025-02 (Q1)",
      "signal": "FCF TURNED POSITIVE",
      "detail": "FCF margin: -7.4% -> +12.3%",
      "severity": "HIGH"
    },
    {
      "quarter": "2025-02 (Q1)",
      "signal": "YoY REVENUE GROWTH DECELERATION",
      "detail": "YoY growth: -11.7% vs prior quarter YoY: +8.3% (decel: -20.0%)",
      "severity": "WARNING"
    },
    {
      "quarter": "2024-11 (Q4)",
      "signal": "INCREMENTAL MARGIN (YoY)",
      "detail": "YoY Incr OPM: +69.9% vs year-ago OPM: +8.0%",
      "severity": "HIGH"
    },
    {
      "quarter": "2024-08 (Q3)",
      "signal": "FCF MARGIN EXPANSION",
      "detail": "FCF margin: +10.2% -> +18.2% (+7.9%)",
      "severity": "MEDIUM"
    },
    {
      "quarter": "2024-08 (Q3)",
      "signal": "YoY REVENUE GROWTH ACCELERATION",
      "detail": "YoY growth: +3.5% vs prior quarter YoY: -21.0% (accel: +24.5%)",
      "severity": "HIGH"
    },
    {
      "quarter": "2024-08 (Q3)",
      "signal": "INCREMENTAL MARGIN (YoY)",
      "detail": "YoY Incr OPM: +170.5% vs year-ago OPM: +6.2%",
      "severity": "HIGH"
    },
    {
      "quarter": "2024-02 (Q1)",
      "signal": "FCF TURNED POSITIVE",
      "detail": "FCF margin: -5.5% -> +11.5%",
      "severity": "HIGH"
    },
    {
      "quarter": "2024-02 (Q1)",
      "signal": "OPERATING LEVERAGE",
      "detail": "Rev growth +6.7% vs OpEx growth +4.1% (leverage: 1.6x)",
      "severity": "MEDIUM"
    },
    {
      "quarter": "2024-02 (Q1)",
      "signal": "YoY REVENUE GROWTH DECELERATION",
      "detail": "YoY growth: -23.1% vs prior quarter YoY: +5.5% (decel: -28.6%)",
      "severity": "WARNING"
    },
    {
      "quarter": "2023-11 (Q4)",
      "signal": "OP MARGIN TURNED POSITIVE (YoY)",
      "detail": "Op margin: -0.6% (year-ago) -> +8.0%",
      "severity": "HIGH"
    },
    {
      "quarter": "2023-08 (Q3)",
      "signal": "YoY REVENUE GROWTH DECELERATION",
      "detail": "YoY growth: +7.0% vs prior quarter YoY: +30.8% (decel: -23.8%)",
      "severity": "WARNING"
    },
    {
      "quarter": "2023-05 (Q2)",
      "signal": "YoY REVENUE GROWTH DECELERATION",
      "detail": "YoY growth: +30.8% vs prior quarter YoY: +64.3% (decel: -33.5%)",
      "severity": "WARNING"
    },
    {
      "quarter": "2023-05 (Q2)",
      "signal": "INCREMENTAL MARGIN (YoY)",
      "detail": "YoY Incr OPM: +12.7% vs year-ago OPM: +2.5%",
      "severity": "MEDIUM"
    },
    {
      "quarter": "2023-02 (Q1)",
      "signal": "FCF TURNED POSITIVE",
      "detail": "FCF margin: -33.3% -> +14.2%",
      "severity": "HIGH"
    },
    {
      "quarter": "2023-02 (Q1)",
      "signal": "YoY REVENUE GROWTH ACCELERATION",
      "detail": "YoY growth: +64.3% vs prior quarter YoY: +39.2% (accel: +25.1%)",
      "severity": "HIGH"
    },
    {
      "quarter": "2023-02 (Q1)",
      "signal": "OP MARGIN TURNED POSITIVE (QoQ)",
      "detail": "Op margin: -0.6% -> +6.0%",
      "severity": "HIGH"
    },
    {
      "quarter": "2022-11 (Q4)",
      "signal": "YoY REVENUE GROWTH DECELERATION",
      "detail": "YoY growth: +39.2% vs prior quarter YoY: +58.7% (decel: -19.5%)",
      "severity": "WARNING"
    },
    {
      "quarter": "2022-08 (Q3)",
      "signal": "FCF TURNED POSITIVE",
      "detail": "FCF margin: -13.6% -> +18.7%",
      "severity": "HIGH"
    },
    {
      "quarter": "2022-08 (Q3)",
      "signal": "YoY REVENUE GROWTH DECELERATION",
      "detail": "YoY growth: +58.7% vs prior quarter YoY: +76.3% (decel: -17.6%)",
      "severity": "WARNING"
    },
    {
      "quarter": "2022-05 (Q2)",
      "signal": "YoY REVENUE GROWTH DECELERATION",
      "detail": "YoY growth: +76.3% vs prior quarter YoY: +131.0% (decel: -54.7%)",
      "severity": "WARNING"
    },
    {
      "quarter": "2022-02 (Q1)",
      "signal": "FCF MARGIN EXPANSION",
      "detail": "FCF margin: -35.7% -> -3.5% (+32.3%)",
      "severity": "MEDIUM"
    },
    {
      "quarter": "2022-02 (Q1)",
      "signal": "OP MARGIN TURNED POSITIVE (YoY)",
      "detail": "Op margin: -8.7% (year-ago) -> +3.7%",
      "severity": "HIGH"
    },
    {
      "quarter": "2021-08 (Q3)",
      "signal": "FCF TURNED POSITIVE",
      "detail": "FCF margin: -6.4% -> +13.9%",
      "severity": "HIGH"
    },
    {
      "quarter": "2021-08 (Q3)",
      "signal": "OPERATING LEVERAGE",
      "detail": "Rev growth +33.1% vs OpEx growth +11.3% (leverage: 2.9x)",
      "severity": "MEDIUM"
    },
    {
      "quarter": "2021-05 (Q2)",
      "signal": "FCF MARGIN EXPANSION",
      "detail": "FCF margin: -35.0% -> -6.4% (+28.5%)",
      "severity": "MEDIUM"
    },
    {
      "quarter": "2021-05 (Q2)",
      "signal": "OPERATING LEVERAGE",
      "detail": "Rev growth +52.3% vs OpEx growth +13.9% (leverage: 3.8x)",
      "severity": "MEDIUM"
    },
    {
      "quarter": "2021-05 (Q2)",
      "signal": "OP MARGIN TURNED POSITIVE (QoQ)",
      "detail": "Op margin: -8.7% -> +5.7%",
      "severity": "HIGH"
    }
  ],
  "data_quality": {
    "n_quarters": 20,
    "coverage": {
      "revenue": [
        20,
        20
      ],
      "gross_profit": [
        20,
        20
      ],
      "op_income": [
        20,
        20
      ],
      "fcf": [
        20,
        20
      ]
    },
    "gaps": [],
    "warnings": []
  },
  "market_cap": null,
  "source": "SEC EDGAR",
  "last_updated": "2026-02-02T21:47:01.883442",
  "sector": "Industrials",
  "industry": "Railroads"
}