{
  "ticker": "GCO",
  "name": "Genesco Inc.",
  "quarters": [
    {
      "date": "2021-01-30T00:00:00",
      "quarter_label": "2021-01 (Q1)",
      "revenue": 636801000,
      "gross_profit": 291819000,
      "operating_income": 62579000,
      "net_income": 89918000,
      "opex": 229240000,
      "cogs": 344982000,
      "rd": null,
      "sga": 226511000,
      "fcf": 100466000,
      "ocf": 106439000,
      "capex": -5973000,
      "gross_margin": 0.45825776027361764,
      "op_margin": 0.09827088839370542,
      "fcf_margin": 0.15776671204976123
    },
    {
      "date": "2021-05-01T00:00:00",
      "quarter_label": "2021-05 (Q2)",
      "revenue": 538695000,
      "gross_profit": 257662000,
      "operating_income": 15527000,
      "net_income": 8878000,
      "opex": 242135000,
      "cogs": 281033000,
      "rd": null,
      "sga": 239465000,
      "fcf": 32084000,
      "ocf": 44186000,
      "capex": -12102000,
      "gross_margin": 0.47830776227735544,
      "op_margin": 0.028823360157417464,
      "fcf_margin": 0.05955874845691904,
      "fcf_margin_change": -0.09820796359284219
    },
    {
      "date": "2021-07-31T00:00:00",
      "quarter_label": "2021-07 (Q3)",
      "revenue": 555183000,
      "gross_profit": 272522000,
      "operating_income": 12901000,
      "net_income": 10937000,
      "opex": 259621000,
      "cogs": 282661000,
      "rd": null,
      "sga": 252551000,
      "fcf": 74146000,
      "ocf": 81589000,
      "capex": -7443000,
      "gross_margin": 0.490868776601589,
      "op_margin": 0.023237382989032444,
      "fcf_margin": 0.13355236021275868,
      "op_leverage_ratio": 0.4238304256064016,
      "fcf_margin_change": 0.07399361175583964
    },
    {
      "date": "2021-10-30T00:00:00",
      "quarter_label": "2021-10 (Q4)",
      "revenue": 600546000,
      "gross_profit": 295201000,
      "operating_income": 43756000,
      "net_income": 32895000,
      "opex": 251445000,
      "cogs": 305345000,
      "rd": null,
      "sga": 251131000,
      "fcf": 11377000,
      "ocf": 26339000,
      "capex": -14962000,
      "gross_margin": 0.49155435220615906,
      "op_margin": 0.0728603637356672,
      "fcf_margin": 0.018944427237880195,
      "op_leverage_ratio": Infinity,
      "fcf_margin_change": -0.11460793297487848
    },
    {
      "date": "2022-01-29T00:00:00",
      "quarter_label": "2022-01 (Q1)",
      "revenue": 727660000,
      "gross_profit": 355751000,
      "operating_income": 83383000,
      "net_income": 62140000,
      "opex": 272368000,
      "cogs": 371909000,
      "rd": null,
      "sga": 290478000,
      "fcf": 68358000,
      "ocf": 87756000,
      "capex": -19398000,
      "gross_margin": 0.4888972871945689,
      "op_margin": 0.11459060550256989,
      "fcf_margin": 0.09394222576478026,
      "incr_op_margin_yoy": 0.2289701625595703,
      "rev_growth_yoy": 0.142680366393897,
      "op_leverage_ratio": 2.5437015557251876,
      "fcf_margin_change": 0.07499779852690006
    },
    {
      "date": "2022-04-30T00:00:00",
      "quarter_label": "2022-04 (Q2)",
      "revenue": 520748000,
      "gross_profit": 251444000,
      "operating_income": 8246000,
      "net_income": 4947000,
      "opex": 243198000,
      "cogs": 269304000,
      "rd": null,
      "sga": 243481000,
      "fcf": -107464000,
      "ocf": -92067000,
      "capex": -15397000,
      "gross_margin": 0.4828515904045719,
      "op_margin": 0.015834914392374045,
      "fcf_margin": -0.2063646907909392,
      "incr_op_margin_yoy": 0.40569454504931185,
      "rev_growth_yoy": -0.03331569812231411,
      "rev_growth_yoy_accel": -0.1759960645162111,
      "fcf_margin_change": -0.30030691655571945
    },
    {
      "date": "2022-07-30T00:00:00",
      "quarter_label": "2022-07 (Q3)",
      "revenue": 535332000,
      "gross_profit": 254314000,
      "operating_income": 9082000,
      "net_income": 7643000,
      "opex": 245232000,
      "cogs": 281018000,
      "rd": null,
      "sga": 245103000,
      "fcf": -145752000,
      "ocf": -132144000,
      "capex": -13608000,
      "gross_margin": 0.47505846838970955,
      "op_margin": 0.01696517301412955,
      "fcf_margin": -0.2722646880814149,
      "incr_op_margin_yoy": 0.1923832552516246,
      "rev_growth_yoy": -0.03575577782460918,
      "rev_growth_yoy_accel": -0.002440079702295074,
      "op_leverage_ratio": 3.3485600801189253,
      "fcf_margin_change": -0.06589999729047571
    },
    {
      "date": "2022-10-29T00:00:00",
      "quarter_label": "2022-10 (Q4)",
      "revenue": 603788000,
      "gross_profit": 293807000,
      "operating_income": 26073000,
      "net_income": 20376000,
      "opex": 267734000,
      "cogs": 309981000,
      "rd": null,
      "sga": 267734000,
      "fcf": -30599000,
      "ocf": -19759000,
      "capex": -10840000,
      "gross_margin": 0.4866062260263536,
      "op_margin": 0.04318237527079041,
      "fcf_margin": -0.05067838380358669,
      "incr_op_margin_yoy": -5.4543491671807525,
      "rev_growth_yoy": 0.00539842077043224,
      "rev_growth_yoy_accel": 0.04115419859504142,
      "op_leverage_ratio": 1.3936198839316818,
      "fcf_margin_change": 0.22158630427782822
    },
    {
      "date": "2023-01-28T00:00:00",
      "quarter_label": "2023-01 (Q1)",
      "revenue": 725020000,
      "gross_profit": 336625000,
      "operating_income": 49840000,
      "net_income": 38949000,
      "opex": 286785000,
      "cogs": 388395000,
      "rd": null,
      "sga": 285776000,
      "fcf": 58997000,
      "ocf": 79086000,
      "capex": -20089000,
      "gross_margin": 0.46429753661967943,
      "op_margin": 0.06874293122948333,
      "fcf_margin": 0.08137292764337535,
      "incr_op_margin_yoy": 12.705681818181818,
      "rev_growth_yoy": -0.003628068053761372,
      "rev_growth_yoy_accel": -0.009026488824193612,
      "op_leverage_ratio": 2.82175005379237,
      "fcf_margin_change": 0.13205131144696203
    },
    {
      "date": "2023-04-29T00:00:00",
      "quarter_label": "2023-04 (Q2)",
      "revenue": 483332000,
      "gross_profit": 228808000,
      "operating_income": -22997000,
      "net_income": -18890000,
      "opex": 251805000,
      "cogs": 254524000,
      "rd": null,
      "sga": 251497000,
      "fcf": -77680000,
      "ocf": -60445000,
      "capex": -17235000,
      "gross_margin": 0.47339716799218756,
      "op_margin": -0.0475801312555345,
      "fcf_margin": -0.16071768473844067,
      "incr_op_margin_yoy": 0.8350171049818259,
      "rev_growth_yoy": -0.07185049198460676,
      "rev_growth_yoy_accel": -0.06822242393084539,
      "fcf_margin_change": -0.242090612381816
    },
    {
      "date": "2023-07-29T00:00:00",
      "quarter_label": "2023-07 (Q3)",
      "revenue": 523027000,
      "gross_profit": 249520000,
      "operating_income": -38627000,
      "net_income": -31665000,
      "opex": 288147000,
      "cogs": 273507000,
      "rd": null,
      "sga": 259520000,
      "fcf": 17247000,
      "ocf": 35310000,
      "capex": -18063000,
      "gross_margin": 0.47706906144424666,
      "op_margin": -0.0738527838906978,
      "fcf_margin": 0.032975353088846276,
      "incr_op_margin_yoy": 3.8772043884599756,
      "rev_growth_yoy": -0.02298573595451047,
      "rev_growth_yoy_accel": 0.04886475603009629,
      "op_leverage_ratio": 0.5690439132034101,
      "fcf_margin_change": 0.19369303782728695
    },
    {
      "date": "2023-10-28T00:00:00",
      "quarter_label": "2023-10 (Q4)",
      "revenue": 579315000,
      "gross_profit": 278425000,
      "operating_income": 10852000,
      "net_income": 6539000,
      "opex": 267573000,
      "cogs": 300890000,
      "rd": null,
      "sga": 267474000,
      "fcf": -12845000,
      "ocf": 1595000,
      "capex": -14440000,
      "gross_margin": 0.48061072128289445,
      "op_margin": 0.018732468518854163,
      "fcf_margin": -0.022172738492875207,
      "incr_op_margin_yoy": 0.6219507212029584,
      "rev_growth_yoy": -0.0405324385380299,
      "rev_growth_yoy_accel": -0.01754670258351943,
      "op_leverage_ratio": Infinity,
      "fcf_margin_change": -0.05514809158172149
    },
    {
      "date": "2024-02-03T00:00:00",
      "quarter_label": "2024-02 (Q1)",
      "revenue": 738950000,
      "gross_profit": 342067000,
      "operating_income": 37312000,
      "net_income": 27189000,
      "opex": 304755000,
      "cogs": 396883000,
      "rd": null,
      "sga": 303549000,
      "fcf": 107771000,
      "ocf": 118336000,
      "capex": -10565000,
      "gross_margin": 0.4629095337979566,
      "op_margin": 0.05049326747411868,
      "fcf_margin": 0.1458434264835239,
      "incr_op_margin_yoy": -0.899353912419239,
      "rev_growth_yoy": 0.019213263082397725,
      "rev_growth_yoy_accel": 0.059745701620427624,
      "op_leverage_ratio": 1.983000776719584,
      "fcf_margin_change": 0.16801616497639912
    },
    {
      "date": "2024-05-04T00:00:00",
      "quarter_label": "2024-05 (Q2)",
      "revenue": 457597000,
      "gross_profit": 216281000,
      "operating_income": -32128000,
      "net_income": -24347000,
      "opex": 248409000,
      "cogs": 241316000,
      "rd": null,
      "sga": 247831000,
      "fcf": -40121000,
      "ocf": -33744000,
      "capex": -6377000,
      "gross_margin": 0.4726451440896684,
      "op_margin": -0.07021025050426467,
      "fcf_margin": -0.08767758529885467,
      "incr_op_margin_yoy": 0.35480862638430155,
      "rev_growth_yoy": -0.05324497446889509,
      "rev_growth_yoy_accel": -0.07245823755129281,
      "fcf_margin_change": -0.23352101178237858
    },
    {
      "date": "2024-08-03T00:00:00",
      "quarter_label": "2024-08 (Q3)",
      "revenue": 525188000,
      "gross_profit": 245639000,
      "operating_income": -10274000,
      "net_income": -9992000,
      "opex": 255913000,
      "cogs": 279549000,
      "rd": null,
      "sga": 255135000,
      "fcf": 19818000,
      "ocf": 27715000,
      "capex": -7897000,
      "gross_margin": 0.46771632253593,
      "op_margin": -0.019562518564780612,
      "fcf_margin": 0.03773505868374753,
      "incr_op_margin_yoy": 13.12031466913466,
      "rev_growth_yoy": 0.004131717865425685,
      "rev_growth_yoy_accel": 0.05737669233432077,
      "op_leverage_ratio": 4.88967736886974,
      "fcf_margin_change": 0.1254126439826022
    },
    {
      "date": "2024-11-02T00:00:00",
      "quarter_label": "2024-11 (Q4)",
      "revenue": 596328000,
      "gross_profit": 285256000,
      "operating_income": 10210000,
      "net_income": -18932000,
      "opex": 275046000,
      "cogs": 311072000,
      "rd": null,
      "sga": 274912000,
      "fcf": -36202000,
      "ocf": -23079000,
      "capex": -13123000,
      "gross_margin": 0.478354194336003,
      "op_margin": 0.01712144994030131,
      "fcf_margin": -0.0607082008559048,
      "incr_op_margin_yoy": -0.03773584905660377,
      "rev_growth_yoy": 0.02936744258305067,
      "rev_growth_yoy_accel": 0.025235724717624985,
      "op_leverage_ratio": 1.811792021946613,
      "fcf_margin_change": -0.09844325953965233
    },
    {
      "date": "2025-02-01T00:00:00",
      "quarter_label": "2025-02 (Q1)",
      "revenue": 745949000,
      "gross_profit": 349637000,
      "operating_income": 46117000,
      "net_income": 34381000,
      "opex": 303520000,
      "cogs": 396312000,
      "rd": null,
      "sga": 301775000,
      "fcf": 103259000,
      "ocf": 116994000,
      "capex": -13735000,
      "gross_margin": 0.4687143491042953,
      "op_margin": 0.0618232613757777,
      "fcf_margin": 0.13842635354427715,
      "incr_op_margin_yoy": 1.2580368624089155,
      "rev_growth_yoy": 0.009471547465999052,
      "rev_growth_yoy_accel": -0.01989589511705162,
      "op_leverage_ratio": 2.423618193763759,
      "fcf_margin_change": 0.19913455440018196
    },
    {
      "date": "2025-05-03T00:00:00",
      "quarter_label": "2025-05 (Q2)",
      "revenue": 473973000,
      "gross_profit": 221181000,
      "operating_income": -28145000,
      "net_income": -21227000,
      "opex": 249326000,
      "cogs": 252792000,
      "rd": null,
      "sga": 249035000,
      "fcf": -119934000,
      "ocf": -101036000,
      "capex": -18898000,
      "gross_margin": 0.4666531637878107,
      "op_margin": -0.05938101959394312,
      "fcf_margin": -0.2530397301112089,
      "incr_op_margin_yoy": 0.24322178798241328,
      "rev_growth_yoy": 0.03578694790394168,
      "rev_growth_yoy_accel": 0.026315400437942626,
      "fcf_margin_change": -0.3914660836554861
    },
    {
      "date": "2025-08-02T00:00:00",
      "quarter_label": "2025-08 (Q3)",
      "revenue": 545965000,
      "gross_profit": 249949000,
      "operating_income": -14440000,
      "net_income": -18471000,
      "opex": 264389000,
      "cogs": 296016000,
      "rd": null,
      "sga": 264265000,
      "fcf": 71661000,
      "ocf": 86343000,
      "capex": -14682000,
      "gross_margin": 0.45781139816654914,
      "op_margin": -0.026448581868801113,
      "fcf_margin": 0.131255666572033,
      "incr_op_margin_yoy": -0.2005101795254368,
      "rev_growth_yoy": 0.039561071463932916,
      "rev_growth_yoy_accel": 0.003774123559991238,
      "op_leverage_ratio": 2.514124206998554,
      "fcf_margin_change": 0.38429539668324186
    },
    {
      "date": "2025-11-01T00:00:00",
      "quarter_label": "2025-11 (Q4)",
      "revenue": 616217000,
      "gross_profit": 288628000,
      "operating_income": 8576000,
      "net_income": 5356000,
      "opex": 280052000,
      "cogs": 327589000,
      "rd": null,
      "sga": 275720000,
      "fcf": -31509000,
      "ocf": -12904000,
      "capex": -18605000,
      "gross_margin": 0.4683869481043204,
      "op_margin": 0.013917175280785827,
      "fcf_margin": -0.051132961278251,
      "incr_op_margin_yoy": -0.08215596560913067,
      "rev_growth_yoy": 0.03335245032934895,
      "rev_growth_yoy_accel": -0.0062086211345839665,
      "op_leverage_ratio": 2.172012521065149,
      "fcf_margin_change": -0.182388627850284
    }
  ],
  "signals": [
    {
      "quarter": "2025-11 (Q4)",
      "signal": "OPERATING LEVERAGE",
      "detail": "Rev growth +12.9% vs OpEx growth +5.9% (leverage: 2.2x)",
      "severity": "MEDIUM"
    },
    {
      "quarter": "2025-11 (Q4)",
      "signal": "OP MARGIN TURNED POSITIVE (QoQ)",
      "detail": "Op margin: -2.6% -> +1.4%",
      "severity": "HIGH"
    },
    {
      "quarter": "2025-08 (Q3)",
      "signal": "FCF TURNED POSITIVE",
      "detail": "FCF margin: -25.3% -> +13.1%",
      "severity": "HIGH"
    },
    {
      "quarter": "2025-08 (Q3)",
      "signal": "OPERATING LEVERAGE",
      "detail": "Rev growth +15.2% vs OpEx growth +6.0% (leverage: 2.5x)",
      "severity": "MEDIUM"
    },
    {
      "quarter": "2025-02 (Q1)",
      "signal": "FCF TURNED POSITIVE",
      "detail": "FCF margin: -6.1% -> +13.8%",
      "severity": "HIGH"
    },
    {
      "quarter": "2025-02 (Q1)",
      "signal": "OPERATING LEVERAGE",
      "detail": "Rev growth +25.1% vs OpEx growth +10.4% (leverage: 2.4x)",
      "severity": "MEDIUM"
    },
    {
      "quarter": "2025-02 (Q1)",
      "signal": "INCREMENTAL MARGIN (YoY)",
      "detail": "YoY Incr OPM: +125.8% vs year-ago OPM: +5.0%",
      "severity": "HIGH"
    },
    {
      "quarter": "2024-11 (Q4)",
      "signal": "OPERATING LEVERAGE",
      "detail": "Rev growth +13.5% vs OpEx growth +7.5% (leverage: 1.8x)",
      "severity": "MEDIUM"
    },
    {
      "quarter": "2024-11 (Q4)",
      "signal": "OP MARGIN TURNED POSITIVE (QoQ)",
      "detail": "Op margin: -2.0% -> +1.7%",
      "severity": "HIGH"
    },
    {
      "quarter": "2024-08 (Q3)",
      "signal": "FCF TURNED POSITIVE",
      "detail": "FCF margin: -8.8% -> +3.8%",
      "severity": "HIGH"
    },
    {
      "quarter": "2024-08 (Q3)",
      "signal": "OPERATING LEVERAGE",
      "detail": "Rev growth +14.8% vs OpEx growth +3.0% (leverage: 4.9x)",
      "severity": "MEDIUM"
    },
    {
      "quarter": "2024-08 (Q3)",
      "signal": "YoY REVENUE GROWTH ACCELERATION",
      "detail": "YoY growth: +0.4% vs prior quarter YoY: -5.3% (accel: +5.7%)",
      "severity": "MEDIUM"
    },
    {
      "quarter": "2024-05 (Q2)",
      "signal": "YoY REVENUE GROWTH DECELERATION",
      "detail": "YoY growth: -5.3% vs prior quarter YoY: +1.9% (decel: -7.2%)",
      "severity": "WARNING"
    },
    {
      "quarter": "2024-02 (Q1)",
      "signal": "FCF TURNED POSITIVE",
      "detail": "FCF margin: -2.2% -> +14.6%",
      "severity": "HIGH"
    },
    {
      "quarter": "2024-02 (Q1)",
      "signal": "OPERATING LEVERAGE",
      "detail": "Rev growth +27.6% vs OpEx growth +13.9% (leverage: 2.0x)",
      "severity": "MEDIUM"
    },
    {
      "quarter": "2024-02 (Q1)",
      "signal": "YoY REVENUE GROWTH ACCELERATION",
      "detail": "YoY growth: +1.9% vs prior quarter YoY: -4.1% (accel: +6.0%)",
      "severity": "MEDIUM"
    },
    {
      "quarter": "2023-10 (Q4)",
      "signal": "INCREMENTAL MARGIN (YoY)",
      "detail": "YoY Incr OPM: +62.2% vs year-ago OPM: +4.3%",
      "severity": "HIGH"
    },
    {
      "quarter": "2023-10 (Q4)",
      "signal": "OP MARGIN TURNED POSITIVE (QoQ)",
      "detail": "Op margin: -7.4% -> +1.9%",
      "severity": "HIGH"
    },
    {
      "quarter": "2023-07 (Q3)",
      "signal": "FCF TURNED POSITIVE",
      "detail": "FCF margin: -16.1% -> +3.3%",
      "severity": "HIGH"
    },
    {
      "quarter": "2023-04 (Q2)",
      "signal": "YoY REVENUE GROWTH DECELERATION",
      "detail": "YoY growth: -7.2% vs prior quarter YoY: -0.4% (decel: -6.8%)",
      "severity": "WARNING"
    },
    {
      "quarter": "2023-01 (Q1)",
      "signal": "FCF TURNED POSITIVE",
      "detail": "FCF margin: -5.1% -> +8.1%",
      "severity": "HIGH"
    },
    {
      "quarter": "2023-01 (Q1)",
      "signal": "OPERATING LEVERAGE",
      "detail": "Rev growth +20.1% vs OpEx growth +7.1% (leverage: 2.8x)",
      "severity": "MEDIUM"
    },
    {
      "quarter": "2023-01 (Q1)",
      "signal": "INCREMENTAL MARGIN (YoY)",
      "detail": "YoY Incr OPM: +1270.6% vs year-ago OPM: +11.5%",
      "severity": "HIGH"
    },
    {
      "quarter": "2022-10 (Q4)",
      "signal": "FCF MARGIN EXPANSION",
      "detail": "FCF margin: -27.2% -> -5.1% (+22.2%)",
      "severity": "MEDIUM"
    },
    {
      "quarter": "2022-07 (Q3)",
      "signal": "OPERATING LEVERAGE",
      "detail": "Rev growth +2.8% vs OpEx growth +0.8% (leverage: 3.3x)",
      "severity": "MEDIUM"
    },
    {
      "quarter": "2022-07 (Q3)",
      "signal": "INCREMENTAL MARGIN (YoY)",
      "detail": "YoY Incr OPM: +19.2% vs year-ago OPM: +2.3%",
      "severity": "MEDIUM"
    },
    {
      "quarter": "2022-04 (Q2)",
      "signal": "YoY REVENUE GROWTH DECELERATION",
      "detail": "YoY growth: -3.3% vs prior quarter YoY: +14.3% (decel: -17.6%)",
      "severity": "WARNING"
    },
    {
      "quarter": "2022-04 (Q2)",
      "signal": "INCREMENTAL MARGIN (YoY)",
      "detail": "YoY Incr OPM: +40.6% vs year-ago OPM: +2.9%",
      "severity": "HIGH"
    },
    {
      "quarter": "2022-01 (Q1)",
      "signal": "FCF MARGIN EXPANSION",
      "detail": "FCF margin: +1.9% -> +9.4% (+7.5%)",
      "severity": "MEDIUM"
    },
    {
      "quarter": "2022-01 (Q1)",
      "signal": "OPERATING LEVERAGE",
      "detail": "Rev growth +21.2% vs OpEx growth +8.3% (leverage: 2.5x)",
      "severity": "MEDIUM"
    },
    {
      "quarter": "2022-01 (Q1)",
      "signal": "INCREMENTAL MARGIN (YoY)",
      "detail": "YoY Incr OPM: +22.9% vs year-ago OPM: +9.8%",
      "severity": "MEDIUM"
    },
    {
      "quarter": "2021-07 (Q3)",
      "signal": "FCF MARGIN EXPANSION",
      "detail": "FCF margin: +6.0% -> +13.4% (+7.4%)",
      "severity": "MEDIUM"
    }
  ],
  "data_quality": {
    "n_quarters": 20,
    "coverage": {
      "revenue": [
        20,
        20
      ],
      "gross_profit": [
        20,
        20
      ],
      "op_income": [
        20,
        20
      ],
      "fcf": [
        20,
        20
      ]
    },
    "gaps": [],
    "warnings": []
  },
  "market_cap": null,
  "source": "SEC EDGAR",
  "last_updated": "2026-02-02T22:40:46.914398",
  "sector": "Consumer Cyclical",
  "industry": "Apparel Retail"
}