{
  "ticker": "GCT",
  "name": "GIGACLOUD TECHNOLOGY INC",
  "quarters": [
    {
      "date": "2023-03-31T00:00:00",
      "quarter_label": "2023-03 (Q1)",
      "revenue": 127797000,
      "gross_profit": 29574000,
      "operating_income": 17856000,
      "net_income": 15941000,
      "opex": 11718000,
      "cogs": null,
      "rd": 672000,
      "sga": null,
      "fcf": 20209000,
      "ocf": 20346000,
      "capex": -137000,
      "gross_margin": 0.23141388295499896,
      "op_margin": 0.1397215897086786,
      "fcf_margin": 0.15813360251023106
    },
    {
      "date": "2023-06-30T00:00:00",
      "quarter_label": "2023-06 (Q2)",
      "revenue": 153130000,
      "gross_profit": 40364000,
      "operating_income": 23400000,
      "net_income": 18390000,
      "opex": 16964000,
      "cogs": null,
      "rd": 532000,
      "sga": null,
      "fcf": 18274000,
      "ocf": 18295000,
      "capex": -21000,
      "gross_margin": 0.2635930255338601,
      "op_margin": 0.1528113367726768,
      "fcf_margin": 0.11933651146085025,
      "op_leverage_ratio": 0.4427832376685156,
      "fcf_margin_change": -0.03879709104938081
    },
    {
      "date": "2023-09-30T00:00:00",
      "quarter_label": "2023-09 (Q3)",
      "revenue": 178167000,
      "gross_profit": 48858000,
      "operating_income": 31699000,
      "net_income": 24202000,
      "opex": 17159000,
      "cogs": null,
      "rd": 377000,
      "sga": null,
      "fcf": 43416000,
      "ocf": 44081000,
      "capex": -665000,
      "gross_margin": 0.27422586674299954,
      "op_margin": 0.17791734720795657,
      "fcf_margin": 0.24368148983818552,
      "op_leverage_ratio": 14.223800725711522,
      "fcf_margin_change": 0.12434497837733527
    },
    {
      "date": "2023-12-31T00:00:00",
      "quarter_label": "2023-12 (Q4)",
      "revenue": 244737000,
      "gross_profit": 69837000,
      "operating_income": 37123000,
      "net_income": 35575000,
      "opex": 32714000,
      "cogs": null,
      "rd": 2344000,
      "sga": null,
      "fcf": 47173000,
      "ocf": 50730000,
      "capex": -3557000,
      "gross_margin": 0.28535529977077434,
      "op_margin": 0.15168527848261604,
      "fcf_margin": 0.19274976811842917,
      "op_leverage_ratio": 0.41216702960127355,
      "fcf_margin_change": -0.05093172171975635
    },
    {
      "date": "2024-03-31T00:00:00",
      "quarter_label": "2024-03 (Q1)",
      "revenue": 251077000,
      "gross_profit": 66548000,
      "operating_income": 34817000,
      "net_income": 27195000,
      "opex": 31731000,
      "cogs": null,
      "rd": 1756000,
      "sga": null,
      "fcf": 11316000,
      "ocf": 15309000,
      "capex": -3993000,
      "gross_margin": 0.26505016389394487,
      "op_margin": 0.13867060702493658,
      "fcf_margin": 0.045069839133014974,
      "incr_op_margin_yoy": 0.13758111615833873,
      "rev_growth_yoy": 0.9646548823524809,
      "op_leverage_ratio": Infinity,
      "fcf_margin_change": -0.1476799289854142
    },
    {
      "date": "2024-06-30T00:00:00",
      "quarter_label": "2024-06 (Q2)",
      "revenue": 310867000,
      "gross_profit": 76447000,
      "operating_income": 27448000,
      "net_income": 26969000,
      "opex": 48999000,
      "cogs": null,
      "rd": 3097000,
      "sga": null,
      "fcf": 12905000,
      "ocf": 19108000,
      "capex": -6203000,
      "gross_margin": 0.2459154558058591,
      "op_margin": 0.08829499432233077,
      "fcf_margin": 0.04151292996683469,
      "incr_op_margin_yoy": 0.025662970641003695,
      "rev_growth_yoy": 1.0300855482269966,
      "rev_growth_yoy_accel": 0.06543066587451574,
      "op_leverage_ratio": 0.4375859222375496,
      "fcf_margin_change": -0.003556909166180282
    },
    {
      "date": "2024-09-30T00:00:00",
      "quarter_label": "2024-09 (Q3)",
      "revenue": 303316000,
      "gross_profit": 77251000,
      "operating_income": 40723000,
      "net_income": 40685000,
      "opex": 36528000,
      "cogs": null,
      "rd": 2582000,
      "sga": null,
      "fcf": 51401000,
      "ocf": 55243000,
      "capex": -3842000,
      "gross_margin": 0.2546881799839112,
      "op_margin": 0.13425932031280907,
      "fcf_margin": 0.16946352978411952,
      "incr_op_margin_yoy": 0.07210604958889004,
      "rev_growth_yoy": 0.7024252527123429,
      "rev_growth_yoy_accel": -0.3276602955146537,
      "fcf_margin_change": 0.12795059981728482
    },
    {
      "date": "2024-12-31T00:00:00",
      "quarter_label": "2024-12 (Q4)",
      "revenue": 295782000,
      "gross_profit": 64990000,
      "operating_income": 27634000,
      "net_income": 30959000,
      "opex": 37356000,
      "cogs": null,
      "rd": 2356000,
      "sga": null,
      "fcf": 66920000,
      "ocf": 68418000,
      "capex": -1498000,
      "gross_margin": 0.21972263356120386,
      "op_margin": 0.09342691576904612,
      "fcf_margin": 0.22624770946169814,
      "incr_op_margin_yoy": -0.18589479870702322,
      "rev_growth_yoy": 0.20857083318010763,
      "rev_growth_yoy_accel": -0.4938544195322353,
      "fcf_margin_change": 0.05678417967757862
    },
    {
      "date": "2025-03-31T00:00:00",
      "quarter_label": "2025-03 (Q1)",
      "revenue": 271906000,
      "gross_profit": 63726000,
      "operating_income": 28323000,
      "net_income": 27146000,
      "opex": 35403000,
      "cogs": null,
      "rd": 2493000,
      "sga": null,
      "fcf": 7038000,
      "ocf": 9433000,
      "capex": -2395000,
      "gross_margin": 0.23436775944627922,
      "op_margin": 0.10416467455664825,
      "fcf_margin": 0.025883945186939605,
      "incr_op_margin_yoy": -0.31177684958471363,
      "rev_growth_yoy": 0.08295861428964023,
      "rev_growth_yoy_accel": -0.12561221889046742,
      "fcf_margin_change": -0.20036376427475855
    },
    {
      "date": "2025-06-30T00:00:00",
      "quarter_label": "2025-06 (Q2)",
      "revenue": 322606000,
      "gross_profit": 76944000,
      "operating_income": 35843000,
      "net_income": 34552000,
      "opex": 41101000,
      "cogs": null,
      "rd": 3184000,
      "sga": null,
      "fcf": 37032000,
      "ocf": 38609000,
      "capex": -1577000,
      "gross_margin": 0.23850765329845075,
      "op_margin": 0.11110456718101958,
      "fcf_margin": 0.11479017749204913,
      "incr_op_margin_yoy": 0.7151375756026919,
      "rev_growth_yoy": 0.03776212978540662,
      "rev_growth_yoy_accel": -0.04519648450423361,
      "op_leverage_ratio": 1.1585286774138805,
      "fcf_margin_change": 0.08890623230510952
    },
    {
      "date": "2025-09-30T00:00:00",
      "quarter_label": "2025-09 (Q3)",
      "revenue": 332638000,
      "gross_profit": 77049000,
      "operating_income": 40520000,
      "net_income": 37175000,
      "opex": 36529000,
      "cogs": null,
      "rd": 2534000,
      "sga": null,
      "fcf": 77060000,
      "ocf": 78250000,
      "capex": -1190000,
      "gross_margin": 0.23163018055664114,
      "op_margin": 0.12181410422140586,
      "fcf_margin": 0.2316632495385374,
      "incr_op_margin_yoy": -0.0069231293909010295,
      "rev_growth_yoy": 0.09667145814925689,
      "rev_growth_yoy_accel": 0.058909328363850266,
      "op_leverage_ratio": Infinity,
      "fcf_margin_change": 0.11687307204648827
    }
  ],
  "signals": [
    {
      "quarter": "2025-09 (Q3)",
      "signal": "FCF MARGIN EXPANSION",
      "detail": "FCF margin: +11.5% -> +23.2% (+11.7%)",
      "severity": "MEDIUM"
    },
    {
      "quarter": "2025-09 (Q3)",
      "signal": "YoY REVENUE GROWTH ACCELERATION",
      "detail": "YoY growth: +9.7% vs prior quarter YoY: +3.8% (accel: +5.9%)",
      "severity": "MEDIUM"
    },
    {
      "quarter": "2025-06 (Q2)",
      "signal": "FCF MARGIN EXPANSION",
      "detail": "FCF margin: +2.6% -> +11.5% (+8.9%)",
      "severity": "MEDIUM"
    },
    {
      "quarter": "2025-06 (Q2)",
      "signal": "INCREMENTAL MARGIN (YoY)",
      "detail": "YoY Incr OPM: +71.5% vs year-ago OPM: +8.8%",
      "severity": "HIGH"
    },
    {
      "quarter": "2025-03 (Q1)",
      "signal": "YoY REVENUE GROWTH DECELERATION",
      "detail": "YoY growth: +8.3% vs prior quarter YoY: +20.9% (decel: -12.6%)",
      "severity": "WARNING"
    },
    {
      "quarter": "2024-12 (Q4)",
      "signal": "FCF MARGIN EXPANSION",
      "detail": "FCF margin: +16.9% -> +22.6% (+5.7%)",
      "severity": "MEDIUM"
    },
    {
      "quarter": "2024-12 (Q4)",
      "signal": "YoY REVENUE GROWTH DECELERATION",
      "detail": "YoY growth: +20.9% vs prior quarter YoY: +70.2% (decel: -49.4%)",
      "severity": "WARNING"
    },
    {
      "quarter": "2024-09 (Q3)",
      "signal": "FCF MARGIN EXPANSION",
      "detail": "FCF margin: +4.2% -> +16.9% (+12.8%)",
      "severity": "MEDIUM"
    },
    {
      "quarter": "2024-09 (Q3)",
      "signal": "YoY REVENUE GROWTH DECELERATION",
      "detail": "YoY growth: +70.2% vs prior quarter YoY: +103.0% (decel: -32.8%)",
      "severity": "WARNING"
    },
    {
      "quarter": "2024-06 (Q2)",
      "signal": "YoY REVENUE GROWTH ACCELERATION",
      "detail": "YoY growth: +103.0% vs prior quarter YoY: +96.5% (accel: +6.5%)",
      "severity": "MEDIUM"
    },
    {
      "quarter": "2023-09 (Q3)",
      "signal": "FCF MARGIN EXPANSION",
      "detail": "FCF margin: +11.9% -> +24.4% (+12.4%)",
      "severity": "MEDIUM"
    },
    {
      "quarter": "2023-09 (Q3)",
      "signal": "OPERATING LEVERAGE",
      "detail": "Rev growth +16.4% vs OpEx growth +1.1% (leverage: 14.2x)",
      "severity": "MEDIUM"
    }
  ],
  "data_quality": {
    "n_quarters": 11,
    "coverage": {
      "revenue": [
        11,
        11
      ],
      "gross_profit": [
        11,
        11
      ],
      "op_income": [
        11,
        11
      ],
      "fcf": [
        11,
        11
      ]
    },
    "gaps": [],
    "warnings": []
  },
  "market_cap": null,
  "source": "SEC EDGAR",
  "last_updated": "2026-02-02T21:49:52.696993"
}