{
  "ticker": "GDRX",
  "name": "GoodRx Holdings, Inc.",
  "quarters": [
    {
      "date": "2020-12-31T00:00:00",
      "quarter_label": "2020-12 (Q4)",
      "revenue": 153544000,
      "gross_profit": 144340000,
      "operating_income": -299440000,
      "net_income": -298274000,
      "opex": 452984000,
      "cogs": 9204000,
      "rd": 23683000,
      "sga": null,
      "fcf": 9978000,
      "ocf": 14850000,
      "capex": -4872000,
      "gross_margin": 0.9400562705152921,
      "op_margin": -1.9501901735007554,
      "fcf_margin": 0.06498462981295264
    },
    {
      "date": "2021-03-31T00:00:00",
      "quarter_label": "2021-03 (Q1)",
      "revenue": 160431000,
      "gross_profit": 150003000,
      "operating_income": -4998000,
      "net_income": 1668000,
      "opex": 165429000,
      "cogs": 10428000,
      "rd": 26160000,
      "sga": null,
      "fcf": 42770000,
      "ocf": 45485000,
      "capex": -2715000,
      "gross_margin": 0.9350000934981394,
      "op_margin": -0.03115358004375713,
      "fcf_margin": 0.26659436143887405,
      "op_leverage_ratio": Infinity,
      "fcf_margin_change": 0.2016097316259214
    },
    {
      "date": "2021-06-30T00:00:00",
      "quarter_label": "2021-06 (Q2)",
      "revenue": 176635000,
      "gross_profit": 165545000,
      "operating_income": -351000,
      "net_income": 31061000,
      "opex": 176986000,
      "cogs": 11090000,
      "rd": 29567000,
      "sga": null,
      "fcf": 34583000,
      "ocf": 34926000,
      "capex": -343000,
      "gross_margin": 0.9372151612081411,
      "op_margin": -0.001987148639850539,
      "fcf_margin": 0.1957879242505732,
      "op_leverage_ratio": 1.4457742157159332,
      "fcf_margin_change": -0.07080643718830085
    },
    {
      "date": "2021-09-30T00:00:00",
      "quarter_label": "2021-09 (Q3)",
      "revenue": 195102000,
      "gross_profit": 183831000,
      "operating_income": 6999000,
      "net_income": -18069000,
      "opex": 188103000,
      "cogs": 11271000,
      "rd": 35073000,
      "sga": null,
      "fcf": 47852000,
      "ocf": 48558000,
      "capex": -706000,
      "gross_margin": 0.9422302180397946,
      "op_margin": 0.035873543069778885,
      "fcf_margin": 0.2452665785076524,
      "op_leverage_ratio": 1.6644505418667017,
      "fcf_margin_change": 0.0494786542570792
    },
    {
      "date": "2021-12-31T00:00:00",
      "quarter_label": "2021-12 (Q4)",
      "revenue": 213256000,
      "gross_profit": 199329000,
      "operating_income": 11756000,
      "net_income": -39914000,
      "opex": 201500000,
      "cogs": 13927000,
      "rd": 35060000,
      "sga": null,
      "fcf": 49003000,
      "ocf": 49810000,
      "capex": -807000,
      "gross_margin": 0.9346935138987883,
      "op_margin": 0.05512623325955659,
      "fcf_margin": 0.22978485951157296,
      "incr_op_margin_yoy": 5.21161575562701,
      "rev_growth_yoy": 0.3888917834627208,
      "op_leverage_ratio": 1.3064679927678757,
      "fcf_margin_change": -0.015481718996079447
    },
    {
      "date": "2022-03-31T00:00:00",
      "quarter_label": "2022-03 (Q1)",
      "revenue": 203329000,
      "gross_profit": 191049000,
      "operating_income": 19761000,
      "net_income": 12293000,
      "opex": 183568000,
      "cogs": 12280000,
      "rd": 35042000,
      "sga": null,
      "fcf": 28384000,
      "ocf": 30120000,
      "capex": -1736000,
      "gross_margin": 0.9396052702762517,
      "op_margin": 0.09718731710675801,
      "fcf_margin": 0.13959641762857242,
      "incr_op_margin_yoy": 0.5771597743484544,
      "rev_growth_yoy": 0.26739221222831,
      "rev_growth_yoy_accel": -0.1214995712344108,
      "fcf_margin_change": -0.09018844188300054
    },
    {
      "date": "2022-06-30T00:00:00",
      "quarter_label": "2022-06 (Q2)",
      "revenue": 191798000,
      "gross_profit": 173754000,
      "operating_income": -4047000,
      "net_income": -1415000,
      "opex": 195845000,
      "cogs": 18044000,
      "rd": 35404000,
      "sga": null,
      "fcf": 49613000,
      "ocf": 51049000,
      "capex": -1436000,
      "gross_margin": 0.905921855285248,
      "op_margin": -0.02110032429952346,
      "fcf_margin": 0.25867318741592715,
      "incr_op_margin_yoy": -0.2437512365626855,
      "rev_growth_yoy": 0.08584368896311603,
      "rev_growth_yoy_accel": -0.18154852326519397,
      "fcf_margin_change": 0.11907676978735474
    },
    {
      "date": "2022-09-30T00:00:00",
      "quarter_label": "2022-09 (Q3)",
      "revenue": 187318000,
      "gross_profit": 169923000,
      "operating_income": -15713000,
      "net_income": -41734000,
      "opex": 203031000,
      "cogs": 17395000,
      "rd": 35921000,
      "sga": null,
      "fcf": 33087000,
      "ocf": 33732000,
      "capex": -645000,
      "gross_margin": 0.9071365271890581,
      "op_margin": -0.08388409015684557,
      "fcf_margin": 0.1766354541474925,
      "incr_op_margin_yoy": 2.9177800616649536,
      "rev_growth_yoy": -0.03989707947637646,
      "rev_growth_yoy_accel": -0.1257407684394925,
      "fcf_margin_change": -0.08203773326843466
    },
    {
      "date": "2022-12-31T00:00:00",
      "quarter_label": "2022-12 (Q4)",
      "revenue": 184109000,
      "gross_profit": 166749000,
      "operating_income": 1737000,
      "net_income": -1972000,
      "opex": 182372000,
      "cogs": 17360000,
      "rd": 36770000,
      "sga": null,
      "fcf": 31729000,
      "ocf": 31879000,
      "capex": -150000,
      "gross_margin": 0.9057080316551608,
      "op_margin": 0.009434628399480742,
      "fcf_margin": 0.1723381257841822,
      "incr_op_margin_yoy": 0.34374035063642916,
      "rev_growth_yoy": -0.136676107589001,
      "rev_growth_yoy_accel": -0.09677902811262454,
      "fcf_margin_change": -0.004297328363310288
    },
    {
      "date": "2023-03-31T00:00:00",
      "quarter_label": "2023-03 (Q1)",
      "revenue": 183986000,
      "gross_profit": 167291000,
      "operating_income": 11303000,
      "net_income": -3290000,
      "opex": 172683000,
      "cogs": 16695000,
      "rd": 32908000,
      "sga": null,
      "fcf": 32140000,
      "ocf": 32288000,
      "capex": -148000,
      "gross_margin": 0.9092594001717522,
      "op_margin": 0.061434022153859534,
      "fcf_margin": 0.174687204461209,
      "incr_op_margin_yoy": 0.4372641265574109,
      "rev_growth_yoy": -0.09513153559010273,
      "rev_growth_yoy_accel": 0.04154457199889827,
      "fcf_margin_change": 0.0023490786770268
    },
    {
      "date": "2023-06-30T00:00:00",
      "quarter_label": "2023-06 (Q2)",
      "revenue": 189677000,
      "gross_profit": 173338000,
      "operating_income": 18308000,
      "net_income": 58786000,
      "opex": 171369000,
      "cogs": 16339000,
      "rd": 31285000,
      "sga": null,
      "fcf": 29574000,
      "ocf": 29866000,
      "capex": -292000,
      "gross_margin": 0.9138588231572621,
      "op_margin": 0.09652198210642303,
      "fcf_margin": 0.15591769165476047,
      "incr_op_margin_yoy": -10.53983969825554,
      "rev_growth_yoy": -0.011058509473508588,
      "rev_growth_yoy_accel": 0.08407302611659415,
      "op_leverage_ratio": Infinity,
      "fcf_margin_change": -0.018769512806448535
    },
    {
      "date": "2023-09-30T00:00:00",
      "quarter_label": "2023-09 (Q3)",
      "revenue": 179958000,
      "gross_profit": 161237000,
      "operating_income": -38330000,
      "net_income": -38495000,
      "opex": 218288000,
      "cogs": 18721000,
      "rd": 39611000,
      "sga": null,
      "fcf": 60076000,
      "ocf": 60270000,
      "capex": -194000,
      "gross_margin": 0.8959701708176352,
      "op_margin": -0.21299414307782927,
      "fcf_margin": 0.3338334500272286,
      "incr_op_margin_yoy": 3.072961956521739,
      "rev_growth_yoy": -0.03929147225573623,
      "rev_growth_yoy_accel": -0.028232962782227644,
      "fcf_margin_change": 0.17791575837246812
    },
    {
      "date": "2023-12-31T00:00:00",
      "quarter_label": "2023-12 (Q4)",
      "revenue": 196644000,
      "gross_profit": 181474000,
      "operating_income": -18288000,
      "net_income": -25869000,
      "opex": 214932000,
      "cogs": 15170000,
      "rd": 32032000,
      "sga": null,
      "fcf": 15459000,
      "ocf": 15868000,
      "capex": -409000,
      "gross_margin": 0.9228555155509448,
      "op_margin": -0.09300054921584183,
      "fcf_margin": 0.07861414535912614,
      "incr_op_margin_yoy": -1.597526924611089,
      "rev_growth_yoy": 0.06808466723517047,
      "rev_growth_yoy_accel": 0.1073761394909067,
      "op_leverage_ratio": Infinity,
      "fcf_margin_change": -0.25521930466810244
    },
    {
      "date": "2024-03-31T00:00:00",
      "quarter_label": "2024-03 (Q1)",
      "revenue": 197880000,
      "gross_profit": 185412000,
      "operating_income": 7381000,
      "net_income": -1009000,
      "opex": 190499000,
      "cogs": 12468000,
      "rd": 31017000,
      "sga": null,
      "fcf": 42179000,
      "ocf": 42586000,
      "capex": -407000,
      "gross_margin": 0.9369921164342025,
      "op_margin": 0.037300384071154234,
      "fcf_margin": 0.21315443703254497,
      "incr_op_margin_yoy": -0.2822801209155031,
      "rev_growth_yoy": 0.07551661539464959,
      "rev_growth_yoy_accel": 0.007431948159479118,
      "fcf_margin_change": 0.13454029167341883
    },
    {
      "date": "2024-06-30T00:00:00",
      "quarter_label": "2024-06 (Q2)",
      "revenue": 200610000,
      "gross_profit": 188740000,
      "operating_income": 19878000,
      "net_income": 6694000,
      "opex": 180732000,
      "cogs": 11870000,
      "rd": 30854000,
      "sga": null,
      "fcf": 9433000,
      "ocf": 9701000,
      "capex": -268000,
      "gross_margin": 0.94083046707542,
      "op_margin": 0.09908778226409451,
      "fcf_margin": 0.04702158416828672,
      "incr_op_margin_yoy": 0.14360193908350866,
      "rev_growth_yoy": 0.05764009342197525,
      "rev_growth_yoy_accel": -0.017876521972674336,
      "op_leverage_ratio": Infinity,
      "fcf_margin_change": -0.16613285286425825
    },
    {
      "date": "2024-09-30T00:00:00",
      "quarter_label": "2024-09 (Q3)",
      "revenue": 195251000,
      "gross_profit": 183567000,
      "operating_income": 20407000,
      "net_income": 3965000,
      "opex": 174844000,
      "cogs": 11684000,
      "rd": 30139000,
      "sga": null,
      "fcf": 86459000,
      "ocf": 86862000,
      "capex": -403000,
      "gross_margin": 0.9401590772902572,
      "op_margin": 0.10451675023431378,
      "fcf_margin": 0.4428095118590942,
      "incr_op_margin_yoy": 3.840776825998823,
      "rev_growth_yoy": 0.08498093999711044,
      "rev_growth_yoy_accel": 0.02734084657513519,
      "fcf_margin_change": 0.39578792769080745
    },
    {
      "date": "2024-12-31T00:00:00",
      "quarter_label": "2024-12 (Q4)",
      "revenue": 198583000,
      "gross_profit": 186390000,
      "operating_income": 18180000,
      "net_income": 6740000,
      "opex": 180403000,
      "cogs": 12193000,
      "rd": 31739000,
      "sga": null,
      "fcf": 44581000,
      "ocf": 44743000,
      "capex": -162000,
      "gross_margin": 0.9385999808644244,
      "op_margin": 0.09154862198677631,
      "fcf_margin": 0.22449555097868398,
      "incr_op_margin_yoy": 18.807632800412584,
      "rev_growth_yoy": 0.009860458493521287,
      "rev_growth_yoy_accel": -0.07512048150358916,
      "op_leverage_ratio": 0.536742253682185,
      "fcf_margin_change": -0.2183139608804102
    },
    {
      "date": "2025-03-31T00:00:00",
      "quarter_label": "2025-03 (Q1)",
      "revenue": 202970000,
      "gross_profit": 189606000,
      "operating_income": 23380000,
      "net_income": 11052000,
      "opex": 179590000,
      "cogs": 13364000,
      "rd": 31142000,
      "sga": null,
      "fcf": 9271000,
      "ocf": 9413000,
      "capex": -142000,
      "gross_margin": 0.934157757304035,
      "op_margin": 0.11518943686259053,
      "fcf_margin": 0.04567670099029413,
      "incr_op_margin_yoy": 3.143222003929273,
      "rev_growth_yoy": 0.025722660198099857,
      "rev_growth_yoy_accel": 0.01586220170457857,
      "op_leverage_ratio": Infinity,
      "fcf_margin_change": -0.17881884998838984
    },
    {
      "date": "2025-06-30T00:00:00",
      "quarter_label": "2025-06 (Q2)",
      "revenue": 203070000,
      "gross_profit": 189720000,
      "operating_income": 26809000,
      "net_income": 12843000,
      "opex": 176261000,
      "cogs": 13350000,
      "rd": 29933000,
      "sga": null,
      "fcf": 49190000,
      "ocf": 49580000,
      "capex": -390000,
      "gross_margin": 0.9342591224700842,
      "op_margin": 0.13201851578273502,
      "fcf_margin": 0.24223174274880582,
      "incr_op_margin_yoy": 2.817479674796748,
      "rev_growth_yoy": 0.012262599072827875,
      "rev_growth_yoy_accel": -0.013460061125271983,
      "fcf_margin_change": 0.19655504175851168
    },
    {
      "date": "2025-09-30T00:00:00",
      "quarter_label": "2025-09 (Q3)",
      "revenue": 196028000,
      "gross_profit": 182609000,
      "operating_income": 14620000,
      "net_income": 1119000,
      "opex": 181408000,
      "cogs": 13419000,
      "rd": 31012000,
      "sga": null,
      "fcf": 74275000,
      "ocf": 76023000,
      "capex": -1748000,
      "gross_margin": 0.9315454935009284,
      "op_margin": 0.07458118228008244,
      "fcf_margin": 0.37889995306792906,
      "rev_growth_yoy": 0.0039794930627756065,
      "rev_growth_yoy_accel": -0.008283106010052268,
      "fcf_margin_change": 0.13666821031912324
    }
  ],
  "signals": [
    {
      "quarter": "2025-09 (Q3)",
      "signal": "FCF MARGIN EXPANSION",
      "detail": "FCF margin: +24.2% -> +37.9% (+13.7%)",
      "severity": "MEDIUM"
    },
    {
      "quarter": "2025-06 (Q2)",
      "signal": "FCF MARGIN EXPANSION",
      "detail": "FCF margin: +4.6% -> +24.2% (+19.7%)",
      "severity": "MEDIUM"
    },
    {
      "quarter": "2025-06 (Q2)",
      "signal": "INCREMENTAL MARGIN (YoY)",
      "detail": "YoY Incr OPM: +281.7% vs year-ago OPM: +9.9%",
      "severity": "HIGH"
    },
    {
      "quarter": "2025-03 (Q1)",
      "signal": "INCREMENTAL MARGIN (YoY)",
      "detail": "YoY Incr OPM: +314.3% vs year-ago OPM: +3.7%",
      "severity": "HIGH"
    },
    {
      "quarter": "2024-12 (Q4)",
      "signal": "YoY REVENUE GROWTH DECELERATION",
      "detail": "YoY growth: +1.0% vs prior quarter YoY: +8.5% (decel: -7.5%)",
      "severity": "WARNING"
    },
    {
      "quarter": "2024-12 (Q4)",
      "signal": "OP MARGIN TURNED POSITIVE (YoY)",
      "detail": "Op margin: -9.3% (year-ago) -> +9.2%",
      "severity": "HIGH"
    },
    {
      "quarter": "2024-09 (Q3)",
      "signal": "FCF MARGIN EXPANSION",
      "detail": "FCF margin: +4.7% -> +44.3% (+39.6%)",
      "severity": "MEDIUM"
    },
    {
      "quarter": "2024-09 (Q3)",
      "signal": "OP MARGIN TURNED POSITIVE (YoY)",
      "detail": "Op margin: -21.3% (year-ago) -> +10.5%",
      "severity": "HIGH"
    },
    {
      "quarter": "2024-03 (Q1)",
      "signal": "FCF MARGIN EXPANSION",
      "detail": "FCF margin: +7.9% -> +21.3% (+13.5%)",
      "severity": "MEDIUM"
    },
    {
      "quarter": "2024-03 (Q1)",
      "signal": "OP MARGIN TURNED POSITIVE (QoQ)",
      "detail": "Op margin: -9.3% -> +3.7%",
      "severity": "HIGH"
    },
    {
      "quarter": "2023-12 (Q4)",
      "signal": "GROSS MARGIN INFLECTION",
      "detail": "GM: +91.4% -> +89.6% -> +92.3% (reversal +2.7%)",
      "severity": "MEDIUM"
    },
    {
      "quarter": "2023-12 (Q4)",
      "signal": "YoY REVENUE GROWTH ACCELERATION",
      "detail": "YoY growth: +6.8% vs prior quarter YoY: -3.9% (accel: +10.7%)",
      "severity": "MEDIUM"
    },
    {
      "quarter": "2023-09 (Q3)",
      "signal": "FCF MARGIN EXPANSION",
      "detail": "FCF margin: +15.6% -> +33.4% (+17.8%)",
      "severity": "MEDIUM"
    },
    {
      "quarter": "2023-06 (Q2)",
      "signal": "YoY REVENUE GROWTH ACCELERATION",
      "detail": "YoY growth: -1.1% vs prior quarter YoY: -9.5% (accel: +8.4%)",
      "severity": "MEDIUM"
    },
    {
      "quarter": "2023-06 (Q2)",
      "signal": "OP MARGIN TURNED POSITIVE (YoY)",
      "detail": "Op margin: -2.1% (year-ago) -> +9.7%",
      "severity": "HIGH"
    },
    {
      "quarter": "2023-03 (Q1)",
      "signal": "INCREMENTAL MARGIN (YoY)",
      "detail": "YoY Incr OPM: +43.7% vs year-ago OPM: +9.7%",
      "severity": "HIGH"
    },
    {
      "quarter": "2022-12 (Q4)",
      "signal": "YoY REVENUE GROWTH DECELERATION",
      "detail": "YoY growth: -13.7% vs prior quarter YoY: -4.0% (decel: -9.7%)",
      "severity": "WARNING"
    },
    {
      "quarter": "2022-12 (Q4)",
      "signal": "INCREMENTAL MARGIN (YoY)",
      "detail": "YoY Incr OPM: +34.4% vs year-ago OPM: +5.5%",
      "severity": "HIGH"
    },
    {
      "quarter": "2022-12 (Q4)",
      "signal": "OP MARGIN TURNED POSITIVE (QoQ)",
      "detail": "Op margin: -8.4% -> +0.9%",
      "severity": "HIGH"
    },
    {
      "quarter": "2022-09 (Q3)",
      "signal": "YoY REVENUE GROWTH DECELERATION",
      "detail": "YoY growth: -4.0% vs prior quarter YoY: +8.6% (decel: -12.6%)",
      "severity": "WARNING"
    },
    {
      "quarter": "2022-06 (Q2)",
      "signal": "FCF MARGIN EXPANSION",
      "detail": "FCF margin: +14.0% -> +25.9% (+11.9%)",
      "severity": "MEDIUM"
    },
    {
      "quarter": "2022-06 (Q2)",
      "signal": "YoY REVENUE GROWTH DECELERATION",
      "detail": "YoY growth: +8.6% vs prior quarter YoY: +26.7% (decel: -18.2%)",
      "severity": "WARNING"
    },
    {
      "quarter": "2022-03 (Q1)",
      "signal": "YoY REVENUE GROWTH DECELERATION",
      "detail": "YoY growth: +26.7% vs prior quarter YoY: +38.9% (decel: -12.1%)",
      "severity": "WARNING"
    },
    {
      "quarter": "2022-03 (Q1)",
      "signal": "OP MARGIN TURNED POSITIVE (YoY)",
      "detail": "Op margin: -3.1% (year-ago) -> +9.7%",
      "severity": "HIGH"
    },
    {
      "quarter": "2021-12 (Q4)",
      "signal": "OP MARGIN TURNED POSITIVE (YoY)",
      "detail": "Op margin: -195.0% (year-ago) -> +5.5%",
      "severity": "HIGH"
    },
    {
      "quarter": "2021-09 (Q3)",
      "signal": "OPERATING LEVERAGE",
      "detail": "Rev growth +10.5% vs OpEx growth +6.3% (leverage: 1.7x)",
      "severity": "MEDIUM"
    },
    {
      "quarter": "2021-09 (Q3)",
      "signal": "OP MARGIN TURNED POSITIVE (QoQ)",
      "detail": "Op margin: -0.2% -> +3.6%",
      "severity": "HIGH"
    },
    {
      "quarter": "2021-03 (Q1)",
      "signal": "FCF MARGIN EXPANSION",
      "detail": "FCF margin: +6.5% -> +26.7% (+20.2%)",
      "severity": "MEDIUM"
    }
  ],
  "data_quality": {
    "n_quarters": 20,
    "coverage": {
      "revenue": [
        20,
        20
      ],
      "gross_profit": [
        20,
        20
      ],
      "op_income": [
        20,
        20
      ],
      "fcf": [
        20,
        20
      ]
    },
    "gaps": [],
    "warnings": []
  },
  "market_cap": null,
  "source": "SEC EDGAR",
  "last_updated": "2026-02-02T22:08:20.270961",
  "sector": "Healthcare",
  "industry": "Health Information Services"
}