{
  "ticker": "GDYN",
  "name": "Grid Dynamics Holdings, Inc.",
  "quarters": [
    {
      "date": "2020-12-31T00:00:00",
      "quarter_label": "2020-12 (Q4)",
      "revenue": 30126000,
      "gross_profit": 12263000,
      "operating_income": -3556000,
      "net_income": -4720000,
      "opex": 15819000,
      "cogs": 17863000,
      "rd": 2118000,
      "sga": 11101000,
      "fcf": 2289000,
      "ocf": 2934000,
      "capex": -645000,
      "gross_margin": 0.40705702715262565,
      "op_margin": -0.11803757551616544,
      "fcf_margin": 0.07598088030272854
    },
    {
      "date": "2021-03-31T00:00:00",
      "quarter_label": "2021-03 (Q1)",
      "revenue": 39134000,
      "gross_profit": 15337000,
      "operating_income": -1778000,
      "net_income": 2062000,
      "opex": 17115000,
      "cogs": 23797000,
      "rd": 1783000,
      "sga": 12300000,
      "fcf": 2193000,
      "ocf": 3044000,
      "capex": -851000,
      "gross_margin": 0.3919098482138294,
      "op_margin": -0.045433638268513314,
      "fcf_margin": 0.05603822762814944,
      "op_leverage_ratio": 3.6497316210188813,
      "fcf_margin_change": -0.0199426526745791
    },
    {
      "date": "2021-06-30T00:00:00",
      "quarter_label": "2021-06 (Q2)",
      "revenue": 47676000,
      "gross_profit": 19797000,
      "operating_income": 1384000,
      "net_income": 1483000,
      "opex": 18413000,
      "cogs": 27879000,
      "rd": 1772000,
      "sga": 13804000,
      "fcf": 2517000,
      "ocf": 3606000,
      "capex": -1089000,
      "gross_margin": 0.4152403725144727,
      "op_margin": 0.02902928097994798,
      "fcf_margin": 0.05279385854517996,
      "op_leverage_ratio": 2.8781109873129207,
      "fcf_margin_change": -0.0032443690829694755
    },
    {
      "date": "2021-09-30T00:00:00",
      "quarter_label": "2021-09 (Q3)",
      "revenue": 57933000,
      "gross_profit": 25266000,
      "operating_income": 1970000,
      "net_income": -549000,
      "opex": 23296000,
      "cogs": 32667000,
      "rd": 2132000,
      "sga": null,
      "fcf": 6929000,
      "ocf": 8005000,
      "capex": -1076000,
      "gross_margin": 0.43612448863342135,
      "op_margin": 0.03400479864671258,
      "fcf_margin": 0.11960368011323426,
      "op_leverage_ratio": 0.8112568433073152,
      "fcf_margin_change": 0.06680982156805429
    },
    {
      "date": "2021-12-31T00:00:00",
      "quarter_label": "2021-12 (Q4)",
      "revenue": 66537000,
      "gross_profit": 27328000,
      "operating_income": -1526000,
      "net_income": -3606000,
      "opex": 28854000,
      "cogs": 39209000,
      "rd": 2772000,
      "sga": null,
      "fcf": 1618000,
      "ocf": 3318000,
      "capex": -1700000,
      "gross_margin": 0.4107188481596706,
      "op_margin": -0.02293460781219472,
      "fcf_margin": 0.024317297142943024,
      "incr_op_margin_yoy": 0.0557523825217654,
      "rev_growth_yoy": 1.2086237801234814,
      "op_leverage_ratio": 0.6224969076368554,
      "fcf_margin_change": -0.09528638297029124
    },
    {
      "date": "2022-03-31T00:00:00",
      "quarter_label": "2022-03 (Q1)",
      "revenue": 71410000,
      "gross_profit": 26779000,
      "operating_income": 203000,
      "net_income": -2667000,
      "opex": 26576000,
      "cogs": 44631000,
      "rd": 3096000,
      "sga": null,
      "fcf": 7864000,
      "ocf": 9517000,
      "capex": -1653000,
      "gross_margin": 0.37500350091023665,
      "op_margin": 0.002842739112169164,
      "fcf_margin": 0.11012463240442515,
      "incr_op_margin_yoy": 0.06137687445780146,
      "rev_growth_yoy": 0.8247559666785915,
      "rev_growth_yoy_accel": -0.38386781344488985,
      "op_leverage_ratio": Infinity,
      "fcf_margin_change": 0.08580733526148213
    },
    {
      "date": "2022-06-30T00:00:00",
      "quarter_label": "2022-06 (Q2)",
      "revenue": 77335000,
      "gross_profit": 28861000,
      "operating_income": -10849000,
      "net_income": -13186000,
      "opex": 39710000,
      "cogs": 48474000,
      "rd": 3840000,
      "sga": null,
      "fcf": 4245000,
      "ocf": 5805000,
      "capex": -1560000,
      "gross_margin": 0.3731945432210513,
      "op_margin": -0.14028576970323917,
      "fcf_margin": 0.05489105838236245,
      "incr_op_margin_yoy": -0.41245490407633434,
      "rev_growth_yoy": 0.6220949744106049,
      "rev_growth_yoy_accel": -0.20266099226798662,
      "op_leverage_ratio": 0.16788887723873533,
      "fcf_margin_change": -0.0552335740220627
    },
    {
      "date": "2022-09-30T00:00:00",
      "quarter_label": "2022-09 (Q3)",
      "revenue": 81161000,
      "gross_profit": 32670000,
      "operating_income": -4750000,
      "net_income": -6659000,
      "opex": 37420000,
      "cogs": 48491000,
      "rd": 4139000,
      "sga": null,
      "fcf": 3149000,
      "ocf": 4317000,
      "capex": -1168000,
      "gross_margin": 0.4025332364066485,
      "op_margin": -0.058525646554379564,
      "fcf_margin": 0.03879942336836658,
      "incr_op_margin_yoy": -0.2893060099879456,
      "rev_growth_yoy": 0.40094592028722836,
      "rev_growth_yoy_accel": -0.22114905412337654,
      "op_leverage_ratio": Infinity,
      "fcf_margin_change": -0.016091635013995867
    },
    {
      "date": "2022-12-31T00:00:00",
      "quarter_label": "2022-12 (Q4)",
      "revenue": 80576000,
      "gross_profit": 32280000,
      "operating_income": -5612000,
      "net_income": -6702000,
      "opex": 37892000,
      "cogs": 48296000,
      "rd": 4697000,
      "sga": null,
      "fcf": 10325000,
      "ocf": 12013000,
      "capex": -1688000,
      "gross_margin": 0.4006155679110405,
      "op_margin": -0.06964853057982526,
      "fcf_margin": 0.1281398927720413,
      "incr_op_margin_yoy": -0.29104637082413276,
      "rev_growth_yoy": 0.21099538602582021,
      "rev_growth_yoy_accel": -0.18995053426140815,
      "fcf_margin_change": 0.08934046940367471
    },
    {
      "date": "2023-03-31T00:00:00",
      "quarter_label": "2023-03 (Q1)",
      "revenue": 80080000,
      "gross_profit": 28575000,
      "operating_income": -5992000,
      "net_income": -7970000,
      "opex": 34567000,
      "cogs": 51505000,
      "rd": 4203000,
      "sga": null,
      "fcf": 10085000,
      "ocf": 11674000,
      "capex": -1589000,
      "gross_margin": 0.3568306693306693,
      "op_margin": -0.07482517482517483,
      "fcf_margin": 0.12593656343656343,
      "incr_op_margin_yoy": -0.7145328719723183,
      "rev_growth_yoy": 0.12141156700742194,
      "rev_growth_yoy_accel": -0.08958381901839828,
      "fcf_margin_change": -0.0022033293354778716
    },
    {
      "date": "2023-06-30T00:00:00",
      "quarter_label": "2023-06 (Q2)",
      "revenue": 77342000,
      "gross_profit": 28305000,
      "operating_income": 1334000,
      "net_income": 2627000,
      "opex": 26971000,
      "cogs": 49037000,
      "rd": 3273000,
      "sga": null,
      "fcf": 8741000,
      "ocf": 10905000,
      "capex": -2164000,
      "gross_margin": 0.36597191694034287,
      "op_margin": 0.017248067026971115,
      "fcf_margin": 0.11301750665873653,
      "rev_growth_yoy": 9.051529061873666e-05,
      "rev_growth_yoy_accel": -0.1213210517168032,
      "fcf_margin_change": -0.012919056777826898
    },
    {
      "date": "2023-09-30T00:00:00",
      "quarter_label": "2023-09 (Q3)",
      "revenue": 77419000,
      "gross_profit": 28152000,
      "operating_income": 143000,
      "net_income": 676000,
      "opex": 28009000,
      "cogs": 49267000,
      "rd": 3402000,
      "sga": null,
      "fcf": 9118000,
      "ocf": 10958000,
      "capex": -1840000,
      "gross_margin": 0.3636316666451388,
      "op_margin": 0.0018470917991707462,
      "fcf_margin": 0.11777470646740464,
      "incr_op_margin_yoy": -1.3075895243185462,
      "rev_growth_yoy": -0.04610588829610281,
      "rev_growth_yoy_accel": -0.04619640358672154,
      "fcf_margin_change": 0.004757199808668108
    },
    {
      "date": "2023-12-31T00:00:00",
      "quarter_label": "2023-12 (Q4)",
      "revenue": 78069000,
      "gross_profit": 28114000,
      "operating_income": -1065000,
      "net_income": 2902000,
      "opex": 29179000,
      "cogs": 49955000,
      "rd": 3863000,
      "sga": null,
      "fcf": 5279000,
      "ocf": 7556000,
      "capex": -2277000,
      "gross_margin": 0.3601173321036519,
      "op_margin": -0.013641778426776312,
      "fcf_margin": 0.0676196697792978,
      "incr_op_margin_yoy": -1.813721579577184,
      "rev_growth_yoy": -0.031113482922954724,
      "rev_growth_yoy_accel": 0.014992405373148082,
      "fcf_margin_change": -0.050155036688106835
    },
    {
      "date": "2024-03-31T00:00:00",
      "quarter_label": "2024-03 (Q1)",
      "revenue": 79817000,
      "gross_profit": 27665000,
      "operating_income": -5542000,
      "net_income": -3948000,
      "opex": 33207000,
      "cogs": 52152000,
      "rd": 4372000,
      "sga": null,
      "fcf": 43000,
      "ocf": 3240000,
      "capex": -3197000,
      "gross_margin": 0.34660535976045204,
      "op_margin": -0.06943382988586391,
      "fcf_margin": 0.0005387323502511997,
      "rev_growth_yoy": -0.0032842157842157844,
      "rev_growth_yoy_accel": 0.027829267138738942,
      "op_leverage_ratio": 0.16219734985282735,
      "fcf_margin_change": -0.0670809374290466
    },
    {
      "date": "2024-06-30T00:00:00",
      "quarter_label": "2024-06 (Q2)",
      "revenue": 83037000,
      "gross_profit": 29563000,
      "operating_income": 40000,
      "net_income": -817000,
      "opex": 29523000,
      "cogs": 53474000,
      "rd": 4127000,
      "sga": null,
      "fcf": 8026000,
      "ocf": 10677000,
      "capex": -2651000,
      "gross_margin": 0.3560220142827896,
      "op_margin": 0.00048171297132603536,
      "fcf_margin": 0.096655707696569,
      "incr_op_margin_yoy": -0.22721685689201054,
      "rev_growth_yoy": 0.07363398929430323,
      "rev_growth_yoy_accel": 0.07691820507851901,
      "op_leverage_ratio": Infinity,
      "fcf_margin_change": 0.0961169753463178
    },
    {
      "date": "2024-09-30T00:00:00",
      "quarter_label": "2024-09 (Q3)",
      "revenue": 87435000,
      "gross_profit": 32729000,
      "operating_income": 2136000,
      "net_income": 4282000,
      "opex": 30593000,
      "cogs": 54706000,
      "rd": 4446000,
      "sga": null,
      "fcf": 5935000,
      "ocf": 9213000,
      "capex": -3278000,
      "gross_margin": 0.3743237833819409,
      "op_margin": 0.024429576256647795,
      "fcf_margin": 0.06787899582547036,
      "incr_op_margin_yoy": 0.19898162939297126,
      "rev_growth_yoy": 0.12937392629716218,
      "rev_growth_yoy_accel": 0.05573993700285895,
      "op_leverage_ratio": 1.4613703225867445,
      "fcf_margin_change": -0.028776711871098648
    },
    {
      "date": "2024-12-31T00:00:00",
      "quarter_label": "2024-12 (Q4)",
      "revenue": 100282000,
      "gross_profit": 37048000,
      "operating_income": 1261000,
      "net_income": 4524000,
      "opex": 35787000,
      "cogs": 63234000,
      "rd": 5402000,
      "sga": null,
      "fcf": 4428000,
      "ocf": 7068000,
      "capex": -2640000,
      "gross_margin": 0.36943818432021697,
      "op_margin": 0.012574539797770288,
      "fcf_margin": 0.044155481542051414,
      "incr_op_margin_yoy": 0.10471345608427497,
      "rev_growth_yoy": 0.28453035135585186,
      "rev_growth_yoy_accel": 0.15515642505868968,
      "op_leverage_ratio": 0.8654391372619639,
      "fcf_margin_change": -0.023723514283418942
    },
    {
      "date": "2025-03-31T00:00:00",
      "quarter_label": "2025-03 (Q1)",
      "revenue": 100415000,
      "gross_profit": 36997000,
      "operating_income": -2037000,
      "net_income": 2912000,
      "opex": 39034000,
      "cogs": 63418000,
      "rd": 6486000,
      "sga": null,
      "fcf": 6012000,
      "ocf": 9351000,
      "capex": -3339000,
      "gross_margin": 0.3684409699746054,
      "op_margin": -0.020285813872429417,
      "fcf_margin": 0.05987153313747946,
      "incr_op_margin_yoy": 0.1701621516652102,
      "rev_growth_yoy": 0.25806532442963276,
      "rev_growth_yoy_accel": -0.026465026926219104,
      "fcf_margin_change": 0.01571605159542805
    },
    {
      "date": "2025-06-30T00:00:00",
      "quarter_label": "2025-06 (Q2)",
      "revenue": 101095000,
      "gross_profit": 34503000,
      "operating_income": -123000,
      "net_income": 5273000,
      "opex": 34626000,
      "cogs": 66592000,
      "rd": 6744000,
      "sga": null,
      "fcf": 10208000,
      "ocf": 14380000,
      "capex": -4172000,
      "gross_margin": 0.3412928433651516,
      "op_margin": -0.0012166773826598745,
      "fcf_margin": 0.1009743310747317,
      "incr_op_margin_yoy": -0.00902647026248754,
      "rev_growth_yoy": 0.21746932090513868,
      "rev_growth_yoy_accel": -0.04059600352449408,
      "fcf_margin_change": 0.04110279793725223
    },
    {
      "date": "2025-09-30T00:00:00",
      "quarter_label": "2025-09 (Q3)",
      "revenue": 104163000,
      "gross_profit": 34711000,
      "operating_income": -241000,
      "net_income": 1177000,
      "opex": 34952000,
      "cogs": 69452000,
      "rd": 5759000,
      "sga": null,
      "fcf": 2947000,
      "ocf": 6973000,
      "capex": -4026000,
      "gross_margin": 0.3332373299540144,
      "op_margin": -0.002313681441586744,
      "fcf_margin": 0.028292195885295163,
      "incr_op_margin_yoy": -0.14209708273553323,
      "rev_growth_yoy": 0.1913192657402642,
      "rev_growth_yoy_accel": -0.02615005516487448,
      "op_leverage_ratio": 3.2233718087554775,
      "fcf_margin_change": -0.07268213518943653
    }
  ],
  "signals": [
    {
      "quarter": "2025-09 (Q3)",
      "signal": "OPERATING LEVERAGE",
      "detail": "Rev growth +3.0% vs OpEx growth +0.9% (leverage: 3.2x)",
      "severity": "MEDIUM"
    },
    {
      "quarter": "2024-12 (Q4)",
      "signal": "YoY REVENUE GROWTH ACCELERATION",
      "detail": "YoY growth: +28.5% vs prior quarter YoY: +12.9% (accel: +15.5%)",
      "severity": "HIGH"
    },
    {
      "quarter": "2024-12 (Q4)",
      "signal": "OP MARGIN TURNED POSITIVE (YoY)",
      "detail": "Op margin: -1.4% (year-ago) -> +1.3%",
      "severity": "HIGH"
    },
    {
      "quarter": "2024-09 (Q3)",
      "signal": "YoY REVENUE GROWTH ACCELERATION",
      "detail": "YoY growth: +12.9% vs prior quarter YoY: +7.4% (accel: +5.6%)",
      "severity": "MEDIUM"
    },
    {
      "quarter": "2024-09 (Q3)",
      "signal": "INCREMENTAL MARGIN (YoY)",
      "detail": "YoY Incr OPM: +19.9% vs year-ago OPM: +0.2%",
      "severity": "MEDIUM"
    },
    {
      "quarter": "2024-06 (Q2)",
      "signal": "FCF MARGIN EXPANSION",
      "detail": "FCF margin: +0.1% -> +9.7% (+9.6%)",
      "severity": "MEDIUM"
    },
    {
      "quarter": "2024-06 (Q2)",
      "signal": "YoY REVENUE GROWTH ACCELERATION",
      "detail": "YoY growth: +7.4% vs prior quarter YoY: -0.3% (accel: +7.7%)",
      "severity": "MEDIUM"
    },
    {
      "quarter": "2024-06 (Q2)",
      "signal": "OP MARGIN TURNED POSITIVE (QoQ)",
      "detail": "Op margin: -6.9% -> +0.0%",
      "severity": "HIGH"
    },
    {
      "quarter": "2023-09 (Q3)",
      "signal": "OP MARGIN TURNED POSITIVE (YoY)",
      "detail": "Op margin: -5.9% (year-ago) -> +0.2%",
      "severity": "HIGH"
    },
    {
      "quarter": "2023-06 (Q2)",
      "signal": "YoY REVENUE GROWTH DECELERATION",
      "detail": "YoY growth: +0.0% vs prior quarter YoY: +12.1% (decel: -12.1%)",
      "severity": "WARNING"
    },
    {
      "quarter": "2023-06 (Q2)",
      "signal": "OP MARGIN TURNED POSITIVE (YoY)",
      "detail": "Op margin: -14.0% (year-ago) -> +1.7%",
      "severity": "HIGH"
    },
    {
      "quarter": "2023-06 (Q2)",
      "signal": "OP MARGIN TURNED POSITIVE (QoQ)",
      "detail": "Op margin: -7.5% -> +1.7%",
      "severity": "HIGH"
    },
    {
      "quarter": "2023-03 (Q1)",
      "signal": "YoY REVENUE GROWTH DECELERATION",
      "detail": "YoY growth: +12.1% vs prior quarter YoY: +21.1% (decel: -9.0%)",
      "severity": "WARNING"
    },
    {
      "quarter": "2022-12 (Q4)",
      "signal": "FCF MARGIN EXPANSION",
      "detail": "FCF margin: +3.9% -> +12.8% (+8.9%)",
      "severity": "MEDIUM"
    },
    {
      "quarter": "2022-12 (Q4)",
      "signal": "YoY REVENUE GROWTH DECELERATION",
      "detail": "YoY growth: +21.1% vs prior quarter YoY: +40.1% (decel: -19.0%)",
      "severity": "WARNING"
    },
    {
      "quarter": "2022-09 (Q3)",
      "signal": "GROSS MARGIN INFLECTION",
      "detail": "GM: +37.5% -> +37.3% -> +40.3% (reversal +2.9%)",
      "severity": "MEDIUM"
    },
    {
      "quarter": "2022-09 (Q3)",
      "signal": "YoY REVENUE GROWTH DECELERATION",
      "detail": "YoY growth: +40.1% vs prior quarter YoY: +62.2% (decel: -22.1%)",
      "severity": "WARNING"
    },
    {
      "quarter": "2022-06 (Q2)",
      "signal": "YoY REVENUE GROWTH DECELERATION",
      "detail": "YoY growth: +62.2% vs prior quarter YoY: +82.5% (decel: -20.3%)",
      "severity": "WARNING"
    },
    {
      "quarter": "2022-03 (Q1)",
      "signal": "FCF MARGIN EXPANSION",
      "detail": "FCF margin: +2.4% -> +11.0% (+8.6%)",
      "severity": "MEDIUM"
    },
    {
      "quarter": "2022-03 (Q1)",
      "signal": "YoY REVENUE GROWTH DECELERATION",
      "detail": "YoY growth: +82.5% vs prior quarter YoY: +120.9% (decel: -38.4%)",
      "severity": "WARNING"
    },
    {
      "quarter": "2022-03 (Q1)",
      "signal": "OP MARGIN TURNED POSITIVE (YoY)",
      "detail": "Op margin: -4.5% (year-ago) -> +0.3%",
      "severity": "HIGH"
    },
    {
      "quarter": "2022-03 (Q1)",
      "signal": "OP MARGIN TURNED POSITIVE (QoQ)",
      "detail": "Op margin: -2.3% -> +0.3%",
      "severity": "HIGH"
    },
    {
      "quarter": "2021-09 (Q3)",
      "signal": "FCF MARGIN EXPANSION",
      "detail": "FCF margin: +5.3% -> +12.0% (+6.7%)",
      "severity": "MEDIUM"
    },
    {
      "quarter": "2021-06 (Q2)",
      "signal": "OPERATING LEVERAGE",
      "detail": "Rev growth +21.8% vs OpEx growth +7.6% (leverage: 2.9x)",
      "severity": "MEDIUM"
    },
    {
      "quarter": "2021-06 (Q2)",
      "signal": "GROSS MARGIN INFLECTION",
      "detail": "GM: +40.7% -> +39.2% -> +41.5% (reversal +2.3%)",
      "severity": "MEDIUM"
    },
    {
      "quarter": "2021-06 (Q2)",
      "signal": "OP MARGIN TURNED POSITIVE (QoQ)",
      "detail": "Op margin: -4.5% -> +2.9%",
      "severity": "HIGH"
    },
    {
      "quarter": "2021-03 (Q1)",
      "signal": "OPERATING LEVERAGE",
      "detail": "Rev growth +29.9% vs OpEx growth +8.2% (leverage: 3.6x)",
      "severity": "MEDIUM"
    }
  ],
  "data_quality": {
    "n_quarters": 20,
    "coverage": {
      "revenue": [
        20,
        20
      ],
      "gross_profit": [
        20,
        20
      ],
      "op_income": [
        20,
        20
      ],
      "fcf": [
        20,
        20
      ]
    },
    "gaps": [],
    "warnings": []
  },
  "market_cap": null,
  "source": "SEC EDGAR",
  "last_updated": "2026-02-02T22:13:13.073929"
}