{
  "ticker": "GEF",
  "name": "GREIF, INC.",
  "quarters": [
    {
      "date": "2021-04-30T00:00:00",
      "quarter_label": "2021-04 (Q2)",
      "revenue": 1340600000,
      "gross_profit": 265900000,
      "operating_income": 200600000,
      "net_income": 149800000,
      "opex": 65300000,
      "cogs": 1074700000,
      "rd": null,
      "sga": 146800000,
      "fcf": 152300000,
      "ocf": 152300000,
      "capex": null,
      "gross_margin": 0.19834402506340446,
      "op_margin": 0.14963449201849918,
      "fcf_margin": 0.11360584812770401
    },
    {
      "date": "2021-07-31T00:00:00",
      "quarter_label": "2021-07 (Q3)",
      "revenue": 1490800000,
      "gross_profit": 318800000,
      "operating_income": 173100000,
      "net_income": 113000000,
      "opex": 145700000,
      "cogs": 1172000000,
      "rd": null,
      "sga": 142600000,
      "fcf": 94900000,
      "ocf": 94900000,
      "capex": null,
      "gross_margin": 0.2138449154816206,
      "op_margin": 0.11611215454789375,
      "fcf_margin": 0.0636570968607459,
      "op_leverage_ratio": 0.09099716247941259,
      "fcf_margin_change": -0.04994875126695811
    },
    {
      "date": "2021-10-31T00:00:00",
      "quarter_label": "2021-10 (Q4)",
      "revenue": 1578200000,
      "gross_profit": 296100000,
      "operating_income": 141500000,
      "net_income": 104500000,
      "opex": 154600000,
      "cogs": 1282100000,
      "rd": null,
      "sga": 142200000,
      "fcf": 137300000,
      "ocf": 137300000,
      "capex": null,
      "gross_margin": 0.1876188062349512,
      "op_margin": 0.08965910530984667,
      "fcf_margin": 0.08699784564693955,
      "op_leverage_ratio": 0.9597576747873852,
      "fcf_margin_change": 0.023340748786193646
    },
    {
      "date": "2022-01-31T00:00:00",
      "quarter_label": "2022-01 (Q1)",
      "revenue": 1564300000,
      "gross_profit": 289700000,
      "operating_income": 72000000,
      "net_income": 10300000,
      "opex": 217700000,
      "cogs": 1274600000,
      "rd": null,
      "sga": 151600000,
      "fcf": 22400000,
      "ocf": 22400000,
      "capex": null,
      "gross_margin": 0.18519465575656843,
      "op_margin": 0.04602697692258518,
      "fcf_margin": 0.014319503931470946,
      "fcf_margin_change": -0.07267834171546861
    },
    {
      "date": "2022-04-30T00:00:00",
      "quarter_label": "2022-04 (Q2)",
      "revenue": 1667300000,
      "gross_profit": 338700000,
      "operating_income": 190100000,
      "net_income": 125100000,
      "opex": 148600000,
      "cogs": 1328600000,
      "rd": null,
      "sga": 147400000,
      "fcf": 139200000,
      "ocf": 139200000,
      "capex": null,
      "gross_margin": 0.20314280573382115,
      "op_margin": 0.11401667366400768,
      "fcf_margin": 0.08348827445570683,
      "incr_op_margin_yoy": -0.03213957759412305,
      "rev_growth_yoy": 0.24369685215575115,
      "op_leverage_ratio": Infinity,
      "fcf_margin_change": 0.0691687705242359
    },
    {
      "date": "2022-07-31T00:00:00",
      "quarter_label": "2022-07 (Q3)",
      "revenue": 1622100000,
      "gross_profit": 346900000,
      "operating_income": 205700000,
      "net_income": 141800000,
      "opex": 141200000,
      "cogs": 1275200000,
      "rd": null,
      "sga": 141600000,
      "fcf": 209300000,
      "ocf": 209300000,
      "capex": null,
      "gross_margin": 0.21385857838604277,
      "op_margin": 0.12681092411072067,
      "fcf_margin": 0.1290302694038592,
      "incr_op_margin_yoy": 0.24828636709824828,
      "rev_growth_yoy": 0.08807351757445667,
      "rev_growth_yoy_accel": -0.1556233345812945,
      "fcf_margin_change": 0.045541994948152364
    },
    {
      "date": "2022-10-31T00:00:00",
      "quarter_label": "2022-10 (Q4)",
      "revenue": 1495800000,
      "gross_profit": 310100000,
      "operating_income": 153400000,
      "net_income": 99500000,
      "opex": 156700000,
      "cogs": 1185700000,
      "rd": null,
      "sga": 140400000,
      "fcf": 286600000,
      "ocf": 286600000,
      "capex": null,
      "gross_margin": 0.2073138120069528,
      "op_margin": 0.1025538173552614,
      "fcf_margin": 0.19160315550207246,
      "incr_op_margin_yoy": -0.14441747572815533,
      "rev_growth_yoy": -0.05221138005322519,
      "rev_growth_yoy_accel": -0.14028489762768187,
      "fcf_margin_change": 0.06257288609821327
    },
    {
      "date": "2023-01-31T00:00:00",
      "quarter_label": "2023-01 (Q1)",
      "revenue": 1271000000,
      "gross_profit": 251600000,
      "operating_income": 156400000,
      "net_income": 89900000,
      "opex": 95200000,
      "cogs": 1019400000,
      "rd": null,
      "sga": 139400000,
      "fcf": 32900000,
      "ocf": 32900000,
      "capex": null,
      "gross_margin": 0.1979543666404406,
      "op_margin": 0.12305271439811172,
      "fcf_margin": 0.025885129819040127,
      "incr_op_margin_yoy": -0.2877599727241732,
      "rev_growth_yoy": -0.1874960046026977,
      "rev_growth_yoy_accel": -0.1352846245494725,
      "fcf_margin_change": -0.16571802568303234
    },
    {
      "date": "2023-04-30T00:00:00",
      "quarter_label": "2023-04 (Q2)",
      "revenue": 1308900000,
      "gross_profit": 311800000,
      "operating_income": 181100000,
      "net_income": 111200000,
      "opex": 130700000,
      "cogs": 997100000,
      "rd": null,
      "sga": 137200000,
      "fcf": 210800000,
      "ocf": 210800000,
      "capex": null,
      "gross_margin": 0.23821529528611812,
      "op_margin": 0.13836045534418215,
      "fcf_margin": 0.16105126442050577,
      "incr_op_margin_yoy": 0.025111607142857144,
      "rev_growth_yoy": -0.21495831583998082,
      "rev_growth_yoy_accel": -0.027462311237283127,
      "op_leverage_ratio": 0.0799654259150497,
      "fcf_margin_change": 0.13516613460146565
    },
    {
      "date": "2023-07-31T00:00:00",
      "quarter_label": "2023-07 (Q3)",
      "revenue": 1330300000,
      "gross_profit": 307000000,
      "operating_income": 155600000,
      "net_income": 90300000,
      "opex": 151400000,
      "cogs": 1023300000,
      "rd": null,
      "sga": 135700000,
      "fcf": 202300000,
      "ocf": 202300000,
      "capex": null,
      "gross_margin": 0.23077501315492746,
      "op_margin": 0.1169660978726603,
      "fcf_margin": 0.15207096143726978,
      "incr_op_margin_yoy": 0.1716929403701165,
      "rev_growth_yoy": -0.17989026570495037,
      "rev_growth_yoy_accel": 0.03506805013503045,
      "op_leverage_ratio": 0.10323157365977921,
      "fcf_margin_change": -0.008980302983235988
    },
    {
      "date": "2023-10-31T00:00:00",
      "quarter_label": "2023-10 (Q4)",
      "revenue": 1308400000,
      "gross_profit": 275700000,
      "operating_income": 112400000,
      "net_income": 67800000,
      "opex": 163300000,
      "cogs": 1032700000,
      "rd": null,
      "sga": 136800000,
      "fcf": 203500000,
      "ocf": 203500000,
      "capex": null,
      "gross_margin": 0.21071537756037909,
      "op_margin": 0.08590645062671966,
      "fcf_margin": 0.15553347600122286,
      "incr_op_margin_yoy": 0.21878335112059766,
      "rev_growth_yoy": -0.1252841288942372,
      "rev_growth_yoy_accel": 0.05460613681071316,
      "fcf_margin_change": 0.0034625145639530786
    },
    {
      "date": "2024-01-31T00:00:00",
      "quarter_label": "2024-01 (Q1)",
      "revenue": 1205800000,
      "gross_profit": 221600000,
      "operating_income": 68900000,
      "net_income": 67200000,
      "opex": 152700000,
      "cogs": 984200000,
      "rd": null,
      "sga": 145800000,
      "fcf": 4500000,
      "ocf": 4500000,
      "capex": null,
      "gross_margin": 0.18377840437883564,
      "op_margin": 0.05714048764305855,
      "fcf_margin": 0.0037319621827832145,
      "incr_op_margin_yoy": 1.3420245398773005,
      "rev_growth_yoy": -0.05129819040125885,
      "rev_growth_yoy_accel": 0.07398593849297835,
      "fcf_margin_change": -0.15180151381843965
    },
    {
      "date": "2024-04-30T00:00:00",
      "quarter_label": "2024-04 (Q2)",
      "revenue": 1371000000,
      "gross_profit": 270100000,
      "operating_income": 98100000,
      "net_income": 44400000,
      "opex": 172000000,
      "cogs": 1100900000,
      "rd": null,
      "sga": 167200000,
      "fcf": 87500000,
      "ocf": 87500000,
      "capex": null,
      "gross_margin": 0.19700948212983224,
      "op_margin": 0.07155361050328228,
      "fcf_margin": 0.0638220277169949,
      "incr_op_margin_yoy": -1.3365539452495974,
      "rev_growth_yoy": 0.04744441897776759,
      "rev_growth_yoy_accel": 0.09874260937902644,
      "op_leverage_ratio": 1.0839680748575322,
      "fcf_margin_change": 0.06009006553421168
    },
    {
      "date": "2024-07-31T00:00:00",
      "quarter_label": "2024-07 (Q3)",
      "revenue": 1454200000,
      "gross_profit": 290400000,
      "operating_income": 171000000,
      "net_income": 87100000,
      "opex": 119400000,
      "cogs": 1163800000,
      "rd": null,
      "sga": 164000000,
      "fcf": 76800000,
      "ocf": 76800000,
      "capex": null,
      "gross_margin": 0.19969742813918306,
      "op_margin": 0.11759042772658507,
      "fcf_margin": 0.0528125429789575,
      "incr_op_margin_yoy": 0.12429378531073447,
      "rev_growth_yoy": 0.09313688641659776,
      "rev_growth_yoy_accel": 0.04569246743883017,
      "op_leverage_ratio": Infinity,
      "fcf_margin_change": -0.011009484738037395
    },
    {
      "date": "2024-10-31T00:00:00",
      "quarter_label": "2024-10 (Q4)",
      "revenue": 1107000000,
      "gross_profit": 227900000,
      "operating_income": 77300000,
      "net_income": 70100000,
      "opex": 150600000,
      "cogs": 879100000,
      "rd": null,
      "sga": 146300000,
      "fcf": 187200000,
      "ocf": 187200000,
      "capex": null,
      "gross_margin": 0.2058717253839205,
      "op_margin": 0.06982836495031616,
      "fcf_margin": 0.16910569105691056,
      "incr_op_margin_yoy": 0.17428003972194636,
      "rev_growth_yoy": -0.1539284622439621,
      "rev_growth_yoy_accel": -0.24706534866055985,
      "fcf_margin_change": 0.11629314807795306
    },
    {
      "date": "2024-12-31T00:00:00",
      "quarter_label": "2024-12 (Q4)",
      "revenue": 1016700000,
      "gross_profit": 199400000,
      "operating_income": 34100000,
      "net_income": 22000000,
      "opex": 165300000,
      "cogs": 817300000,
      "rd": null,
      "sga": 160200000,
      "fcf": 16600000,
      "ocf": 16600000,
      "capex": null,
      "gross_margin": 0.19612471722238614,
      "op_margin": 0.033539883938231534,
      "fcf_margin": 0.016327333530048196,
      "incr_op_margin_yoy": 0.18402961396086726,
      "rev_growth_yoy": -0.15682534416984575,
      "rev_growth_yoy_accel": -0.0028968819258836653,
      "fcf_margin_change": -0.15277835752686236
    },
    {
      "date": "2025-01-31T00:00:00",
      "quarter_label": "2025-01 (Q1)",
      "revenue": 1265800000,
      "gross_profit": 245500000,
      "operating_income": 59900000,
      "net_income": 8600000,
      "opex": 185600000,
      "cogs": 1020300000,
      "rd": null,
      "sga": 167700000,
      "fcf": -30800000,
      "ocf": -30800000,
      "capex": null,
      "gross_margin": 0.19394849107283932,
      "op_margin": 0.04732185179333228,
      "fcf_margin": -0.02433243798388371,
      "incr_op_margin_yoy": -0.15,
      "rev_growth_yoy": 0.049759495770442856,
      "rev_growth_yoy_accel": 0.20658483994028862,
      "op_leverage_ratio": 1.995068077393247,
      "fcf_margin_change": -0.04065977151393191
    },
    {
      "date": "2025-04-30T00:00:00",
      "quarter_label": "2025-04 (Q2)",
      "revenue": 1385700000,
      "gross_profit": 319500000,
      "operating_income": 118600000,
      "net_income": 47300000,
      "opex": 200900000,
      "cogs": 1066200000,
      "rd": null,
      "sga": 172600000,
      "fcf": 136400000,
      "ocf": 136400000,
      "capex": null,
      "gross_margin": 0.23056938731327128,
      "op_margin": 0.08558851122176517,
      "fcf_margin": 0.09843400447427293,
      "incr_op_margin_yoy": 1.3945578231292517,
      "rev_growth_yoy": 0.010722100656455142,
      "rev_growth_yoy_accel": -0.03903739511398771,
      "op_leverage_ratio": 1.1490545130465943,
      "fcf_margin_change": 0.12276644245815664
    },
    {
      "date": "2025-07-31T00:00:00",
      "quarter_label": "2025-07 (Q3)",
      "revenue": 1134700000,
      "gross_profit": 257300000,
      "operating_income": 73100000,
      "net_income": 64000000,
      "opex": 184200000,
      "cogs": 877400000,
      "rd": null,
      "sga": 157000000,
      "fcf": 197700000,
      "ocf": 197700000,
      "capex": null,
      "gross_margin": 0.22675597074116507,
      "op_margin": 0.06442231426808848,
      "fcf_margin": 0.1742310742927646,
      "incr_op_margin_yoy": 0.30641627543035993,
      "rev_growth_yoy": -0.21970843075230367,
      "rev_growth_yoy_accel": -0.23043053140875883,
      "fcf_margin_change": 0.07579706981849167
    },
    {
      "date": "2025-12-31T00:00:00",
      "quarter_label": "2025-12 (Q4)",
      "revenue": 994800000,
      "gross_profit": 202600000,
      "operating_income": 256600000,
      "net_income": 174600000,
      "opex": -54000000,
      "cogs": 792200000,
      "rd": null,
      "sga": 146100000,
      "fcf": -24400000,
      "ocf": -24400000,
      "capex": null,
      "gross_margin": 0.20365902694008847,
      "op_margin": 0.25794129473260957,
      "fcf_margin": -0.024527543224768796,
      "incr_op_margin_yoy": -10.159817351598173,
      "rev_growth_yoy": -0.02154027736795515,
      "rev_growth_yoy_accel": 0.1981681533843485,
      "fcf_margin_change": -0.1987586175175334
    }
  ],
  "signals": [
    {
      "quarter": "2025-12 (Q4)",
      "signal": "YoY REVENUE GROWTH ACCELERATION",
      "detail": "YoY growth: -2.2% vs prior quarter YoY: -22.0% (accel: +19.8%)",
      "severity": "HIGH"
    },
    {
      "quarter": "2025-07 (Q3)",
      "signal": "FCF MARGIN EXPANSION",
      "detail": "FCF margin: +9.8% -> +17.4% (+7.6%)",
      "severity": "MEDIUM"
    },
    {
      "quarter": "2025-07 (Q3)",
      "signal": "YoY REVENUE GROWTH DECELERATION",
      "detail": "YoY growth: -22.0% vs prior quarter YoY: +1.1% (decel: -23.0%)",
      "severity": "WARNING"
    },
    {
      "quarter": "2025-07 (Q3)",
      "signal": "INCREMENTAL MARGIN (YoY)",
      "detail": "YoY Incr OPM: +30.6% vs year-ago OPM: +11.8%",
      "severity": "MEDIUM"
    },
    {
      "quarter": "2025-04 (Q2)",
      "signal": "FCF TURNED POSITIVE",
      "detail": "FCF margin: -2.4% -> +9.8%",
      "severity": "HIGH"
    },
    {
      "quarter": "2025-04 (Q2)",
      "signal": "GROSS MARGIN INFLECTION",
      "detail": "GM: +19.6% -> +19.4% -> +23.1% (reversal +3.7%)",
      "severity": "MEDIUM"
    },
    {
      "quarter": "2025-04 (Q2)",
      "signal": "INCREMENTAL MARGIN (YoY)",
      "detail": "YoY Incr OPM: +139.5% vs year-ago OPM: +7.2%",
      "severity": "HIGH"
    },
    {
      "quarter": "2025-01 (Q1)",
      "signal": "OPERATING LEVERAGE",
      "detail": "Rev growth +24.5% vs OpEx growth +12.3% (leverage: 2.0x)",
      "severity": "MEDIUM"
    },
    {
      "quarter": "2025-01 (Q1)",
      "signal": "YoY REVENUE GROWTH ACCELERATION",
      "detail": "YoY growth: +5.0% vs prior quarter YoY: -15.7% (accel: +20.7%)",
      "severity": "HIGH"
    },
    {
      "quarter": "2024-12 (Q4)",
      "signal": "INCREMENTAL MARGIN (YoY)",
      "detail": "YoY Incr OPM: +18.4% vs year-ago OPM: +5.7%",
      "severity": "MEDIUM"
    },
    {
      "quarter": "2024-10 (Q4)",
      "signal": "FCF MARGIN EXPANSION",
      "detail": "FCF margin: +5.3% -> +16.9% (+11.6%)",
      "severity": "MEDIUM"
    },
    {
      "quarter": "2024-10 (Q4)",
      "signal": "YoY REVENUE GROWTH DECELERATION",
      "detail": "YoY growth: -15.4% vs prior quarter YoY: +9.3% (decel: -24.7%)",
      "severity": "WARNING"
    },
    {
      "quarter": "2024-04 (Q2)",
      "signal": "FCF MARGIN EXPANSION",
      "detail": "FCF margin: +0.4% -> +6.4% (+6.0%)",
      "severity": "MEDIUM"
    },
    {
      "quarter": "2024-04 (Q2)",
      "signal": "YoY REVENUE GROWTH ACCELERATION",
      "detail": "YoY growth: +4.7% vs prior quarter YoY: -5.1% (accel: +9.9%)",
      "severity": "MEDIUM"
    },
    {
      "quarter": "2024-01 (Q1)",
      "signal": "YoY REVENUE GROWTH ACCELERATION",
      "detail": "YoY growth: -5.1% vs prior quarter YoY: -12.5% (accel: +7.4%)",
      "severity": "MEDIUM"
    },
    {
      "quarter": "2024-01 (Q1)",
      "signal": "INCREMENTAL MARGIN (YoY)",
      "detail": "YoY Incr OPM: +134.2% vs year-ago OPM: +12.3%",
      "severity": "HIGH"
    },
    {
      "quarter": "2023-10 (Q4)",
      "signal": "YoY REVENUE GROWTH ACCELERATION",
      "detail": "YoY growth: -12.5% vs prior quarter YoY: -18.0% (accel: +5.5%)",
      "severity": "MEDIUM"
    },
    {
      "quarter": "2023-10 (Q4)",
      "signal": "INCREMENTAL MARGIN (YoY)",
      "detail": "YoY Incr OPM: +21.9% vs year-ago OPM: +10.3%",
      "severity": "MEDIUM"
    },
    {
      "quarter": "2023-04 (Q2)",
      "signal": "FCF MARGIN EXPANSION",
      "detail": "FCF margin: +2.6% -> +16.1% (+13.5%)",
      "severity": "MEDIUM"
    },
    {
      "quarter": "2023-04 (Q2)",
      "signal": "GROSS MARGIN INFLECTION",
      "detail": "GM: +20.7% -> +19.8% -> +23.8% (reversal +4.0%)",
      "severity": "MEDIUM"
    },
    {
      "quarter": "2023-01 (Q1)",
      "signal": "YoY REVENUE GROWTH DECELERATION",
      "detail": "YoY growth: -18.7% vs prior quarter YoY: -5.2% (decel: -13.5%)",
      "severity": "WARNING"
    },
    {
      "quarter": "2022-10 (Q4)",
      "signal": "FCF MARGIN EXPANSION",
      "detail": "FCF margin: +12.9% -> +19.2% (+6.3%)",
      "severity": "MEDIUM"
    },
    {
      "quarter": "2022-10 (Q4)",
      "signal": "YoY REVENUE GROWTH DECELERATION",
      "detail": "YoY growth: -5.2% vs prior quarter YoY: +8.8% (decel: -14.0%)",
      "severity": "WARNING"
    },
    {
      "quarter": "2022-07 (Q3)",
      "signal": "YoY REVENUE GROWTH DECELERATION",
      "detail": "YoY growth: +8.8% vs prior quarter YoY: +24.4% (decel: -15.6%)",
      "severity": "WARNING"
    },
    {
      "quarter": "2022-07 (Q3)",
      "signal": "INCREMENTAL MARGIN (YoY)",
      "detail": "YoY Incr OPM: +24.8% vs year-ago OPM: +11.6%",
      "severity": "MEDIUM"
    },
    {
      "quarter": "2022-04 (Q2)",
      "signal": "FCF MARGIN EXPANSION",
      "detail": "FCF margin: +1.4% -> +8.3% (+6.9%)",
      "severity": "MEDIUM"
    }
  ],
  "data_quality": {
    "n_quarters": 20,
    "coverage": {
      "revenue": [
        20,
        20
      ],
      "gross_profit": [
        20,
        20
      ],
      "op_income": [
        20,
        20
      ],
      "fcf": [
        20,
        20
      ]
    },
    "gaps": [
      [
        "2025-07 (Q3)",
        "2025-12 (Q4)",
        153
      ]
    ],
    "warnings": [
      "gap: 1Q missing between 2025-07 (Q3) and 2025-12 (Q4)"
    ]
  },
  "market_cap": null,
  "source": "SEC EDGAR",
  "last_updated": "2026-02-02T21:11:04.366126"
}