{
  "ticker": "GEN",
  "name": "Gen Digital Inc.",
  "sector": "Technology",
  "industry": "Software - Infrastructure",
  "quarters": [
    {
      "date": "2021-04-02T00:00:00",
      "quarter_label": "2021-04 (Q2)",
      "revenue": 672000000,
      "gross_profit": 573000000,
      "operating_income": 266000000,
      "net_income": 194000000,
      "opex": 307000000,
      "cogs": 99000000,
      "rd": 68000000,
      "sga": null,
      "fcf": 355000000,
      "ocf": 356000000,
      "capex": -1000000,
      "gross_margin": 0.8526785714285714,
      "op_margin": 0.3958333333333333,
      "fcf_margin": 0.5282738095238095
    },
    {
      "date": "2021-07-02T00:00:00",
      "quarter_label": "2021-07 (Q3)",
      "revenue": 686000000,
      "gross_profit": 584000000,
      "operating_income": 287000000,
      "net_income": 181000000,
      "opex": 297000000,
      "cogs": 102000000,
      "rd": 68000000,
      "sga": null,
      "fcf": 257000000,
      "ocf": 258000000,
      "capex": -1000000,
      "gross_margin": 0.8513119533527697,
      "op_margin": 0.41836734693877553,
      "fcf_margin": 0.3746355685131195,
      "op_leverage_ratio": null,
      "fcf_margin_change": -0.15363824101069
    },
    {
      "date": "2021-10-01T00:00:00",
      "quarter_label": "2021-10 (Q4)",
      "revenue": 692000000,
      "gross_profit": 592000000,
      "operating_income": 287000000,
      "net_income": 333000000,
      "opex": 305000000,
      "cogs": 100000000,
      "rd": 66000000,
      "sga": null,
      "fcf": 59000000,
      "ocf": 60000000,
      "capex": -1000000,
      "gross_margin": 0.8554913294797688,
      "op_margin": 0.4147398843930636,
      "fcf_margin": 0.08526011560693642,
      "fcf_margin_change": -0.2893754529061831
    },
    {
      "date": "2021-12-31T00:00:00",
      "quarter_label": "2021-12 (Q4)",
      "revenue": 702000000,
      "gross_profit": 597000000,
      "operating_income": 302000000,
      "net_income": 202000000,
      "opex": 295000000,
      "cogs": 105000000,
      "rd": 60000000,
      "sga": null,
      "fcf": 328000000,
      "ocf": 330000000,
      "capex": -2000000,
      "gross_margin": 0.8504273504273504,
      "op_margin": 0.4301994301994302,
      "fcf_margin": 0.4672364672364672,
      "op_leverage_ratio": null,
      "fcf_margin_change": 0.3819763516295308
    },
    {
      "date": "2022-04-01T00:00:00",
      "quarter_label": "2022-04 (Q2)",
      "revenue": 716000000,
      "gross_profit": 615000000,
      "operating_income": 129000000,
      "net_income": 120000000,
      "opex": 486000000,
      "cogs": 101000000,
      "rd": 59000000,
      "sga": null,
      "fcf": 324000000,
      "ocf": 326000000,
      "capex": -2000000,
      "gross_margin": 0.8589385474860335,
      "op_margin": 0.18016759776536312,
      "fcf_margin": 0.45251396648044695,
      "incr_op_margin_yoy": -3.1136363636363638,
      "rev_growth_yoy": 0.06547619047619048,
      "op_leverage_ratio": 0.03080204650885279,
      "fcf_margin_change": -0.014722500756020274
    },
    {
      "date": "2022-07-01T00:00:00",
      "quarter_label": "2022-07 (Q3)",
      "revenue": 27000000,
      "gross_profit": 605000000,
      "operating_income": 261000000,
      "net_income": 200000000,
      "opex": 344000000,
      "cogs": 102000000,
      "rd": 61000000,
      "sga": null,
      "fcf": 213000000,
      "ocf": 215000000,
      "capex": -2000000,
      "gross_margin": 22.40740740740741,
      "op_margin": 9.666666666666666,
      "fcf_margin": 7.888888888888889,
      "incr_op_margin_yoy": 0.03945371775417299,
      "rev_growth_yoy": -0.9606413994169096,
      "rev_growth_yoy_accel": -1.0261175898931,
      "fcf_margin_change": 7.436374922408442
    },
    {
      "date": "2022-09-30T00:00:00",
      "quarter_label": "2022-09 (Q3)",
      "revenue": 748000000,
      "gross_profit": 629000000,
      "operating_income": 241000000,
      "net_income": 69000000,
      "opex": 388000000,
      "cogs": 119000000,
      "rd": 73000000,
      "sga": null,
      "fcf": -90000000,
      "ocf": -88000000,
      "capex": -2000000,
      "gross_margin": 0.8409090909090909,
      "op_margin": 0.32219251336898397,
      "fcf_margin": -0.12032085561497326,
      "incr_op_margin_yoy": -0.8214285714285714,
      "rev_growth_yoy": 0.08092485549132948,
      "rev_growth_yoy_accel": 1.0415662549082392,
      "op_leverage_ratio": 208.77441077441077,
      "fcf_margin_change": -8.009209744503863
    },
    {
      "date": "2022-12-30T00:00:00",
      "quarter_label": "2022-12 (Q4)",
      "revenue": 936000000,
      "gross_profit": 758000000,
      "operating_income": 368000000,
      "net_income": 165000000,
      "opex": 390000000,
      "cogs": 178000000,
      "rd": 91000000,
      "sga": null,
      "fcf": 305000000,
      "ocf": 306000000,
      "capex": -1000000,
      "gross_margin": 0.8098290598290598,
      "op_margin": 0.39316239316239315,
      "fcf_margin": 0.32585470085470086,
      "incr_op_margin_yoy": 0.28205128205128205,
      "rev_growth_yoy": 0.3333333333333333,
      "rev_growth_yoy_accel": 0.2524084778420038,
      "op_leverage_ratio": 48.75935828877005,
      "fcf_margin_change": 0.4461755564696741
    },
    {
      "date": "2023-03-31T00:00:00",
      "quarter_label": "2023-03 (Q1)",
      "revenue": 947000000,
      "gross_profit": 757000000,
      "operating_income": 357000000,
      "net_income": 915000000,
      "opex": 400000000,
      "cogs": 190000000,
      "rd": 88000000,
      "sga": null,
      "fcf": 323000000,
      "ocf": 324000000,
      "capex": -1000000,
      "gross_margin": 0.7993664202745512,
      "op_margin": 0.37697993664202745,
      "fcf_margin": 0.34107708553326294,
      "incr_op_margin_yoy": 0.987012987012987,
      "rev_growth_yoy": 0.3226256983240223,
      "rev_growth_yoy_accel": -0.01070763500931099,
      "op_leverage_ratio": 0.45833333333333337,
      "fcf_margin_change": 0.015222384678562073
    },
    {
      "date": "2023-06-30T00:00:00",
      "quarter_label": "2023-06 (Q2)",
      "revenue": 946000000,
      "gross_profit": 767000000,
      "operating_income": 362000000,
      "net_income": 189000000,
      "opex": 405000000,
      "cogs": 179000000,
      "rd": 90000000,
      "sga": null,
      "fcf": 222000000,
      "ocf": 226000000,
      "capex": -4000000,
      "gross_margin": 0.8107822410147991,
      "op_margin": 0.38266384778012685,
      "fcf_margin": 0.2346723044397463,
      "incr_op_margin_yoy": 0.10990206746463548,
      "rev_growth_yoy": 34.03703703703704,
      "rev_growth_yoy_accel": 33.71441133871301,
      "fcf_margin_change": -0.10640478109351664
    },
    {
      "date": "2023-09-29T00:00:00",
      "quarter_label": "2023-09 (Q3)",
      "revenue": 948000000,
      "gross_profit": 768000000,
      "operating_income": 25000000,
      "net_income": 149000000,
      "opex": 743000000,
      "cogs": 180000000,
      "rd": 85000000,
      "sga": null,
      "fcf": 120000000,
      "ocf": 125000000,
      "capex": -5000000,
      "gross_margin": 0.810126582278481,
      "op_margin": 0.026371308016877638,
      "fcf_margin": 0.12658227848101267,
      "incr_op_margin_yoy": -1.08,
      "rev_growth_yoy": 0.26737967914438504,
      "rev_growth_yoy_accel": -33.769657357892655,
      "fcf_margin_change": -0.10809002595873363
    },
    {
      "date": "2023-12-29T00:00:00",
      "quarter_label": "2023-12 (Q4)",
      "revenue": 951000000,
      "gross_profit": 769000000,
      "operating_income": 335000000,
      "net_income": 144000000,
      "opex": 434000000,
      "cogs": 182000000,
      "rd": 77000000,
      "sga": null,
      "fcf": 307000000,
      "ocf": 315000000,
      "capex": -8000000,
      "gross_margin": 0.8086225026288117,
      "op_margin": 0.352260778128286,
      "fcf_margin": 0.3228180862250263,
      "incr_op_margin_yoy": -2.2,
      "rev_growth_yoy": 0.016025641025641024,
      "rev_growth_yoy_accel": -0.251354038118744,
      "fcf_margin_change": 0.1962358077440136
    },
    {
      "date": "2024-03-29T00:00:00",
      "quarter_label": "2024-03 (Q1)",
      "revenue": 967000000,
      "gross_profit": 777000000,
      "operating_income": 400000000,
      "net_income": 134000000,
      "opex": 377000000,
      "cogs": 190000000,
      "rd": 80000000,
      "sga": null,
      "fcf": 1395000000,
      "ocf": 1398000000,
      "capex": -3000000,
      "gross_margin": 0.8035160289555325,
      "op_margin": 0.4136504653567735,
      "fcf_margin": 1.4426059979317476,
      "incr_op_margin_yoy": 2.15,
      "rev_growth_yoy": 0.021119324181626188,
      "rev_growth_yoy_accel": 0.005093683155985164,
      "op_leverage_ratio": null,
      "fcf_margin_change": 1.1197879117067213
    },
    {
      "date": "2024-06-28T00:00:00",
      "quarter_label": "2024-06 (Q2)",
      "revenue": 965000000,
      "gross_profit": 775000000,
      "operating_income": 417000000,
      "net_income": 181000000,
      "opex": 358000000,
      "cogs": 190000000,
      "rd": 81000000,
      "sga": null,
      "fcf": 262000000,
      "ocf": 264000000,
      "capex": -2000000,
      "gross_margin": 0.8031088082901554,
      "op_margin": 0.43212435233160623,
      "fcf_margin": 0.27150259067357513,
      "incr_op_margin_yoy": 2.8947368421052633,
      "rev_growth_yoy": 0.0200845665961945,
      "rev_growth_yoy_accel": -0.0010347575854316865,
      "fcf_margin_change": -1.1711034072581725
    },
    {
      "date": "2024-09-27T00:00:00",
      "quarter_label": "2024-09 (Q3)",
      "revenue": 974000000,
      "gross_profit": 780000000,
      "operating_income": 402000000,
      "net_income": 161000000,
      "opex": 378000000,
      "cogs": 194000000,
      "rd": 83000000,
      "sga": null,
      "fcf": 156000000,
      "ocf": 158000000,
      "capex": -2000000,
      "gross_margin": 0.8008213552361396,
      "op_margin": 0.4127310061601643,
      "fcf_margin": 0.1601642710472279,
      "incr_op_margin_yoy": 14.5,
      "rev_growth_yoy": 0.027426160337552744,
      "rev_growth_yoy_accel": 0.007341593741358243,
      "fcf_margin_change": -0.11133831962634722
    },
    {
      "date": "2024-12-27T00:00:00",
      "quarter_label": "2024-12 (Q4)",
      "revenue": 986000000,
      "gross_profit": 793000000,
      "operating_income": 374000000,
      "net_income": 159000000,
      "opex": 419000000,
      "cogs": 193000000,
      "rd": 84000000,
      "sga": null,
      "fcf": 318000000,
      "ocf": 326000000,
      "capex": -8000000,
      "gross_margin": 0.8042596348884381,
      "op_margin": 0.3793103448275862,
      "fcf_margin": 0.3225152129817444,
      "incr_op_margin_yoy": 1.1142857142857143,
      "rev_growth_yoy": 0.03680336487907466,
      "rev_growth_yoy_accel": 0.009377204541521914,
      "op_leverage_ratio": 0.1135874192417489,
      "fcf_margin_change": 0.1623509419345165
    },
    {
      "date": "2025-03-28T00:00:00",
      "quarter_label": "2025-03 (Q1)",
      "revenue": 1010000000,
      "gross_profit": 811000000,
      "operating_income": 417000000,
      "net_income": 142000000,
      "opex": 394000000,
      "cogs": 199000000,
      "rd": 81000000,
      "sga": null,
      "fcf": 470000000,
      "ocf": 473000000,
      "capex": -3000000,
      "gross_margin": 0.802970297029703,
      "op_margin": 0.41287128712871285,
      "fcf_margin": 0.46534653465346537,
      "incr_op_margin_yoy": 0.3953488372093023,
      "rev_growth_yoy": 0.04446742502585315,
      "rev_growth_yoy_accel": 0.0076640601467784925,
      "op_leverage_ratio": null,
      "fcf_margin_change": 0.14283132167172097
    },
    {
      "date": "2025-07-04T00:00:00",
      "quarter_label": "2025-07 (Q3)",
      "revenue": 1257000000,
      "gross_profit": 990000000,
      "operating_income": 446000000,
      "net_income": 135000000,
      "opex": 544000000,
      "cogs": 267000000,
      "rd": 109000000,
      "sga": null,
      "fcf": 405000000,
      "ocf": 409000000,
      "capex": -4000000,
      "gross_margin": 0.7875894988066826,
      "op_margin": 0.35481304693715193,
      "fcf_margin": 0.3221957040572792,
      "incr_op_margin_yoy": 0.09931506849315068,
      "rev_growth_yoy": 0.30259067357512953,
      "rev_growth_yoy_accel": 0.2581232485492764,
      "op_leverage_ratio": 0.6423630363036303,
      "fcf_margin_change": -0.14315083059618616
    },
    {
      "date": "2025-10-03T00:00:00",
      "quarter_label": "2025-10 (Q4)",
      "revenue": 1220000000,
      "gross_profit": 954000000,
      "operating_income": 438000000,
      "net_income": 134000000,
      "opex": 516000000,
      "cogs": 266000000,
      "rd": 100000000,
      "sga": null,
      "fcf": 107000000,
      "ocf": 116000000,
      "capex": -9000000,
      "gross_margin": 0.7819672131147541,
      "op_margin": 0.3590163934426229,
      "fcf_margin": 0.08770491803278689,
      "incr_op_margin_yoy": 0.14634146341463414,
      "rev_growth_yoy": 0.25256673511293637,
      "rev_growth_yoy_accel": -0.05002393846219316,
      "fcf_margin_change": -0.2344907860244923
    },
    {
      "date": "2026-01-02T00:00:00",
      "quarter_label": "2026-01 (Q1)",
      "revenue": 1240000000,
      "gross_profit": 972000000,
      "operating_income": 433000000,
      "net_income": 192000000,
      "opex": 539000000,
      "cogs": 268000000,
      "rd": 96000000,
      "sga": null,
      "fcf": 535000000,
      "ocf": 541000000,
      "capex": -6000000,
      "gross_margin": 0.7838709677419354,
      "op_margin": 0.34919354838709676,
      "fcf_margin": 0.4314516129032258,
      "incr_op_margin_yoy": 0.23228346456692914,
      "rev_growth_yoy": 0.25760649087221094,
      "rev_growth_yoy_accel": 0.005039755759274567,
      "op_leverage_ratio": 0.3677833214540271,
      "fcf_margin_change": 0.3437466948704389
    }
  ],
  "signals": [
    {
      "quarter": "2026-01 (Q1)",
      "signal": "FCF MARGIN EXPANSION",
      "detail": "FCF margin: +8.8% -> +43.1% (+34.4%)",
      "severity": "MEDIUM"
    },
    {
      "quarter": "2025-10 (Q4)",
      "signal": "YoY REVENUE GROWTH DECELERATION",
      "detail": "YoY growth: +25.3% vs prior quarter YoY: +30.3% (decel: -5.0%)",
      "severity": "WARNING"
    },
    {
      "quarter": "2025-07 (Q3)",
      "signal": "YoY REVENUE GROWTH ACCELERATION",
      "detail": "YoY growth: +30.3% vs prior quarter YoY: +4.4% (accel: +25.8%)",
      "severity": "HIGH"
    },
    {
      "quarter": "2025-03 (Q1)",
      "signal": "FCF MARGIN EXPANSION",
      "detail": "FCF margin: +32.3% -> +46.5% (+14.3%)",
      "severity": "MEDIUM"
    },
    {
      "quarter": "2024-12 (Q4)",
      "signal": "FCF MARGIN EXPANSION",
      "detail": "FCF margin: +16.0% -> +32.3% (+16.2%)",
      "severity": "MEDIUM"
    },
    {
      "quarter": "2024-12 (Q4)",
      "signal": "INCREMENTAL MARGIN (YoY)",
      "detail": "YoY Incr OPM: +111.4% vs year-ago OPM: +35.2%",
      "severity": "HIGH"
    },
    {
      "quarter": "2024-09 (Q3)",
      "signal": "INCREMENTAL MARGIN (YoY)",
      "detail": "YoY Incr OPM: +1450.0% vs year-ago OPM: +2.6%",
      "severity": "HIGH"
    },
    {
      "quarter": "2024-06 (Q2)",
      "signal": "INCREMENTAL MARGIN (YoY)",
      "detail": "YoY Incr OPM: +289.5% vs year-ago OPM: +38.3%",
      "severity": "HIGH"
    },
    {
      "quarter": "2024-03 (Q1)",
      "signal": "FCF MARGIN EXPANSION",
      "detail": "FCF margin: +32.3% -> +144.3% (+112.0%)",
      "severity": "MEDIUM"
    },
    {
      "quarter": "2024-03 (Q1)",
      "signal": "INCREMENTAL MARGIN (YoY)",
      "detail": "YoY Incr OPM: +215.0% vs year-ago OPM: +37.7%",
      "severity": "HIGH"
    },
    {
      "quarter": "2023-12 (Q4)",
      "signal": "FCF MARGIN EXPANSION",
      "detail": "FCF margin: +12.7% -> +32.3% (+19.6%)",
      "severity": "MEDIUM"
    },
    {
      "quarter": "2023-12 (Q4)",
      "signal": "YoY REVENUE GROWTH DECELERATION",
      "detail": "YoY growth: +1.6% vs prior quarter YoY: +26.7% (decel: -25.1%)",
      "severity": "WARNING"
    },
    {
      "quarter": "2023-09 (Q3)",
      "signal": "YoY REVENUE GROWTH DECELERATION",
      "detail": "YoY growth: +26.7% vs prior quarter YoY: +3403.7% (decel: -3377.0%)",
      "severity": "WARNING"
    },
    {
      "quarter": "2023-06 (Q2)",
      "signal": "YoY REVENUE GROWTH ACCELERATION",
      "detail": "YoY growth: +3403.7% vs prior quarter YoY: +32.3% (accel: +3371.4%)",
      "severity": "HIGH"
    },
    {
      "quarter": "2023-03 (Q1)",
      "signal": "INCREMENTAL MARGIN (YoY)",
      "detail": "YoY Incr OPM: +98.7% vs year-ago OPM: +18.0%",
      "severity": "HIGH"
    },
    {
      "quarter": "2022-12 (Q4)",
      "signal": "FCF TURNED POSITIVE",
      "detail": "FCF margin: -12.0% -> +32.6%",
      "severity": "HIGH"
    },
    {
      "quarter": "2022-12 (Q4)",
      "signal": "OPERATING LEVERAGE",
      "detail": "Rev growth +25.1% vs OpEx growth +0.5% (leverage: 48.8x)",
      "severity": "MEDIUM"
    },
    {
      "quarter": "2022-12 (Q4)",
      "signal": "YoY REVENUE GROWTH ACCELERATION",
      "detail": "YoY growth: +33.3% vs prior quarter YoY: +8.1% (accel: +25.2%)",
      "severity": "HIGH"
    },
    {
      "quarter": "2022-09 (Q3)",
      "signal": "OPERATING LEVERAGE",
      "detail": "Rev growth +2670.4% vs OpEx growth +12.8% (leverage: 208.8x)",
      "severity": "MEDIUM"
    },
    {
      "quarter": "2022-09 (Q3)",
      "signal": "YoY REVENUE GROWTH ACCELERATION",
      "detail": "YoY growth: +8.1% vs prior quarter YoY: -96.1% (accel: +104.2%)",
      "severity": "HIGH"
    },
    {
      "quarter": "2022-07 (Q3)",
      "signal": "FCF MARGIN EXPANSION",
      "detail": "FCF margin: +45.3% -> +788.9% (+743.6%)",
      "severity": "MEDIUM"
    },
    {
      "quarter": "2022-07 (Q3)",
      "signal": "YoY REVENUE GROWTH DECELERATION",
      "detail": "YoY growth: -96.1% vs prior quarter YoY: +6.5% (decel: -102.6%)",
      "severity": "WARNING"
    },
    {
      "quarter": "2021-12 (Q4)",
      "signal": "FCF MARGIN EXPANSION",
      "detail": "FCF margin: +8.5% -> +46.7% (+38.2%)",
      "severity": "MEDIUM"
    }
  ],
  "data_quality": {
    "n_quarters": 20,
    "coverage": {
      "revenue": [
        20,
        20
      ],
      "gross_profit": [
        20,
        20
      ],
      "op_income": [
        20,
        20
      ],
      "fcf": [
        20,
        20
      ]
    },
    "gaps": [],
    "warnings": []
  },
  "market_cap": null,
  "source": "SEC EDGAR",
  "last_updated": "2026-02-09T19:08:04.488462"
}