{
  "ticker": "GENC",
  "name": "GENCOR INDUSTRIES INC",
  "quarters": [
    {
      "date": "2020-12-31T00:00:00",
      "quarter_label": "2020-12 (Q4)",
      "revenue": 18964000,
      "gross_profit": 2981000,
      "operating_income": -1058000,
      "net_income": 1551000,
      "opex": 4039000,
      "cogs": 15983000,
      "rd": 845000,
      "sga": 3194000,
      "fcf": 3705000,
      "ocf": 3705000,
      "capex": null,
      "gross_margin": 0.1571925754060325,
      "op_margin": -0.05578991773887366,
      "fcf_margin": 0.19537017506855095
    },
    {
      "date": "2021-03-31T00:00:00",
      "quarter_label": "2021-03 (Q1)",
      "revenue": 21352000,
      "gross_profit": 6146000,
      "operating_income": 1239000,
      "net_income": 2288000,
      "opex": 4907000,
      "cogs": 15206000,
      "rd": 1069000,
      "sga": 3838000,
      "fcf": 5578000,
      "ocf": 5578000,
      "capex": null,
      "gross_margin": 0.28784188834769575,
      "op_margin": 0.05802735106781566,
      "fcf_margin": 0.26124016485575124,
      "op_leverage_ratio": 0.5859472276843732,
      "fcf_margin_change": 0.0658699897872003
    },
    {
      "date": "2021-06-30T00:00:00",
      "quarter_label": "2021-06 (Q2)",
      "revenue": 24919000,
      "gross_profit": 5605000,
      "operating_income": 1227000,
      "net_income": 2335000,
      "opex": 4378000,
      "cogs": 19314000,
      "rd": 1176000,
      "sga": 3202000,
      "fcf": -1153000,
      "ocf": -1153000,
      "capex": null,
      "gross_margin": 0.2249287692122477,
      "op_margin": 0.04923953609695413,
      "fcf_margin": -0.0462699145230547,
      "op_leverage_ratio": Infinity,
      "fcf_margin_change": -0.3075100793788059
    },
    {
      "date": "2021-09-30T00:00:00",
      "quarter_label": "2021-09 (Q3)",
      "revenue": 20043000,
      "gross_profit": 3447000,
      "operating_income": -706000,
      "net_income": -369000,
      "opex": 4153000,
      "cogs": 16596000,
      "rd": 1189000,
      "sga": 2964000,
      "fcf": -4310000,
      "ocf": -4310000,
      "capex": null,
      "gross_margin": 0.17198024247867086,
      "op_margin": -0.035224267824178014,
      "fcf_margin": -0.215037669011625,
      "fcf_margin_change": -0.1687677544885703
    },
    {
      "date": "2021-12-31T00:00:00",
      "quarter_label": "2021-12 (Q4)",
      "revenue": 20106000,
      "gross_profit": 3705000,
      "operating_income": -1043000,
      "net_income": -274000,
      "opex": 4748000,
      "cogs": 16401000,
      "rd": 1349000,
      "sga": 3399000,
      "fcf": -981000,
      "ocf": -981000,
      "capex": null,
      "gross_margin": 0.1842733512384363,
      "op_margin": -0.05187506217049637,
      "fcf_margin": -0.048791405550581916,
      "incr_op_margin_yoy": 0.013134851138353765,
      "rev_growth_yoy": 0.06021936300358574,
      "fcf_margin_change": 0.16624626346104307
    },
    {
      "date": "2022-03-31T00:00:00",
      "quarter_label": "2022-03 (Q1)",
      "revenue": 30654000,
      "gross_profit": 6192000,
      "operating_income": 1908000,
      "net_income": 439000,
      "opex": 4284000,
      "cogs": 24462000,
      "rd": 920000,
      "sga": 3364000,
      "fcf": 2026000,
      "ocf": 2026000,
      "capex": null,
      "gross_margin": 0.20199647680563712,
      "op_margin": 0.062243100411039344,
      "fcf_margin": 0.06609251647419587,
      "incr_op_margin_yoy": 0.07192001720060202,
      "rev_growth_yoy": 0.43565005620082425,
      "rev_growth_yoy_accel": 0.37543069319723854,
      "op_leverage_ratio": Infinity,
      "fcf_margin_change": 0.11488392202477779
    },
    {
      "date": "2022-06-30T00:00:00",
      "quarter_label": "2022-06 (Q2)",
      "revenue": 29647000,
      "gross_profit": 5679000,
      "operating_income": 2151000,
      "net_income": -1015000,
      "opex": 3528000,
      "cogs": 23968000,
      "rd": 951000,
      "sga": 2577000,
      "fcf": -2619000,
      "ocf": -2619000,
      "capex": null,
      "gross_margin": 0.19155395149593551,
      "op_margin": 0.07255371538435593,
      "fcf_margin": -0.08833946099099403,
      "incr_op_margin_yoy": 0.19543147208121828,
      "rev_growth_yoy": 0.1897347405594125,
      "rev_growth_yoy_accel": -0.24591531564141175,
      "fcf_margin_change": -0.15443197746518988
    },
    {
      "date": "2022-09-30T00:00:00",
      "quarter_label": "2022-09 (Q3)",
      "revenue": 23072000,
      "gross_profit": 4968000,
      "operating_income": 1150000,
      "net_income": 478000,
      "opex": 3818000,
      "cogs": 18104000,
      "rd": 1106000,
      "sga": 2712000,
      "fcf": -7561000,
      "ocf": -7561000,
      "capex": null,
      "gross_margin": 0.2153259361997226,
      "op_margin": 0.04984396671289875,
      "fcf_margin": -0.3277132454923717,
      "incr_op_margin_yoy": 0.6127434796962694,
      "rev_growth_yoy": 0.15112508107568728,
      "rev_growth_yoy_accel": -0.03860965948372522,
      "fcf_margin_change": -0.23937378450137764
    },
    {
      "date": "2022-12-31T00:00:00",
      "quarter_label": "2022-12 (Q4)",
      "revenue": 25825000,
      "gross_profit": 5815000,
      "operating_income": 2119000,
      "net_income": 3476000,
      "opex": 3696000,
      "cogs": 20010000,
      "rd": 897000,
      "sga": 2799000,
      "fcf": -2898000,
      "ocf": -2898000,
      "capex": null,
      "gross_margin": 0.22516940948693126,
      "op_margin": 0.08205227492739593,
      "fcf_margin": -0.11221684414327203,
      "incr_op_margin_yoy": 0.5528938625633852,
      "rev_growth_yoy": 0.28444245498856063,
      "rev_growth_yoy_accel": 0.13331737391287335,
      "op_leverage_ratio": Infinity,
      "fcf_margin_change": 0.21549640134909964
    },
    {
      "date": "2023-03-31T00:00:00",
      "quarter_label": "2023-03 (Q1)",
      "revenue": 30501000,
      "gross_profit": 9097000,
      "operating_income": 5161000,
      "net_income": 4873000,
      "opex": 3936000,
      "cogs": 21404000,
      "rd": 874000,
      "sga": 3062000,
      "fcf": 12953000,
      "ocf": 12953000,
      "capex": null,
      "gross_margin": 0.29825251631094063,
      "op_margin": 0.16920756696501754,
      "fcf_margin": 0.4246746008327596,
      "rev_growth_yoy": -0.0049911920140927775,
      "rev_growth_yoy_accel": -0.2894336470026534,
      "op_leverage_ratio": 2.7883988383349467,
      "fcf_margin_change": 0.5368914449760316
    },
    {
      "date": "2023-06-30T00:00:00",
      "quarter_label": "2023-06 (Q2)",
      "revenue": 27877000,
      "gross_profit": 7512000,
      "operating_income": 3453000,
      "net_income": 3212000,
      "opex": 4059000,
      "cogs": 20365000,
      "rd": 845000,
      "sga": 3214000,
      "fcf": -11704000,
      "ocf": -11704000,
      "capex": null,
      "gross_margin": 0.26946945510636006,
      "op_margin": 0.12386555224737239,
      "fcf_margin": -0.41984431610288053,
      "incr_op_margin_yoy": -0.735593220338983,
      "rev_growth_yoy": -0.05970249940972105,
      "rev_growth_yoy_accel": -0.05471130739562827,
      "fcf_margin_change": -0.8445189169356402
    },
    {
      "date": "2023-09-30T00:00:00",
      "quarter_label": "2023-09 (Q3)",
      "revenue": 20871000,
      "gross_profit": 6613000,
      "operating_income": 2692000,
      "net_income": 3105000,
      "opex": 3921000,
      "cogs": 14258000,
      "rd": 842000,
      "sga": 3079000,
      "fcf": 11845000,
      "ocf": 11845000,
      "capex": null,
      "gross_margin": 0.3168511331512625,
      "op_margin": 0.1289827990992286,
      "fcf_margin": 0.5675338987111302,
      "incr_op_margin_yoy": -0.700590640617901,
      "rev_growth_yoy": -0.09539701803051318,
      "rev_growth_yoy_accel": -0.03569451862079213,
      "fcf_margin_change": 0.9873782148140108
    },
    {
      "date": "2023-12-31T00:00:00",
      "quarter_label": "2023-12 (Q4)",
      "revenue": 26018000,
      "gross_profit": 7534000,
      "operating_income": 3383000,
      "net_income": 4326000,
      "opex": 4151000,
      "cogs": 18484000,
      "rd": 801000,
      "sga": 3350000,
      "fcf": 1894000,
      "ocf": 1894000,
      "capex": null,
      "gross_margin": 0.28956876008916904,
      "op_margin": 0.13002536705357828,
      "fcf_margin": 0.07279575678376508,
      "rev_growth_yoy": 0.007473378509196515,
      "rev_growth_yoy_accel": 0.1028703965397097,
      "op_leverage_ratio": 4.204166588547038,
      "fcf_margin_change": -0.49473814192736515
    },
    {
      "date": "2024-03-31T00:00:00",
      "quarter_label": "2024-03 (Q1)",
      "revenue": 40676000,
      "gross_profit": 12322000,
      "operating_income": 7072000,
      "net_income": 6222000,
      "opex": 5250000,
      "cogs": 28354000,
      "rd": 893000,
      "sga": 4357000,
      "fcf": 11666000,
      "ocf": 11666000,
      "capex": null,
      "gross_margin": 0.30293047497295705,
      "op_margin": 0.17386173665060478,
      "fcf_margin": 0.2868030288130593,
      "incr_op_margin_yoy": 0.18781326781326782,
      "rev_growth_yoy": 0.33359561981574376,
      "rev_growth_yoy_accel": 0.32612224130654727,
      "op_leverage_ratio": 2.127922707111637,
      "fcf_margin_change": 0.2140072720292942
    },
    {
      "date": "2024-06-30T00:00:00",
      "quarter_label": "2024-06 (Q2)",
      "revenue": 25551000,
      "gross_profit": 6107000,
      "operating_income": 1993000,
      "net_income": 2558000,
      "opex": 4114000,
      "cogs": 19444000,
      "rd": 824000,
      "sga": 3290000,
      "fcf": -1048000,
      "ocf": -1048000,
      "capex": null,
      "gross_margin": 0.23901217173496145,
      "op_margin": 0.07800086102305194,
      "fcf_margin": -0.041016007201283705,
      "incr_op_margin_yoy": 0.6276870163370594,
      "rev_growth_yoy": -0.08343795960827922,
      "rev_growth_yoy_accel": -0.41703357942402297,
      "fcf_margin_change": -0.32781903601434303
    },
    {
      "date": "2024-09-30T00:00:00",
      "quarter_label": "2024-09 (Q3)",
      "revenue": 20921000,
      "gross_profit": 5364000,
      "operating_income": 1239000,
      "net_income": 1452000,
      "opex": 4125000,
      "cogs": 15557000,
      "rd": 795000,
      "sga": 3330000,
      "fcf": -3221000,
      "ocf": -3221000,
      "capex": null,
      "gross_margin": 0.25639309784427133,
      "op_margin": 0.05922279049758616,
      "fcf_margin": -0.15396013574876918,
      "rev_growth_yoy": 0.0023956686311149443,
      "rev_growth_yoy_accel": 0.08583362823939417,
      "fcf_margin_change": -0.11294412854748548
    },
    {
      "date": "2024-12-31T00:00:00",
      "quarter_label": "2024-12 (Q4)",
      "revenue": 31416000,
      "gross_profit": 8668000,
      "operating_income": 4624000,
      "net_income": 3817000,
      "opex": 4044000,
      "cogs": 22748000,
      "rd": 677000,
      "sga": 3367000,
      "fcf": 14809000,
      "ocf": 14809000,
      "capex": null,
      "gross_margin": 0.2759103641456583,
      "op_margin": 0.1471861471861472,
      "fcf_margin": 0.471384008148714,
      "incr_op_margin_yoy": 0.22989996294924045,
      "rev_growth_yoy": 0.2074717503266969,
      "rev_growth_yoy_accel": 0.20507608169558195,
      "op_leverage_ratio": Infinity,
      "fcf_margin_change": 0.6253441438974832
    },
    {
      "date": "2025-03-31T00:00:00",
      "quarter_label": "2025-03 (Q1)",
      "revenue": 38204000,
      "gross_profit": 11353000,
      "operating_income": 6480000,
      "net_income": 6095000,
      "opex": 4873000,
      "cogs": 26851000,
      "rd": 681000,
      "sga": 4192000,
      "fcf": 12439000,
      "ocf": 12439000,
      "capex": null,
      "gross_margin": 0.29716783582870904,
      "op_margin": 0.16961574704219454,
      "fcf_margin": 0.3255941786200398,
      "incr_op_margin_yoy": 0.23948220064724918,
      "rev_growth_yoy": -0.060772937358639,
      "rev_growth_yoy_accel": -0.2682446876853359,
      "op_leverage_ratio": 1.0540168693862018,
      "fcf_margin_change": -0.1457898295286742
    },
    {
      "date": "2025-06-30T00:00:00",
      "quarter_label": "2025-06 (Q2)",
      "revenue": 26986000,
      "gross_profit": 7143000,
      "operating_income": 3137000,
      "net_income": 3828000,
      "opex": 4006000,
      "cogs": 19843000,
      "rd": 741000,
      "sga": 3265000,
      "fcf": -23905000,
      "ocf": -23905000,
      "capex": null,
      "gross_margin": 0.26469280367598014,
      "op_margin": 0.11624546060920478,
      "fcf_margin": -0.8858296894686134,
      "incr_op_margin_yoy": 0.797212543554007,
      "rev_growth_yoy": 0.056162185433055456,
      "rev_growth_yoy_accel": 0.11693512279169446,
      "fcf_margin_change": -1.2114238680886533
    },
    {
      "date": "2025-09-30T00:00:00",
      "quarter_label": "2025-09 (Q3)",
      "revenue": 18831000,
      "gross_profit": 4549000,
      "operating_income": -223000,
      "net_income": 1921000,
      "opex": 4772000,
      "cogs": 14282000,
      "rd": 659000,
      "sga": 4113000,
      "fcf": -275000,
      "ocf": -275000,
      "capex": null,
      "gross_margin": 0.24156975200467315,
      "op_margin": -0.011842175136742605,
      "fcf_margin": -0.014603579204503213,
      "incr_op_margin_yoy": 0.6995215311004784,
      "rev_growth_yoy": -0.09989962238898714,
      "rev_growth_yoy_accel": -0.1560618078220426,
      "fcf_margin_change": 0.8712261102641102
    }
  ],
  "signals": [
    {
      "quarter": "2025-09 (Q3)",
      "signal": "FCF MARGIN EXPANSION",
      "detail": "FCF margin: -88.6% -> -1.5% (+87.1%)",
      "severity": "MEDIUM"
    },
    {
      "quarter": "2025-09 (Q3)",
      "signal": "YoY REVENUE GROWTH DECELERATION",
      "detail": "YoY growth: -10.0% vs prior quarter YoY: +5.6% (decel: -15.6%)",
      "severity": "WARNING"
    },
    {
      "quarter": "2025-06 (Q2)",
      "signal": "YoY REVENUE GROWTH ACCELERATION",
      "detail": "YoY growth: +5.6% vs prior quarter YoY: -6.1% (accel: +11.7%)",
      "severity": "MEDIUM"
    },
    {
      "quarter": "2025-06 (Q2)",
      "signal": "INCREMENTAL MARGIN (YoY)",
      "detail": "YoY Incr OPM: +79.7% vs year-ago OPM: +7.8%",
      "severity": "HIGH"
    },
    {
      "quarter": "2025-03 (Q1)",
      "signal": "YoY REVENUE GROWTH DECELERATION",
      "detail": "YoY growth: -6.1% vs prior quarter YoY: +20.7% (decel: -26.8%)",
      "severity": "WARNING"
    },
    {
      "quarter": "2024-12 (Q4)",
      "signal": "FCF TURNED POSITIVE",
      "detail": "FCF margin: -15.4% -> +47.1%",
      "severity": "HIGH"
    },
    {
      "quarter": "2024-12 (Q4)",
      "signal": "YoY REVENUE GROWTH ACCELERATION",
      "detail": "YoY growth: +20.7% vs prior quarter YoY: +0.2% (accel: +20.5%)",
      "severity": "HIGH"
    },
    {
      "quarter": "2024-09 (Q3)",
      "signal": "YoY REVENUE GROWTH ACCELERATION",
      "detail": "YoY growth: +0.2% vs prior quarter YoY: -8.3% (accel: +8.6%)",
      "severity": "MEDIUM"
    },
    {
      "quarter": "2024-06 (Q2)",
      "signal": "YoY REVENUE GROWTH DECELERATION",
      "detail": "YoY growth: -8.3% vs prior quarter YoY: +33.4% (decel: -41.7%)",
      "severity": "WARNING"
    },
    {
      "quarter": "2024-06 (Q2)",
      "signal": "INCREMENTAL MARGIN (YoY)",
      "detail": "YoY Incr OPM: +62.8% vs year-ago OPM: +12.4%",
      "severity": "HIGH"
    },
    {
      "quarter": "2024-03 (Q1)",
      "signal": "FCF MARGIN EXPANSION",
      "detail": "FCF margin: +7.3% -> +28.7% (+21.4%)",
      "severity": "MEDIUM"
    },
    {
      "quarter": "2024-03 (Q1)",
      "signal": "OPERATING LEVERAGE",
      "detail": "Rev growth +56.3% vs OpEx growth +26.5% (leverage: 2.1x)",
      "severity": "MEDIUM"
    },
    {
      "quarter": "2024-03 (Q1)",
      "signal": "YoY REVENUE GROWTH ACCELERATION",
      "detail": "YoY growth: +33.4% vs prior quarter YoY: +0.7% (accel: +32.6%)",
      "severity": "HIGH"
    },
    {
      "quarter": "2023-12 (Q4)",
      "signal": "OPERATING LEVERAGE",
      "detail": "Rev growth +24.7% vs OpEx growth +5.9% (leverage: 4.2x)",
      "severity": "MEDIUM"
    },
    {
      "quarter": "2023-12 (Q4)",
      "signal": "YoY REVENUE GROWTH ACCELERATION",
      "detail": "YoY growth: +0.7% vs prior quarter YoY: -9.5% (accel: +10.3%)",
      "severity": "MEDIUM"
    },
    {
      "quarter": "2023-09 (Q3)",
      "signal": "FCF TURNED POSITIVE",
      "detail": "FCF margin: -42.0% -> +56.8%",
      "severity": "HIGH"
    },
    {
      "quarter": "2023-09 (Q3)",
      "signal": "GROSS MARGIN INFLECTION",
      "detail": "GM: +29.8% -> +26.9% -> +31.7% (reversal +4.7%)",
      "severity": "MEDIUM"
    },
    {
      "quarter": "2023-06 (Q2)",
      "signal": "YoY REVENUE GROWTH DECELERATION",
      "detail": "YoY growth: -6.0% vs prior quarter YoY: -0.5% (decel: -5.5%)",
      "severity": "WARNING"
    },
    {
      "quarter": "2023-03 (Q1)",
      "signal": "FCF TURNED POSITIVE",
      "detail": "FCF margin: -11.2% -> +42.5%",
      "severity": "HIGH"
    },
    {
      "quarter": "2023-03 (Q1)",
      "signal": "OPERATING LEVERAGE",
      "detail": "Rev growth +18.1% vs OpEx growth +6.5% (leverage: 2.8x)",
      "severity": "MEDIUM"
    },
    {
      "quarter": "2023-03 (Q1)",
      "signal": "YoY REVENUE GROWTH DECELERATION",
      "detail": "YoY growth: -0.5% vs prior quarter YoY: +28.4% (decel: -28.9%)",
      "severity": "WARNING"
    },
    {
      "quarter": "2022-12 (Q4)",
      "signal": "FCF MARGIN EXPANSION",
      "detail": "FCF margin: -32.8% -> -11.2% (+21.5%)",
      "severity": "MEDIUM"
    },
    {
      "quarter": "2022-12 (Q4)",
      "signal": "YoY REVENUE GROWTH ACCELERATION",
      "detail": "YoY growth: +28.4% vs prior quarter YoY: +15.1% (accel: +13.3%)",
      "severity": "MEDIUM"
    },
    {
      "quarter": "2022-12 (Q4)",
      "signal": "OP MARGIN TURNED POSITIVE (YoY)",
      "detail": "Op margin: -5.2% (year-ago) -> +8.2%",
      "severity": "HIGH"
    },
    {
      "quarter": "2022-09 (Q3)",
      "signal": "GROSS MARGIN INFLECTION",
      "detail": "GM: +20.2% -> +19.2% -> +21.5% (reversal +2.4%)",
      "severity": "MEDIUM"
    },
    {
      "quarter": "2022-09 (Q3)",
      "signal": "OP MARGIN TURNED POSITIVE (YoY)",
      "detail": "Op margin: -3.5% (year-ago) -> +5.0%",
      "severity": "HIGH"
    },
    {
      "quarter": "2022-06 (Q2)",
      "signal": "YoY REVENUE GROWTH DECELERATION",
      "detail": "YoY growth: +19.0% vs prior quarter YoY: +43.6% (decel: -24.6%)",
      "severity": "WARNING"
    },
    {
      "quarter": "2022-06 (Q2)",
      "signal": "INCREMENTAL MARGIN (YoY)",
      "detail": "YoY Incr OPM: +19.5% vs year-ago OPM: +4.9%",
      "severity": "MEDIUM"
    },
    {
      "quarter": "2022-03 (Q1)",
      "signal": "FCF TURNED POSITIVE",
      "detail": "FCF margin: -4.9% -> +6.6%",
      "severity": "HIGH"
    },
    {
      "quarter": "2022-03 (Q1)",
      "signal": "YoY REVENUE GROWTH ACCELERATION",
      "detail": "YoY growth: +43.6% vs prior quarter YoY: +6.0% (accel: +37.5%)",
      "severity": "HIGH"
    },
    {
      "quarter": "2022-03 (Q1)",
      "signal": "OP MARGIN TURNED POSITIVE (QoQ)",
      "detail": "Op margin: -5.2% -> +6.2%",
      "severity": "HIGH"
    },
    {
      "quarter": "2021-12 (Q4)",
      "signal": "FCF MARGIN EXPANSION",
      "detail": "FCF margin: -21.5% -> -4.9% (+16.6%)",
      "severity": "MEDIUM"
    },
    {
      "quarter": "2021-03 (Q1)",
      "signal": "FCF MARGIN EXPANSION",
      "detail": "FCF margin: +19.5% -> +26.1% (+6.6%)",
      "severity": "MEDIUM"
    },
    {
      "quarter": "2021-03 (Q1)",
      "signal": "OP MARGIN TURNED POSITIVE (QoQ)",
      "detail": "Op margin: -5.6% -> +5.8%",
      "severity": "HIGH"
    }
  ],
  "data_quality": {
    "n_quarters": 20,
    "coverage": {
      "revenue": [
        20,
        20
      ],
      "gross_profit": [
        20,
        20
      ],
      "op_income": [
        20,
        20
      ],
      "fcf": [
        20,
        20
      ]
    },
    "gaps": [],
    "warnings": []
  },
  "market_cap": null,
  "source": "SEC EDGAR",
  "last_updated": "2026-02-02T23:01:34.118885",
  "sector": "Industrials",
  "industry": "Farm & Heavy Construction Machinery"
}