{
  "ticker": "GEOS",
  "name": "GEOSPACE TECHNOLOGIES CORP",
  "sector": "Energy",
  "industry": "Oil & Gas Equipment & Services",
  "quarters": [
    {
      "date": "2021-03-31T00:00:00",
      "quarter_label": "2021-03 (Q1)",
      "revenue": 23892000,
      "gross_profit": 847000,
      "operating_income": -8176000,
      "net_income": -7184000,
      "opex": 9023000,
      "cogs": 23045000,
      "rd": 3765000,
      "sga": 5478000,
      "fcf": -7319000,
      "ocf": -6243000,
      "capex": -1076000,
      "gross_margin": 0.035451197053407,
      "op_margin": -0.34220659635024275,
      "fcf_margin": -0.3063368491545287
    },
    {
      "date": "2021-06-30T00:00:00",
      "quarter_label": "2021-06 (Q2)",
      "revenue": 23083000,
      "gross_profit": 5627000,
      "operating_income": -2439000,
      "net_income": -787000,
      "opex": 8066000,
      "cogs": 17456000,
      "rd": 3658000,
      "sga": 5243000,
      "fcf": -4360000,
      "ocf": -3582000,
      "capex": -778000,
      "gross_margin": 0.24377247324871118,
      "op_margin": -0.10566217562708487,
      "fcf_margin": -0.1888835939869168,
      "fcf_margin_change": 0.1174532551676119
    },
    {
      "date": "2021-09-30T00:00:00",
      "quarter_label": "2021-09 (Q3)",
      "revenue": 19429000,
      "gross_profit": 3095000,
      "operating_income": -4797000,
      "net_income": -5035000,
      "opex": 7892000,
      "cogs": 16334000,
      "rd": 3896000,
      "sga": 5851000,
      "fcf": -394000,
      "ocf": 343000,
      "capex": -737000,
      "gross_margin": 0.15929795666272067,
      "op_margin": -0.24689896546399712,
      "fcf_margin": -0.02027896443460806,
      "fcf_margin_change": 0.16860462955230873
    },
    {
      "date": "2021-12-31T00:00:00",
      "quarter_label": "2021-12 (Q4)",
      "revenue": 17991000,
      "gross_profit": 1702000,
      "operating_income": -6886000,
      "net_income": -6768000,
      "opex": 8588000,
      "cogs": 16289000,
      "rd": 5269000,
      "sga": 5744000,
      "fcf": -7471000,
      "ocf": -7326000,
      "capex": -145000,
      "gross_margin": 0.09460285698404758,
      "op_margin": -0.3827469290200656,
      "fcf_margin": -0.41526318714913013,
      "fcf_margin_change": -0.39498422271452205
    },
    {
      "date": "2022-03-31T00:00:00",
      "quarter_label": "2022-03 (Q1)",
      "revenue": 24700000,
      "gross_profit": 6810000,
      "operating_income": -1649000,
      "net_income": -1474000,
      "opex": 8459000,
      "cogs": 17890000,
      "rd": 4673000,
      "sga": 5991000,
      "fcf": -3370000,
      "ocf": -3006000,
      "capex": -364000,
      "gross_margin": 0.2757085020242915,
      "op_margin": -0.06676113360323886,
      "fcf_margin": -0.13643724696356274,
      "rev_growth_yoy": 0.03381885149840951,
      "op_leverage_ratio": null,
      "fcf_margin_change": 0.2788259401855674
    },
    {
      "date": "2022-06-30T00:00:00",
      "quarter_label": "2022-06 (Q2)",
      "revenue": 20691000,
      "gross_profit": 3651000,
      "operating_income": -6534000,
      "net_income": -6574000,
      "opex": 10185000,
      "cogs": 17040000,
      "rd": 4108000,
      "sga": 6373000,
      "fcf": -3353000,
      "ocf": -2949000,
      "capex": -404000,
      "gross_margin": 0.17645353052051616,
      "op_margin": -0.3157894736842105,
      "fcf_margin": -0.16205113334299937,
      "incr_op_margin_yoy": 1.7119565217391304,
      "rev_growth_yoy": -0.10362604514144609,
      "rev_growth_yoy_accel": -0.1374448966398556,
      "fcf_margin_change": -0.025613886379436623
    },
    {
      "date": "2022-09-30T00:00:00",
      "quarter_label": "2022-09 (Q3)",
      "revenue": 25871000,
      "gross_profit": 5880000,
      "operating_income": -8067000,
      "net_income": -8040000,
      "opex": 13947000,
      "cogs": 19991000,
      "rd": 4054000,
      "sga": 5374000,
      "fcf": 3029000,
      "ocf": 3246000,
      "capex": -217000,
      "gross_margin": 0.2272815121178153,
      "op_margin": -0.31181631943102317,
      "fcf_margin": 0.1170809013953848,
      "incr_op_margin_yoy": -0.5076063334368208,
      "rev_growth_yoy": 0.33156621545112974,
      "rev_growth_yoy_accel": 0.4351922605925758,
      "op_leverage_ratio": 0.6777827649602562,
      "fcf_margin_change": 0.27913203473838416
    },
    {
      "date": "2022-12-31T00:00:00",
      "quarter_label": "2022-12 (Q4)",
      "revenue": 31109000,
      "gross_profit": 10534000,
      "operating_income": -279000,
      "net_income": -97000,
      "opex": 10813000,
      "cogs": 20575000,
      "rd": 4258000,
      "sga": 6435000,
      "fcf": -5129000,
      "ocf": -4864000,
      "capex": -265000,
      "gross_margin": 0.3386158346459224,
      "op_margin": -0.008968465717316533,
      "fcf_margin": -0.16487190202192292,
      "incr_op_margin_yoy": 0.5036590943741424,
      "rev_growth_yoy": 0.7291423489522539,
      "rev_growth_yoy_accel": 0.3975761335011242,
      "op_leverage_ratio": null,
      "fcf_margin_change": -0.2819528034173077
    },
    {
      "date": "2023-03-31T00:00:00",
      "quarter_label": "2023-03 (Q1)",
      "revenue": 31370000,
      "gross_profit": 12949000,
      "operating_income": 4377000,
      "net_income": 4637000,
      "opex": 9887000,
      "cogs": 18421000,
      "rd": 3483000,
      "sga": 6387000,
      "fcf": -1075000,
      "ocf": -214000,
      "capex": -861000,
      "gross_margin": 0.412782913611731,
      "op_margin": 0.13952821166719795,
      "fcf_margin": -0.034268409308256295,
      "incr_op_margin_yoy": 0.903448275862069,
      "rev_growth_yoy": 0.2700404858299595,
      "rev_growth_yoy_accel": -0.45910186312229445,
      "fcf_margin_change": 0.1306034927136666
    },
    {
      "date": "2023-06-30T00:00:00",
      "quarter_label": "2023-06 (Q2)",
      "revenue": 32715000,
      "gross_profit": 13979000,
      "operating_income": 3146000,
      "net_income": 3228000,
      "opex": 10833000,
      "cogs": 18736000,
      "rd": 4356000,
      "sga": 6655000,
      "fcf": 7470000,
      "ocf": 8206000,
      "capex": -736000,
      "gross_margin": 0.4272963472413266,
      "op_margin": 0.09616383921748434,
      "fcf_margin": 0.22833562585969738,
      "incr_op_margin_yoy": 0.8050565535595475,
      "rev_growth_yoy": 0.5811222270552414,
      "rev_growth_yoy_accel": 0.3110817412252819,
      "op_leverage_ratio": 0.4481064172351953,
      "fcf_margin_change": 0.26260403516795366
    },
    {
      "date": "2023-09-30T00:00:00",
      "quarter_label": "2023-09 (Q3)",
      "revenue": 29315000,
      "gross_profit": 14228000,
      "operating_income": 4084000,
      "net_income": 4438000,
      "opex": 10144000,
      "cogs": 15087000,
      "rd": 3766000,
      "sga": 6475000,
      "fcf": 10328000,
      "ocf": 12430000,
      "capex": -2102000,
      "gross_margin": 0.4853487975439195,
      "op_margin": 0.13931434419239297,
      "fcf_margin": 0.35231110353061573,
      "incr_op_margin_yoy": 3.5281649245063877,
      "rev_growth_yoy": 0.13312202852614896,
      "rev_growth_yoy_accel": -0.44800019852909245,
      "fcf_margin_change": 0.12397547767091835
    },
    {
      "date": "2023-12-31T00:00:00",
      "quarter_label": "2023-12 (Q4)",
      "revenue": 50032000,
      "gross_profit": 22236000,
      "operating_income": 12837000,
      "net_income": 12679000,
      "opex": 9399000,
      "cogs": 27796000,
      "rd": 3602000,
      "sga": 5826000,
      "fcf": 1873000,
      "ocf": 2652000,
      "capex": -779000,
      "gross_margin": 0.4444355612408059,
      "op_margin": 0.25657579149344417,
      "fcf_margin": 0.037436040933802366,
      "incr_op_margin_yoy": 0.6931247687998732,
      "rev_growth_yoy": 0.6082805618952715,
      "rev_growth_yoy_accel": 0.4751585333691225,
      "op_leverage_ratio": null,
      "fcf_margin_change": -0.31487506259681336
    },
    {
      "date": "2024-03-31T00:00:00",
      "quarter_label": "2024-03 (Q1)",
      "revenue": 24270000,
      "gross_profit": 5881000,
      "operating_income": -4506000,
      "net_income": -4327000,
      "opex": 10387000,
      "cogs": 18389000,
      "rd": 3863000,
      "sga": 6546000,
      "fcf": -11310000,
      "ocf": -8923000,
      "capex": -2387000,
      "gross_margin": 0.242315615986815,
      "op_margin": -0.18566131025957971,
      "fcf_margin": -0.46600741656365885,
      "incr_op_margin_yoy": 1.2511267605633802,
      "rev_growth_yoy": -0.2263308893847625,
      "rev_growth_yoy_accel": -0.834611451280034,
      "fcf_margin_change": -0.5034434574974612
    },
    {
      "date": "2024-06-30T00:00:00",
      "quarter_label": "2024-06 (Q2)",
      "revenue": 25858000,
      "gross_profit": 8526000,
      "operating_income": -2393000,
      "net_income": -2070000,
      "opex": 10919000,
      "cogs": 17332000,
      "rd": 4011000,
      "sga": 6941000,
      "fcf": -1667000,
      "ocf": -1256000,
      "capex": -411000,
      "gross_margin": 0.32972387655657825,
      "op_margin": -0.09254389357258876,
      "fcf_margin": -0.06446747621625802,
      "incr_op_margin_yoy": 0.8077876622429634,
      "rev_growth_yoy": -0.209598043710836,
      "rev_growth_yoy_accel": 0.016732845673926494,
      "op_leverage_ratio": 1.2774950354873589,
      "fcf_margin_change": 0.4015399403474008
    },
    {
      "date": "2024-09-30T00:00:00",
      "quarter_label": "2024-09 (Q3)",
      "revenue": 35438000,
      "gross_profit": 15930000,
      "operating_income": 1179000,
      "net_income": -12860000,
      "opex": 14751000,
      "cogs": 19508000,
      "rd": 4775000,
      "sga": 7241000,
      "fcf": -1836000,
      "ocf": -1556000,
      "capex": -280000,
      "gross_margin": 0.4495174671256843,
      "op_margin": 0.033269371860714485,
      "fcf_margin": -0.051808792821265305,
      "incr_op_margin_yoy": -0.47444063367630246,
      "rev_growth_yoy": 0.2088691796008869,
      "rev_growth_yoy_accel": 0.4184672233117229,
      "op_leverage_ratio": 1.0556694253229175,
      "fcf_margin_change": 0.012658683394992716
    },
    {
      "date": "2024-12-31T00:00:00",
      "quarter_label": "2024-12 (Q4)",
      "revenue": 37223000,
      "gross_profit": 20149000,
      "operating_income": 7835000,
      "net_income": 8376000,
      "opex": 12314000,
      "cogs": 17074000,
      "rd": 4894000,
      "sga": 7420000,
      "fcf": -14708000,
      "ocf": -11509000,
      "capex": -3199000,
      "gross_margin": 0.5413051070574645,
      "op_margin": 0.2104881390538108,
      "fcf_margin": -0.3951320420170325,
      "incr_op_margin_yoy": 0.39050667499414476,
      "rev_growth_yoy": -0.2560161496642149,
      "rev_growth_yoy_accel": -0.4648853292651018,
      "op_leverage_ratio": null,
      "fcf_margin_change": -0.3433232491957672
    },
    {
      "date": "2025-03-31T00:00:00",
      "quarter_label": "2025-03 (Q1)",
      "revenue": 18023000,
      "gross_profit": 1748000,
      "operating_income": -10281000,
      "net_income": -9798000,
      "opex": 12029000,
      "cogs": 16275000,
      "rd": 5235000,
      "sga": 6775000,
      "fcf": -3112000,
      "ocf": -1892000,
      "capex": -1220000,
      "gross_margin": 0.09698718304388837,
      "op_margin": -0.5704377739555013,
      "fcf_margin": -0.17266825722687676,
      "incr_op_margin_yoy": 0.9244437329918361,
      "rev_growth_yoy": -0.2573959620931191,
      "rev_growth_yoy_accel": -0.0013798124289042257,
      "fcf_margin_change": 0.22246378479015574
    },
    {
      "date": "2025-06-30T00:00:00",
      "quarter_label": "2025-06 (Q2)",
      "revenue": 24843000,
      "gross_profit": 7539000,
      "operating_income": 369000,
      "net_income": 760000,
      "opex": 11786000,
      "cogs": 17304000,
      "rd": 4238000,
      "sga": 7546000,
      "fcf": -6146000,
      "ocf": -4724000,
      "capex": -1422000,
      "gross_margin": 0.30346576500422656,
      "op_margin": 0.014853278589542326,
      "fcf_margin": -0.24739363200901662,
      "incr_op_margin_yoy": -2.721182266009852,
      "rev_growth_yoy": -0.039252842447211694,
      "rev_growth_yoy_accel": 0.2181431196459074,
      "op_leverage_ratio": null,
      "fcf_margin_change": -0.07472537478213986
    },
    {
      "date": "2025-09-30T00:00:00",
      "quarter_label": "2025-09 (Q3)",
      "revenue": 30714000,
      "gross_profit": 3461000,
      "operating_income": -9207000,
      "net_income": -9062000,
      "opex": 12668000,
      "cogs": 27253000,
      "rd": 4549000,
      "sga": 8074000,
      "fcf": -6239000,
      "ocf": -4107000,
      "capex": -2132000,
      "gross_margin": 0.11268476916064335,
      "op_margin": -0.2997655792146904,
      "fcf_margin": -0.2031321221592759,
      "incr_op_margin_yoy": 2.1985605419136327,
      "rev_growth_yoy": -0.1333032338168068,
      "rev_growth_yoy_accel": -0.09405039136959512,
      "op_leverage_ratio": 3.157954676456583,
      "fcf_margin_change": 0.04426150984974073
    },
    {
      "date": "2025-12-31T00:00:00",
      "quarter_label": "2025-12 (Q4)",
      "revenue": 25586000,
      "gross_profit": 2696000,
      "operating_income": -10247000,
      "net_income": -9765000,
      "opex": 12943000,
      "cogs": 22890000,
      "rd": 4489000,
      "sga": 8279000,
      "fcf": -17551000,
      "ocf": -15071000,
      "capex": -2480000,
      "gross_margin": 0.1053701242867193,
      "op_margin": -0.40049245681231926,
      "fcf_margin": -0.6859610724615024,
      "incr_op_margin_yoy": 1.5538368995445562,
      "rev_growth_yoy": -0.3126292883432287,
      "rev_growth_yoy_accel": -0.17932605452642186,
      "fcf_margin_change": -0.4828289503022265
    }
  ],
  "signals": [
    {
      "quarter": "2025-12 (Q4)",
      "signal": "YoY REVENUE GROWTH DECELERATION",
      "detail": "YoY growth: -31.3% vs prior quarter YoY: -13.3% (decel: -17.9%)",
      "severity": "WARNING"
    },
    {
      "quarter": "2025-09 (Q3)",
      "signal": "OPERATING LEVERAGE",
      "detail": "Rev growth +23.6% vs OpEx growth +7.5% (leverage: 3.2x)",
      "severity": "MEDIUM"
    },
    {
      "quarter": "2025-09 (Q3)",
      "signal": "YoY REVENUE GROWTH DECELERATION",
      "detail": "YoY growth: -13.3% vs prior quarter YoY: -3.9% (decel: -9.4%)",
      "severity": "WARNING"
    },
    {
      "quarter": "2025-06 (Q2)",
      "signal": "GROSS MARGIN INFLECTION",
      "detail": "GM: +54.1% -> +9.7% -> +30.3% (reversal +20.6%)",
      "severity": "HIGH"
    },
    {
      "quarter": "2025-06 (Q2)",
      "signal": "YoY REVENUE GROWTH ACCELERATION",
      "detail": "YoY growth: -3.9% vs prior quarter YoY: -25.7% (accel: +21.8%)",
      "severity": "HIGH"
    },
    {
      "quarter": "2025-06 (Q2)",
      "signal": "OP MARGIN TURNED POSITIVE (YoY)",
      "detail": "Op margin: -9.3% (year-ago) -> +1.5%",
      "severity": "HIGH"
    },
    {
      "quarter": "2025-06 (Q2)",
      "signal": "OP MARGIN TURNED POSITIVE (QoQ)",
      "detail": "Op margin: -57.0% -> +1.5%",
      "severity": "HIGH"
    },
    {
      "quarter": "2025-03 (Q1)",
      "signal": "FCF MARGIN EXPANSION",
      "detail": "FCF margin: -39.5% -> -17.3% (+22.2%)",
      "severity": "MEDIUM"
    },
    {
      "quarter": "2024-12 (Q4)",
      "signal": "YoY REVENUE GROWTH DECELERATION",
      "detail": "YoY growth: -25.6% vs prior quarter YoY: +20.9% (decel: -46.5%)",
      "severity": "WARNING"
    },
    {
      "quarter": "2024-12 (Q4)",
      "signal": "INCREMENTAL MARGIN (YoY)",
      "detail": "YoY Incr OPM: +39.1% vs year-ago OPM: +25.7%",
      "severity": "MEDIUM"
    },
    {
      "quarter": "2024-09 (Q3)",
      "signal": "YoY REVENUE GROWTH ACCELERATION",
      "detail": "YoY growth: +20.9% vs prior quarter YoY: -21.0% (accel: +41.8%)",
      "severity": "HIGH"
    },
    {
      "quarter": "2024-09 (Q3)",
      "signal": "OP MARGIN TURNED POSITIVE (QoQ)",
      "detail": "Op margin: -9.3% -> +3.3%",
      "severity": "HIGH"
    },
    {
      "quarter": "2024-06 (Q2)",
      "signal": "FCF MARGIN EXPANSION",
      "detail": "FCF margin: -46.6% -> -6.4% (+40.2%)",
      "severity": "MEDIUM"
    },
    {
      "quarter": "2024-06 (Q2)",
      "signal": "GROSS MARGIN INFLECTION",
      "detail": "GM: +44.4% -> +24.2% -> +33.0% (reversal +8.7%)",
      "severity": "HIGH"
    },
    {
      "quarter": "2024-03 (Q1)",
      "signal": "YoY REVENUE GROWTH DECELERATION",
      "detail": "YoY growth: -22.6% vs prior quarter YoY: +60.8% (decel: -83.5%)",
      "severity": "WARNING"
    },
    {
      "quarter": "2023-12 (Q4)",
      "signal": "YoY REVENUE GROWTH ACCELERATION",
      "detail": "YoY growth: +60.8% vs prior quarter YoY: +13.3% (accel: +47.5%)",
      "severity": "HIGH"
    },
    {
      "quarter": "2023-12 (Q4)",
      "signal": "OP MARGIN TURNED POSITIVE (YoY)",
      "detail": "Op margin: -0.9% (year-ago) -> +25.7%",
      "severity": "HIGH"
    },
    {
      "quarter": "2023-09 (Q3)",
      "signal": "FCF MARGIN EXPANSION",
      "detail": "FCF margin: +22.8% -> +35.2% (+12.4%)",
      "severity": "MEDIUM"
    },
    {
      "quarter": "2023-09 (Q3)",
      "signal": "YoY REVENUE GROWTH DECELERATION",
      "detail": "YoY growth: +13.3% vs prior quarter YoY: +58.1% (decel: -44.8%)",
      "severity": "WARNING"
    },
    {
      "quarter": "2023-09 (Q3)",
      "signal": "OP MARGIN TURNED POSITIVE (YoY)",
      "detail": "Op margin: -31.2% (year-ago) -> +13.9%",
      "severity": "HIGH"
    },
    {
      "quarter": "2023-06 (Q2)",
      "signal": "FCF TURNED POSITIVE",
      "detail": "FCF margin: -3.4% -> +22.8%",
      "severity": "HIGH"
    },
    {
      "quarter": "2023-06 (Q2)",
      "signal": "YoY REVENUE GROWTH ACCELERATION",
      "detail": "YoY growth: +58.1% vs prior quarter YoY: +27.0% (accel: +31.1%)",
      "severity": "HIGH"
    },
    {
      "quarter": "2023-06 (Q2)",
      "signal": "OP MARGIN TURNED POSITIVE (YoY)",
      "detail": "Op margin: -31.6% (year-ago) -> +9.6%",
      "severity": "HIGH"
    },
    {
      "quarter": "2023-03 (Q1)",
      "signal": "FCF MARGIN EXPANSION",
      "detail": "FCF margin: -16.5% -> -3.4% (+13.1%)",
      "severity": "MEDIUM"
    },
    {
      "quarter": "2023-03 (Q1)",
      "signal": "YoY REVENUE GROWTH DECELERATION",
      "detail": "YoY growth: +27.0% vs prior quarter YoY: +72.9% (decel: -45.9%)",
      "severity": "WARNING"
    },
    {
      "quarter": "2023-03 (Q1)",
      "signal": "OP MARGIN TURNED POSITIVE (YoY)",
      "detail": "Op margin: -6.7% (year-ago) -> +14.0%",
      "severity": "HIGH"
    },
    {
      "quarter": "2023-03 (Q1)",
      "signal": "OP MARGIN TURNED POSITIVE (QoQ)",
      "detail": "Op margin: -0.9% -> +14.0%",
      "severity": "HIGH"
    },
    {
      "quarter": "2022-12 (Q4)",
      "signal": "YoY REVENUE GROWTH ACCELERATION",
      "detail": "YoY growth: +72.9% vs prior quarter YoY: +33.2% (accel: +39.8%)",
      "severity": "HIGH"
    },
    {
      "quarter": "2022-09 (Q3)",
      "signal": "FCF TURNED POSITIVE",
      "detail": "FCF margin: -16.2% -> +11.7%",
      "severity": "HIGH"
    },
    {
      "quarter": "2022-09 (Q3)",
      "signal": "GROSS MARGIN INFLECTION",
      "detail": "GM: +27.6% -> +17.6% -> +22.7% (reversal +5.1%)",
      "severity": "HIGH"
    },
    {
      "quarter": "2022-09 (Q3)",
      "signal": "YoY REVENUE GROWTH ACCELERATION",
      "detail": "YoY growth: +33.2% vs prior quarter YoY: -10.4% (accel: +43.5%)",
      "severity": "HIGH"
    },
    {
      "quarter": "2022-06 (Q2)",
      "signal": "YoY REVENUE GROWTH DECELERATION",
      "detail": "YoY growth: -10.4% vs prior quarter YoY: +3.4% (decel: -13.7%)",
      "severity": "WARNING"
    },
    {
      "quarter": "2022-03 (Q1)",
      "signal": "FCF MARGIN EXPANSION",
      "detail": "FCF margin: -41.5% -> -13.6% (+27.9%)",
      "severity": "MEDIUM"
    },
    {
      "quarter": "2022-03 (Q1)",
      "signal": "GROSS MARGIN INFLECTION",
      "detail": "GM: +15.9% -> +9.5% -> +27.6% (reversal +18.1%)",
      "severity": "HIGH"
    },
    {
      "quarter": "2021-09 (Q3)",
      "signal": "FCF MARGIN EXPANSION",
      "detail": "FCF margin: -18.9% -> -2.0% (+16.9%)",
      "severity": "MEDIUM"
    },
    {
      "quarter": "2021-06 (Q2)",
      "signal": "FCF MARGIN EXPANSION",
      "detail": "FCF margin: -30.6% -> -18.9% (+11.7%)",
      "severity": "MEDIUM"
    }
  ],
  "data_quality": {
    "n_quarters": 20,
    "coverage": {
      "revenue": [
        20,
        20
      ],
      "gross_profit": [
        20,
        20
      ],
      "op_income": [
        20,
        20
      ],
      "fcf": [
        20,
        20
      ]
    },
    "gaps": [],
    "warnings": []
  },
  "market_cap": null,
  "source": "SEC EDGAR",
  "last_updated": "2026-02-13T11:35:08.072905"
}