{
  "ticker": "GES",
  "name": "GUESS INC",
  "quarters": [
    {
      "date": "2021-01-30T00:00:00",
      "quarter_label": "2021-01 (Q1)",
      "revenue": 648455000,
      "gross_profit": 276325000,
      "operating_income": 71872000,
      "net_income": 70419000,
      "opex": 204453000,
      "cogs": 372130000,
      "rd": null,
      "sga": 201638000,
      "fcf": 104187000,
      "ocf": 110699000,
      "capex": -6512000,
      "gross_margin": 0.42612825870723486,
      "op_margin": 0.11083575575791689,
      "fcf_margin": 0.16066959156764926
    },
    {
      "date": "2021-05-01T00:00:00",
      "quarter_label": "2021-05 (Q2)",
      "revenue": 520002000,
      "gross_profit": 211558000,
      "operating_income": 26578000,
      "net_income": 12006000,
      "opex": 184980000,
      "cogs": 308444000,
      "rd": null,
      "sga": 186684000,
      "fcf": -62782000,
      "ocf": -53643000,
      "capex": -9139000,
      "gross_margin": 0.40684074292021954,
      "op_margin": 0.05111134187945431,
      "fcf_margin": -0.12073415102249607,
      "fcf_margin_change": -0.28140374259014533
    },
    {
      "date": "2021-07-31T00:00:00",
      "quarter_label": "2021-07 (Q3)",
      "revenue": 628624000,
      "gross_profit": 294086000,
      "operating_income": 87388000,
      "net_income": 61062000,
      "opex": 206698000,
      "cogs": 334538000,
      "rd": null,
      "sga": 205617000,
      "fcf": 84157000,
      "ocf": 96619000,
      "capex": -12462000,
      "gross_margin": 0.4678249637303062,
      "op_margin": 0.13901473694927333,
      "fcf_margin": 0.13387493955051033,
      "op_leverage_ratio": 1.7791711483492956,
      "fcf_margin_change": 0.2546090905730064
    },
    {
      "date": "2021-10-30T00:00:00",
      "quarter_label": "2021-10 (Q4)",
      "revenue": 643070000,
      "gross_profit": 293604000,
      "operating_income": 65671000,
      "net_income": 29880000,
      "opex": 227933000,
      "cogs": 349466000,
      "rd": null,
      "sga": 223775000,
      "fcf": -57392000,
      "ocf": -38395000,
      "capex": -18997000,
      "gross_margin": 0.4565661592050632,
      "op_margin": 0.10212107546612344,
      "fcf_margin": -0.08924689380627303,
      "op_leverage_ratio": 0.22368695719702383,
      "fcf_margin_change": -0.22312183335678337
    },
    {
      "date": "2022-01-29T00:00:00",
      "quarter_label": "2022-01 (Q1)",
      "revenue": 799935000,
      "gross_profit": 370257000,
      "operating_income": 125400000,
      "net_income": 68415000,
      "opex": 244857000,
      "cogs": 429678000,
      "rd": null,
      "sga": 245502000,
      "fcf": 104138000,
      "ocf": 127061000,
      "capex": -22923000,
      "gross_margin": 0.4628588572821542,
      "op_margin": 0.156762736972379,
      "fcf_margin": 0.13018307737503673,
      "incr_op_margin_yoy": 0.3533667810932136,
      "rev_growth_yoy": 0.23360140641987492,
      "op_leverage_ratio": 3.2852770066597015,
      "fcf_margin_change": 0.21942997118130975
    },
    {
      "date": "2022-04-30T00:00:00",
      "quarter_label": "2022-04 (Q2)",
      "revenue": 593473000,
      "gross_profit": 247149000,
      "operating_income": 36375000,
      "net_income": 7970000,
      "opex": 210774000,
      "cogs": 346324000,
      "rd": null,
      "sga": 209831000,
      "fcf": -83312000,
      "ocf": -54570000,
      "capex": -28742000,
      "gross_margin": 0.4164452300273138,
      "op_margin": 0.06129175211003702,
      "fcf_margin": -0.14038043853722074,
      "incr_op_margin_yoy": 0.13334512937077214,
      "rev_growth_yoy": 0.14128984119291849,
      "rev_growth_yoy_accel": -0.09231156522695644,
      "fcf_margin_change": -0.27056351591225747
    },
    {
      "date": "2022-07-30T00:00:00",
      "quarter_label": "2022-07 (Q3)",
      "revenue": 642690000,
      "gross_profit": 270501000,
      "operating_income": 53446000,
      "net_income": 23962000,
      "opex": 217055000,
      "cogs": 372189000,
      "rd": null,
      "sga": 216043000,
      "fcf": 33593000,
      "ocf": 56072000,
      "capex": -22479000,
      "gross_margin": 0.42088876441208045,
      "op_margin": 0.08315984378160544,
      "fcf_margin": 0.05226936781340927,
      "incr_op_margin_yoy": -2.4130527513152282,
      "rev_growth_yoy": 0.022375855837511772,
      "rev_growth_yoy_accel": -0.11891398535540672,
      "op_leverage_ratio": 2.7829308585662496,
      "fcf_margin_change": 0.19264980635063
    },
    {
      "date": "2022-10-29T00:00:00",
      "quarter_label": "2022-10 (Q4)",
      "revenue": 633403000,
      "gross_profit": 269371000,
      "operating_income": 54801000,
      "net_income": 21835000,
      "opex": 214570000,
      "cogs": 364032000,
      "rd": null,
      "sga": 212927000,
      "fcf": -43428000,
      "ocf": -22920000,
      "capex": -20508000,
      "gross_margin": 0.4252758512353115,
      "op_margin": 0.08651837771529343,
      "fcf_margin": -0.06856298438750685,
      "incr_op_margin_yoy": 1.124443984690183,
      "rev_growth_yoy": -0.015032578101917365,
      "rev_growth_yoy_accel": -0.037408433939429137,
      "fcf_margin_change": -0.12083235220091612
    },
    {
      "date": "2023-01-28T00:00:00",
      "quarter_label": "2023-01 (Q1)",
      "revenue": 817784000,
      "gross_profit": 361726000,
      "operating_income": 103551000,
      "net_income": 95843000,
      "opex": 258175000,
      "cogs": 456058000,
      "rd": null,
      "sga": 254496000,
      "fcf": 172832000,
      "ocf": 190606000,
      "capex": -17774000,
      "gross_margin": 0.4423246236169942,
      "op_margin": 0.12662390068771215,
      "fcf_margin": 0.21134187022490047,
      "incr_op_margin_yoy": -1.2241021905989131,
      "rev_growth_yoy": 0.02231306293636358,
      "rev_growth_yoy_accel": 0.03734564103828095,
      "op_leverage_ratio": 1.4324146709114653,
      "fcf_margin_change": 0.27990485461240733
    },
    {
      "date": "2023-04-29T00:00:00",
      "quarter_label": "2023-04 (Q2)",
      "revenue": 569798000,
      "gross_profit": 231985000,
      "operating_income": -922000,
      "net_income": -11805000,
      "opex": 232907000,
      "cogs": 337813000,
      "rd": null,
      "sga": 230973000,
      "fcf": -30005000,
      "ocf": -12658000,
      "capex": -17347000,
      "gross_margin": 0.40713551118115543,
      "op_margin": -0.0016181172977090127,
      "fcf_margin": -0.05265901249214634,
      "incr_op_margin_yoy": 1.5753748680042239,
      "rev_growth_yoy": -0.039892295015948494,
      "rev_growth_yoy_accel": -0.06220535795231207,
      "fcf_margin_change": -0.2640008827170468
    },
    {
      "date": "2023-07-29T00:00:00",
      "quarter_label": "2023-07 (Q3)",
      "revenue": 664512000,
      "gross_profit": 294443000,
      "operating_income": 64600000,
      "net_income": 39033000,
      "opex": 229843000,
      "cogs": 370069000,
      "rd": null,
      "sga": 229652000,
      "fcf": 42485000,
      "ocf": 59931000,
      "capex": -17446000,
      "gross_margin": 0.44309658817297504,
      "op_margin": 0.09721419628238467,
      "fcf_margin": 0.06393413512472311,
      "incr_op_margin_yoy": 0.5111355512785263,
      "rev_growth_yoy": 0.03395416141530131,
      "rev_growth_yoy_accel": 0.0738464564312498,
      "op_leverage_ratio": Infinity,
      "fcf_margin_change": 0.11659314761686945
    },
    {
      "date": "2023-10-28T00:00:00",
      "quarter_label": "2023-10 (Q4)",
      "revenue": 651170000,
      "gross_profit": 291170000,
      "operating_income": 54773000,
      "net_income": 55701000,
      "opex": 236397000,
      "cogs": 360000000,
      "rd": null,
      "sga": 234123000,
      "fcf": -24068000,
      "ocf": -6392000,
      "capex": -17676000,
      "gross_margin": 0.44714897799345793,
      "op_margin": 0.08411474730101202,
      "fcf_margin": -0.036961162215704044,
      "incr_op_margin_yoy": -0.0015759554229751787,
      "rev_growth_yoy": 0.028050072386774295,
      "rev_growth_yoy_accel": -0.005904089028527015,
      "fcf_margin_change": -0.10089529734042715
    },
    {
      "date": "2024-02-03T00:00:00",
      "quarter_label": "2024-02 (Q1)",
      "revenue": 891050000,
      "gross_profit": 404982000,
      "operating_income": 144826000,
      "net_income": 115270000,
      "opex": 260156000,
      "cogs": 486068000,
      "rd": null,
      "sga": 259330000,
      "fcf": 267762000,
      "ocf": 289500000,
      "capex": -21738000,
      "gross_margin": 0.4544997474889176,
      "op_margin": 0.16253408899612817,
      "fcf_margin": 0.3005016553504293,
      "incr_op_margin_yoy": 0.5633581743236972,
      "rev_growth_yoy": 0.0895908944171077,
      "rev_growth_yoy_accel": 0.061540822030333404,
      "op_leverage_ratio": 3.6653331898861032,
      "fcf_margin_change": 0.33746281756613333
    },
    {
      "date": "2024-05-04T00:00:00",
      "quarter_label": "2024-05 (Q2)",
      "revenue": 591943000,
      "gross_profit": 248101000,
      "operating_income": -19888000,
      "net_income": 13022000,
      "opex": 267989000,
      "cogs": 343842000,
      "rd": null,
      "sga": 266848000,
      "fcf": -44021000,
      "ocf": -22921000,
      "capex": -21100000,
      "gross_margin": 0.41912988243800503,
      "op_margin": -0.033597829520747774,
      "fcf_margin": -0.07436695762936633,
      "incr_op_margin_yoy": -0.8564461503725446,
      "rev_growth_yoy": 0.03886465027957276,
      "rev_growth_yoy_accel": -0.05072624413753494,
      "fcf_margin_change": -0.3748686129797956
    },
    {
      "date": "2024-08-03T00:00:00",
      "quarter_label": "2024-08 (Q3)",
      "revenue": 732560000,
      "gross_profit": 319943000,
      "operating_income": 47776000,
      "net_income": -10603000,
      "opex": 272167000,
      "cogs": 412617000,
      "rd": null,
      "sga": 282951000,
      "fcf": 24277000,
      "ocf": 44655000,
      "capex": -20378000,
      "gross_margin": 0.4367464781041826,
      "op_margin": 0.06521786611335591,
      "fcf_margin": 0.03313994758108551,
      "incr_op_margin_yoy": -0.24723724429814248,
      "rev_growth_yoy": 0.10240296638736396,
      "rev_growth_yoy_accel": 0.0635383161077912,
      "op_leverage_ratio": 15.237245733007166,
      "fcf_margin_change": 0.10750690521045184
    },
    {
      "date": "2024-11-02T00:00:00",
      "quarter_label": "2024-11 (Q4)",
      "revenue": 738518000,
      "gross_profit": 321877000,
      "operating_income": 42276000,
      "net_income": -23395000,
      "opex": 279601000,
      "cogs": 416641000,
      "rd": null,
      "sga": 279389000,
      "fcf": -105363000,
      "ocf": -83289000,
      "capex": -22074000,
      "gross_margin": 0.4358417804305379,
      "op_margin": 0.057244373190633135,
      "fcf_margin": -0.14266815433070013,
      "incr_op_margin_yoy": -0.14307139259055732,
      "rev_growth_yoy": 0.13414008630618732,
      "rev_growth_yoy_accel": 0.03173711991882336,
      "fcf_margin_change": -0.17580810191178564
    },
    {
      "date": "2025-02-01T00:00:00",
      "quarter_label": "2025-02 (Q1)",
      "revenue": 932252000,
      "gross_profit": 411069000,
      "operating_income": 103649000,
      "net_income": 81399000,
      "opex": 307420000,
      "cogs": 521183000,
      "rd": null,
      "sga": 305455000,
      "fcf": 160695000,
      "ocf": 183232000,
      "capex": -22537000,
      "gross_margin": 0.4409419341551426,
      "op_margin": 0.11118131149088444,
      "fcf_margin": 0.1723729206266117,
      "incr_op_margin_yoy": -0.9993932333381874,
      "rev_growth_yoy": 0.04623982941473542,
      "rev_growth_yoy_accel": -0.0879002568914519,
      "op_leverage_ratio": 2.6365861495458396,
      "fcf_margin_change": 0.3150410749573118
    },
    {
      "date": "2025-05-03T00:00:00",
      "quarter_label": "2025-05 (Q2)",
      "revenue": 647801000,
      "gross_profit": 258457000,
      "operating_income": -33308000,
      "net_income": -32928000,
      "opex": 291765000,
      "cogs": 389344000,
      "rd": null,
      "sga": 286536000,
      "fcf": -95319000,
      "ocf": -73412000,
      "capex": -21907000,
      "gross_margin": 0.39897592007422034,
      "op_margin": -0.051417024672700415,
      "fcf_margin": -0.14714240947451454,
      "incr_op_margin_yoy": -0.24025206774320598,
      "rev_growth_yoy": 0.09436381543493208,
      "rev_growth_yoy_accel": 0.04812398602019666,
      "fcf_margin_change": -0.3195153301011262
    },
    {
      "date": "2025-08-02T00:00:00",
      "quarter_label": "2025-08 (Q3)",
      "revenue": 772937000,
      "gross_profit": 328769000,
      "operating_income": 18086000,
      "net_income": 6242000,
      "opex": 310683000,
      "cogs": 444168000,
      "rd": null,
      "sga": 308588000,
      "fcf": 53432000,
      "ocf": 74912000,
      "capex": -21480000,
      "gross_margin": 0.42535031962501474,
      "op_margin": 0.02339906098427168,
      "fcf_margin": 0.06912853182083403,
      "incr_op_margin_yoy": -0.7353196126507665,
      "rev_growth_yoy": 0.055117669542426556,
      "rev_growth_yoy_accel": -0.039246145892505524,
      "op_leverage_ratio": 2.9791929133021817,
      "fcf_margin_change": 0.21627094129534857
    },
    {
      "date": "2025-11-01T00:00:00",
      "quarter_label": "2025-11 (Q4)",
      "revenue": 791427000,
      "gross_profit": 335982000,
      "operating_income": 23183000,
      "net_income": 25648000,
      "opex": 312799000,
      "cogs": 455445000,
      "rd": null,
      "sga": 309026000,
      "fcf": -56346000,
      "ocf": -39456000,
      "capex": -16890000,
      "gross_margin": 0.4245268357031034,
      "op_margin": 0.029292657440294557,
      "fcf_margin": -0.0711954482220091,
      "incr_op_margin_yoy": -0.3608648812111361,
      "rev_growth_yoy": 0.0716421265290758,
      "rev_growth_yoy_accel": 0.01652445698664924,
      "op_leverage_ratio": 3.5123245615630148,
      "fcf_margin_change": -0.14032398004284313
    }
  ],
  "signals": [
    {
      "quarter": "2025-11 (Q4)",
      "signal": "OPERATING LEVERAGE",
      "detail": "Rev growth +2.4% vs OpEx growth +0.7% (leverage: 3.5x)",
      "severity": "MEDIUM"
    },
    {
      "quarter": "2025-08 (Q3)",
      "signal": "FCF TURNED POSITIVE",
      "detail": "FCF margin: -14.7% -> +6.9%",
      "severity": "HIGH"
    },
    {
      "quarter": "2025-08 (Q3)",
      "signal": "OPERATING LEVERAGE",
      "detail": "Rev growth +19.3% vs OpEx growth +6.5% (leverage: 3.0x)",
      "severity": "MEDIUM"
    },
    {
      "quarter": "2025-08 (Q3)",
      "signal": "GROSS MARGIN INFLECTION",
      "detail": "GM: +44.1% -> +39.9% -> +42.5% (reversal +2.6%)",
      "severity": "MEDIUM"
    },
    {
      "quarter": "2025-08 (Q3)",
      "signal": "OP MARGIN TURNED POSITIVE (QoQ)",
      "detail": "Op margin: -5.1% -> +2.3%",
      "severity": "HIGH"
    },
    {
      "quarter": "2025-02 (Q1)",
      "signal": "FCF TURNED POSITIVE",
      "detail": "FCF margin: -14.3% -> +17.2%",
      "severity": "HIGH"
    },
    {
      "quarter": "2025-02 (Q1)",
      "signal": "OPERATING LEVERAGE",
      "detail": "Rev growth +26.2% vs OpEx growth +9.9% (leverage: 2.6x)",
      "severity": "MEDIUM"
    },
    {
      "quarter": "2025-02 (Q1)",
      "signal": "YoY REVENUE GROWTH DECELERATION",
      "detail": "YoY growth: +4.6% vs prior quarter YoY: +13.4% (decel: -8.8%)",
      "severity": "WARNING"
    },
    {
      "quarter": "2024-08 (Q3)",
      "signal": "FCF TURNED POSITIVE",
      "detail": "FCF margin: -7.4% -> +3.3%",
      "severity": "HIGH"
    },
    {
      "quarter": "2024-08 (Q3)",
      "signal": "OPERATING LEVERAGE",
      "detail": "Rev growth +23.8% vs OpEx growth +1.6% (leverage: 15.2x)",
      "severity": "MEDIUM"
    },
    {
      "quarter": "2024-08 (Q3)",
      "signal": "YoY REVENUE GROWTH ACCELERATION",
      "detail": "YoY growth: +10.2% vs prior quarter YoY: +3.9% (accel: +6.4%)",
      "severity": "MEDIUM"
    },
    {
      "quarter": "2024-08 (Q3)",
      "signal": "OP MARGIN TURNED POSITIVE (QoQ)",
      "detail": "Op margin: -3.4% -> +6.5%",
      "severity": "HIGH"
    },
    {
      "quarter": "2024-05 (Q2)",
      "signal": "YoY REVENUE GROWTH DECELERATION",
      "detail": "YoY growth: +3.9% vs prior quarter YoY: +9.0% (decel: -5.1%)",
      "severity": "WARNING"
    },
    {
      "quarter": "2024-02 (Q1)",
      "signal": "FCF TURNED POSITIVE",
      "detail": "FCF margin: -3.7% -> +30.1%",
      "severity": "HIGH"
    },
    {
      "quarter": "2024-02 (Q1)",
      "signal": "OPERATING LEVERAGE",
      "detail": "Rev growth +36.8% vs OpEx growth +10.1% (leverage: 3.7x)",
      "severity": "MEDIUM"
    },
    {
      "quarter": "2024-02 (Q1)",
      "signal": "YoY REVENUE GROWTH ACCELERATION",
      "detail": "YoY growth: +9.0% vs prior quarter YoY: +2.8% (accel: +6.2%)",
      "severity": "MEDIUM"
    },
    {
      "quarter": "2024-02 (Q1)",
      "signal": "INCREMENTAL MARGIN (YoY)",
      "detail": "YoY Incr OPM: +56.3% vs year-ago OPM: +12.7%",
      "severity": "HIGH"
    },
    {
      "quarter": "2023-07 (Q3)",
      "signal": "FCF TURNED POSITIVE",
      "detail": "FCF margin: -5.3% -> +6.4%",
      "severity": "HIGH"
    },
    {
      "quarter": "2023-07 (Q3)",
      "signal": "GROSS MARGIN INFLECTION",
      "detail": "GM: +44.2% -> +40.7% -> +44.3% (reversal +3.6%)",
      "severity": "MEDIUM"
    },
    {
      "quarter": "2023-07 (Q3)",
      "signal": "YoY REVENUE GROWTH ACCELERATION",
      "detail": "YoY growth: +3.4% vs prior quarter YoY: -4.0% (accel: +7.4%)",
      "severity": "MEDIUM"
    },
    {
      "quarter": "2023-07 (Q3)",
      "signal": "INCREMENTAL MARGIN (YoY)",
      "detail": "YoY Incr OPM: +51.1% vs year-ago OPM: +8.3%",
      "severity": "HIGH"
    },
    {
      "quarter": "2023-07 (Q3)",
      "signal": "OP MARGIN TURNED POSITIVE (QoQ)",
      "detail": "Op margin: -0.2% -> +9.7%",
      "severity": "HIGH"
    },
    {
      "quarter": "2023-04 (Q2)",
      "signal": "YoY REVENUE GROWTH DECELERATION",
      "detail": "YoY growth: -4.0% vs prior quarter YoY: +2.2% (decel: -6.2%)",
      "severity": "WARNING"
    },
    {
      "quarter": "2023-01 (Q1)",
      "signal": "FCF TURNED POSITIVE",
      "detail": "FCF margin: -6.9% -> +21.1%",
      "severity": "HIGH"
    },
    {
      "quarter": "2022-10 (Q4)",
      "signal": "INCREMENTAL MARGIN (YoY)",
      "detail": "YoY Incr OPM: +112.4% vs year-ago OPM: +10.2%",
      "severity": "HIGH"
    },
    {
      "quarter": "2022-07 (Q3)",
      "signal": "FCF TURNED POSITIVE",
      "detail": "FCF margin: -14.0% -> +5.2%",
      "severity": "HIGH"
    },
    {
      "quarter": "2022-07 (Q3)",
      "signal": "OPERATING LEVERAGE",
      "detail": "Rev growth +8.3% vs OpEx growth +3.0% (leverage: 2.8x)",
      "severity": "MEDIUM"
    },
    {
      "quarter": "2022-07 (Q3)",
      "signal": "YoY REVENUE GROWTH DECELERATION",
      "detail": "YoY growth: +2.2% vs prior quarter YoY: +14.1% (decel: -11.9%)",
      "severity": "WARNING"
    },
    {
      "quarter": "2022-04 (Q2)",
      "signal": "YoY REVENUE GROWTH DECELERATION",
      "detail": "YoY growth: +14.1% vs prior quarter YoY: +23.4% (decel: -9.2%)",
      "severity": "WARNING"
    },
    {
      "quarter": "2022-01 (Q1)",
      "signal": "FCF TURNED POSITIVE",
      "detail": "FCF margin: -8.9% -> +13.0%",
      "severity": "HIGH"
    },
    {
      "quarter": "2022-01 (Q1)",
      "signal": "OPERATING LEVERAGE",
      "detail": "Rev growth +24.4% vs OpEx growth +7.4% (leverage: 3.3x)",
      "severity": "MEDIUM"
    },
    {
      "quarter": "2022-01 (Q1)",
      "signal": "INCREMENTAL MARGIN (YoY)",
      "detail": "YoY Incr OPM: +35.3% vs year-ago OPM: +11.1%",
      "severity": "HIGH"
    },
    {
      "quarter": "2021-07 (Q3)",
      "signal": "FCF TURNED POSITIVE",
      "detail": "FCF margin: -12.1% -> +13.4%",
      "severity": "HIGH"
    },
    {
      "quarter": "2021-07 (Q3)",
      "signal": "OPERATING LEVERAGE",
      "detail": "Rev growth +20.9% vs OpEx growth +11.7% (leverage: 1.8x)",
      "severity": "MEDIUM"
    },
    {
      "quarter": "2021-07 (Q3)",
      "signal": "GROSS MARGIN INFLECTION",
      "detail": "GM: +42.6% -> +40.7% -> +46.8% (reversal +6.1%)",
      "severity": "HIGH"
    }
  ],
  "data_quality": {
    "n_quarters": 20,
    "coverage": {
      "revenue": [
        20,
        20
      ],
      "gross_profit": [
        20,
        20
      ],
      "op_income": [
        20,
        20
      ],
      "fcf": [
        20,
        20
      ]
    },
    "gaps": [],
    "warnings": []
  },
  "market_cap": null,
  "source": "SEC EDGAR",
  "last_updated": "2026-02-03T00:56:51.670162"
}