{
  "ticker": "GETY",
  "name": "Getty Images Holdings, Inc.",
  "quarters": [
    {
      "date": "2021-09-30T00:00:00",
      "quarter_label": "2021-09 (Q3)",
      "revenue": 237021000,
      "gross_profit": 174423000,
      "operating_income": 54996000,
      "net_income": 33629000,
      "opex": 182025000,
      "cogs": 62598000,
      "rd": null,
      "sga": 94459000,
      "fcf": 129888697,
      "ocf": 129888697,
      "capex": null,
      "gross_margin": 0.7358968192691787,
      "op_margin": 0.23203007328464567,
      "fcf_margin": 0.548005016433143
    },
    {
      "date": "2021-12-31T00:00:00",
      "quarter_label": "2021-12 (Q4)",
      "revenue": 239053000,
      "gross_profit": 174043000,
      "operating_income": 54625000,
      "net_income": null,
      "opex": 184428000,
      "cogs": 65010000,
      "rd": null,
      "sga": 93775000,
      "fcf": 46708000,
      "ocf": 59306000,
      "capex": -12598000,
      "gross_margin": 0.7280519382731027,
      "op_margin": 0.22850581251856283,
      "fcf_margin": 0.19538763370465964,
      "fcf_margin_change": -0.3526173827284834
    },
    {
      "date": "2022-03-31T00:00:00",
      "quarter_label": "2022-03 (Q1)",
      "revenue": 230978000,
      "gross_profit": 169084000,
      "operating_income": 48508000,
      "net_income": 17019868,
      "opex": 182470000,
      "cogs": 61894000,
      "rd": null,
      "sga": 93153000,
      "fcf": 33130000,
      "ocf": 49365000,
      "capex": -16235000,
      "gross_margin": 0.7320350855925672,
      "op_margin": 0.21001134307163452,
      "fcf_margin": 0.14343357376027155,
      "fcf_margin_change": -0.05195405994438809
    },
    {
      "date": "2022-06-30T00:00:00",
      "quarter_label": "2022-06 (Q2)",
      "revenue": 233327000,
      "gross_profit": 168209000,
      "operating_income": -1517721,
      "net_income": 31730239,
      "opex": 185792000,
      "cogs": 65118000,
      "rd": null,
      "sga": 95528000,
      "fcf": 16802000,
      "ocf": 30939000,
      "capex": -14137000,
      "gross_margin": 0.7209152819862253,
      "op_margin": -0.006504695127439173,
      "fcf_margin": 0.07201052599999143,
      "op_leverage_ratio": 0.5586042610249038,
      "fcf_margin_change": -0.07142304776028012
    },
    {
      "date": "2022-09-30T00:00:00",
      "quarter_label": "2022-09 (Q3)",
      "revenue": 230474000,
      "gross_profit": 166434000,
      "operating_income": 50358000,
      "net_income": -118116000,
      "opex": 180116000,
      "cogs": 64040000,
      "rd": null,
      "sga": 91571000,
      "fcf": 33207000,
      "ocf": 48869000,
      "capex": -15662000,
      "gross_margin": 0.7221378550292007,
      "op_margin": 0.21849753117488308,
      "fcf_margin": 0.14408132804567977,
      "incr_op_margin_yoy": 0.7084160684282877,
      "rev_growth_yoy": -0.027622025052632466,
      "fcf_margin_change": 0.07207080204568835
    },
    {
      "date": "2022-12-31T00:00:00",
      "quarter_label": "2022-12 (Q4)",
      "revenue": 231466000,
      "gross_profit": 167528000,
      "operating_income": 55632000,
      "net_income": null,
      "opex": 175834000,
      "cogs": 63938000,
      "rd": null,
      "sga": 96428000,
      "fcf": 20687000,
      "ocf": 33944000,
      "capex": -13257000,
      "gross_margin": 0.7237693656951777,
      "op_margin": 0.2403463143615045,
      "fcf_margin": 0.08937381732090242,
      "incr_op_margin_yoy": -0.13272703308290498,
      "rev_growth_yoy": -0.03173773180006107,
      "rev_growth_yoy_accel": -0.004115706747428605,
      "fcf_margin_change": -0.05470751072477735
    },
    {
      "date": "2023-03-31T00:00:00",
      "quarter_label": "2023-03 (Q1)",
      "revenue": 235642000,
      "gross_profit": 172356000,
      "operating_income": 49452000,
      "net_income": 3203000,
      "opex": 186190000,
      "cogs": 63286000,
      "rd": null,
      "sga": 102395000,
      "fcf": 16390000,
      "ocf": 31915000,
      "capex": -15525000,
      "gross_margin": 0.7314315784113189,
      "op_margin": 0.2098607209241137,
      "fcf_margin": 0.06955466343011857,
      "incr_op_margin_yoy": 0.20240137221269297,
      "rev_growth_yoy": 0.020192399276121535,
      "rev_growth_yoy_accel": 0.051930131076182606,
      "op_leverage_ratio": 0.3063261675575857,
      "fcf_margin_change": -0.019819153890783855
    },
    {
      "date": "2023-06-30T00:00:00",
      "quarter_label": "2023-06 (Q2)",
      "revenue": 225675000,
      "gross_profit": 162321000,
      "operating_income": 33466000,
      "net_income": -4277000,
      "opex": 192209000,
      "cogs": 63354000,
      "rd": null,
      "sga": 107723000,
      "fcf": 27941000,
      "ocf": 41868000,
      "capex": -13927000,
      "gross_margin": 0.7192688600864074,
      "op_margin": 0.14829289908053617,
      "fcf_margin": 0.12381078985266424,
      "incr_op_margin_yoy": -4.57184017250392,
      "rev_growth_yoy": -0.032795175869059306,
      "rev_growth_yoy_accel": -0.05298757514518084,
      "fcf_margin_change": 0.05425612642254567
    },
    {
      "date": "2023-09-30T00:00:00",
      "quarter_label": "2023-09 (Q3)",
      "revenue": 229298000,
      "gross_profit": 168359000,
      "operating_income": 3938000,
      "net_income": -18448000,
      "opex": 225360000,
      "cogs": 60939000,
      "rd": null,
      "sga": 97253000,
      "fcf": 12792000,
      "ocf": 25208000,
      "capex": -12416000,
      "gross_margin": 0.7342366701846506,
      "op_margin": 0.017174157646381565,
      "fcf_margin": 0.05578766496000837,
      "incr_op_margin_yoy": 39.47278911564626,
      "rev_growth_yoy": -0.005102527833942223,
      "rev_growth_yoy_accel": 0.027692648035117083,
      "op_leverage_ratio": 0.09308119895723257,
      "fcf_margin_change": -0.06802312489265586
    },
    {
      "date": "2023-12-31T00:00:00",
      "quarter_label": "2023-12 (Q4)",
      "revenue": 225939000,
      "gross_profit": 163269000,
      "operating_income": 40816000,
      "net_income": null,
      "opex": 185123000,
      "cogs": 62670000,
      "rd": null,
      "sga": 101586000,
      "fcf": 18594000,
      "ocf": 33725000,
      "capex": -15131000,
      "gross_margin": 0.7226242481377717,
      "op_margin": 0.18065052956771518,
      "fcf_margin": 0.0822965490685539,
      "incr_op_margin_yoy": 2.6806585851275555,
      "rev_growth_yoy": -0.023878236976488987,
      "rev_growth_yoy_accel": -0.018775709142546764,
      "fcf_margin_change": 0.026508884108545523
    },
    {
      "date": "2024-03-31T00:00:00",
      "quarter_label": "2024-03 (Q1)",
      "revenue": 222278000,
      "gross_profit": 162022000,
      "operating_income": 41034000,
      "net_income": 13587000,
      "opex": 181244000,
      "cogs": 60256000,
      "rd": null,
      "sga": 100944000,
      "fcf": 7076000,
      "ocf": 21528000,
      "capex": -14452000,
      "gross_margin": 0.7289160420734395,
      "op_margin": 0.18460666372740442,
      "fcf_margin": 0.03183400966357444,
      "incr_op_margin_yoy": 0.6299012271774918,
      "rev_growth_yoy": -0.05671314960830412,
      "rev_growth_yoy_accel": -0.032834912631815136,
      "fcf_margin_change": -0.05046253940497945
    },
    {
      "date": "2024-06-30T00:00:00",
      "quarter_label": "2024-06 (Q2)",
      "revenue": 229140000,
      "gross_profit": 166043000,
      "operating_income": 46458000,
      "net_income": 3689000,
      "opex": 182682000,
      "cogs": 63097000,
      "rd": null,
      "sga": 101232000,
      "fcf": 31062000,
      "ocf": 46443000,
      "capex": -15381000,
      "gross_margin": 0.7246355939600244,
      "op_margin": 0.20274941084053416,
      "fcf_margin": 0.1355590468709086,
      "incr_op_margin_yoy": 3.7494949494949497,
      "rev_growth_yoy": 0.015353938185443668,
      "rev_growth_yoy_accel": 0.07206708779374779,
      "op_leverage_ratio": 3.8909798842159597,
      "fcf_margin_change": 0.10372503720733417
    },
    {
      "date": "2024-09-30T00:00:00",
      "quarter_label": "2024-09 (Q3)",
      "revenue": 240545000,
      "gross_profit": 176453000,
      "operating_income": 57436000,
      "net_income": -2527000,
      "opex": 183109000,
      "cogs": 64092000,
      "rd": null,
      "sga": 100130000,
      "fcf": -1837000,
      "ocf": 10653000,
      "capex": -12490000,
      "gross_margin": 0.7335550520692594,
      "op_margin": 0.2387744496871687,
      "fcf_margin": -0.007636824710553119,
      "incr_op_margin_yoy": 4.7566462167689165,
      "rev_growth_yoy": 0.049049708239932314,
      "rev_growth_yoy_accel": 0.03369577005448865,
      "op_leverage_ratio": 21.294245829891587,
      "fcf_margin_change": -0.14319587158146174
    },
    {
      "date": "2024-12-31T00:00:00",
      "quarter_label": "2024-12 (Q4)",
      "revenue": 247324000,
      "gross_profit": 181701000,
      "operating_income": 35877000,
      "net_income": null,
      "opex": 211447000,
      "cogs": 65623000,
      "rd": null,
      "sga": 105490000,
      "fcf": 24569000,
      "ocf": 39696000,
      "capex": -15127000,
      "gross_margin": 0.7346678850414841,
      "op_margin": 0.1450607300545034,
      "fcf_margin": 0.09933932816871796,
      "incr_op_margin_yoy": -0.23095627776478841,
      "rev_growth_yoy": 0.09464944077826316,
      "rev_growth_yoy_accel": 0.04559973253833085,
      "op_leverage_ratio": 0.18209993667763014,
      "fcf_margin_change": 0.10697615287927108
    },
    {
      "date": "2025-03-31T00:00:00",
      "quarter_label": "2025-03 (Q1)",
      "revenue": 224077000,
      "gross_profit": 163868000,
      "operating_income": 27342000,
      "net_income": -102572000,
      "opex": 196735000,
      "cogs": 60209000,
      "rd": null,
      "sga": 98268000,
      "fcf": -322000,
      "ocf": 15384000,
      "capex": -15706000,
      "gross_margin": 0.7313021863020301,
      "op_margin": 0.12202055543406953,
      "fcf_margin": -0.0014370060291774703,
      "incr_op_margin_yoy": -7.610894941634241,
      "rev_growth_yoy": 0.008093468539396612,
      "rev_growth_yoy_accel": -0.08655597223886655,
      "fcf_margin_change": -0.10077633419789543
    },
    {
      "date": "2025-06-30T00:00:00",
      "quarter_label": "2025-06 (Q2)",
      "revenue": 234882000,
      "gross_profit": 169253000,
      "operating_income": 35560000,
      "net_income": -34359000,
      "opex": 199322000,
      "cogs": 65629000,
      "rd": null,
      "sga": 105066000,
      "fcf": -9565000,
      "ocf": 6546000,
      "capex": -16111000,
      "gross_margin": 0.7205873587588661,
      "op_margin": 0.15139516863786923,
      "fcf_margin": -0.0407225755911479,
      "incr_op_margin_yoy": -1.8979449669104842,
      "rev_growth_yoy": 0.025058915946582876,
      "rev_growth_yoy_accel": 0.016965447407186265,
      "op_leverage_ratio": 3.667015036155732,
      "fcf_margin_change": -0.03928556956197043
    },
    {
      "date": "2025-09-30T00:00:00",
      "quarter_label": "2025-09 (Q3)",
      "revenue": 240044000,
      "gross_profit": 175750000,
      "operating_income": 45114000,
      "net_income": 21618000,
      "opex": 194930000,
      "cogs": 64294000,
      "rd": null,
      "sga": 101044000,
      "fcf": 7885000,
      "ocf": 22620000,
      "capex": -14735000,
      "gross_margin": 0.7321574378030694,
      "op_margin": 0.1879405442335572,
      "fcf_margin": 0.03284814450684041,
      "rev_growth_yoy": -0.002082770375605396,
      "rev_growth_yoy_accel": -0.02714168632218827,
      "op_leverage_ratio": Infinity,
      "fcf_margin_change": 0.07357072009798832
    }
  ],
  "signals": [
    {
      "quarter": "2025-09 (Q3)",
      "signal": "FCF TURNED POSITIVE",
      "detail": "FCF margin: -4.1% -> +3.3%",
      "severity": "HIGH"
    },
    {
      "quarter": "2025-06 (Q2)",
      "signal": "OPERATING LEVERAGE",
      "detail": "Rev growth +4.8% vs OpEx growth +1.3% (leverage: 3.7x)",
      "severity": "MEDIUM"
    },
    {
      "quarter": "2025-03 (Q1)",
      "signal": "YoY REVENUE GROWTH DECELERATION",
      "detail": "YoY growth: +0.8% vs prior quarter YoY: +9.5% (decel: -8.7%)",
      "severity": "WARNING"
    },
    {
      "quarter": "2024-12 (Q4)",
      "signal": "FCF TURNED POSITIVE",
      "detail": "FCF margin: -0.8% -> +9.9%",
      "severity": "HIGH"
    },
    {
      "quarter": "2024-09 (Q3)",
      "signal": "OPERATING LEVERAGE",
      "detail": "Rev growth +5.0% vs OpEx growth +0.2% (leverage: 21.3x)",
      "severity": "MEDIUM"
    },
    {
      "quarter": "2024-09 (Q3)",
      "signal": "INCREMENTAL MARGIN (YoY)",
      "detail": "YoY Incr OPM: +475.7% vs year-ago OPM: +1.7%",
      "severity": "HIGH"
    },
    {
      "quarter": "2024-06 (Q2)",
      "signal": "FCF MARGIN EXPANSION",
      "detail": "FCF margin: +3.2% -> +13.6% (+10.4%)",
      "severity": "MEDIUM"
    },
    {
      "quarter": "2024-06 (Q2)",
      "signal": "OPERATING LEVERAGE",
      "detail": "Rev growth +3.1% vs OpEx growth +0.8% (leverage: 3.9x)",
      "severity": "MEDIUM"
    },
    {
      "quarter": "2024-06 (Q2)",
      "signal": "YoY REVENUE GROWTH ACCELERATION",
      "detail": "YoY growth: +1.5% vs prior quarter YoY: -5.7% (accel: +7.2%)",
      "severity": "MEDIUM"
    },
    {
      "quarter": "2024-06 (Q2)",
      "signal": "INCREMENTAL MARGIN (YoY)",
      "detail": "YoY Incr OPM: +374.9% vs year-ago OPM: +14.8%",
      "severity": "HIGH"
    },
    {
      "quarter": "2024-03 (Q1)",
      "signal": "INCREMENTAL MARGIN (YoY)",
      "detail": "YoY Incr OPM: +63.0% vs year-ago OPM: +21.0%",
      "severity": "HIGH"
    },
    {
      "quarter": "2023-12 (Q4)",
      "signal": "INCREMENTAL MARGIN (YoY)",
      "detail": "YoY Incr OPM: +268.1% vs year-ago OPM: +24.0%",
      "severity": "HIGH"
    },
    {
      "quarter": "2023-09 (Q3)",
      "signal": "INCREMENTAL MARGIN (YoY)",
      "detail": "YoY Incr OPM: +3947.3% vs year-ago OPM: +21.8%",
      "severity": "HIGH"
    },
    {
      "quarter": "2023-06 (Q2)",
      "signal": "FCF MARGIN EXPANSION",
      "detail": "FCF margin: +7.0% -> +12.4% (+5.4%)",
      "severity": "MEDIUM"
    },
    {
      "quarter": "2023-06 (Q2)",
      "signal": "YoY REVENUE GROWTH DECELERATION",
      "detail": "YoY growth: -3.3% vs prior quarter YoY: +2.0% (decel: -5.3%)",
      "severity": "WARNING"
    },
    {
      "quarter": "2023-06 (Q2)",
      "signal": "OP MARGIN TURNED POSITIVE (YoY)",
      "detail": "Op margin: -0.7% (year-ago) -> +14.8%",
      "severity": "HIGH"
    },
    {
      "quarter": "2023-03 (Q1)",
      "signal": "YoY REVENUE GROWTH ACCELERATION",
      "detail": "YoY growth: +2.0% vs prior quarter YoY: -3.2% (accel: +5.2%)",
      "severity": "MEDIUM"
    },
    {
      "quarter": "2022-09 (Q3)",
      "signal": "FCF MARGIN EXPANSION",
      "detail": "FCF margin: +7.2% -> +14.4% (+7.2%)",
      "severity": "MEDIUM"
    },
    {
      "quarter": "2022-09 (Q3)",
      "signal": "INCREMENTAL MARGIN (YoY)",
      "detail": "YoY Incr OPM: +70.8% vs year-ago OPM: +23.2%",
      "severity": "HIGH"
    },
    {
      "quarter": "2022-09 (Q3)",
      "signal": "OP MARGIN TURNED POSITIVE (QoQ)",
      "detail": "Op margin: -0.7% -> +21.8%",
      "severity": "HIGH"
    }
  ],
  "data_quality": {
    "n_quarters": 17,
    "coverage": {
      "revenue": [
        17,
        17
      ],
      "gross_profit": [
        17,
        17
      ],
      "op_income": [
        17,
        17
      ],
      "fcf": [
        17,
        17
      ]
    },
    "gaps": [],
    "warnings": []
  },
  "market_cap": null,
  "source": "SEC EDGAR",
  "last_updated": "2026-02-02T22:22:03.144648",
  "sector": "Communication Services",
  "industry": "Internet Content & Information"
}