{
  "ticker": "GEV",
  "name": "GE Vernova Inc.",
  "quarters": [
    {
      "date": "2023-03-31T00:00:00",
      "quarter_label": "2023-03 (Q1)",
      "revenue": 6822000000,
      "gross_profit": 919000000,
      "operating_income": -469000000,
      "net_income": -315000000,
      "opex": 1388000000,
      "cogs": 5903000000,
      "rd": 202000000,
      "sga": 1186000000,
      "fcf": -690000000,
      "ocf": -690000000,
      "capex": null,
      "gross_margin": 0.13471122837877456,
      "op_margin": -0.06874816769275872,
      "fcf_margin": -0.1011433597185576
    },
    {
      "date": "2023-06-30T00:00:00",
      "quarter_label": "2023-06 (Q2)",
      "revenue": 8119000000,
      "gross_profit": 1147000000,
      "operating_income": -341000000,
      "net_income": -150000000,
      "opex": 1488000000,
      "cogs": 6973000000,
      "rd": 216000000,
      "sga": 1272000000,
      "fcf": -288000000,
      "ocf": -288000000,
      "capex": null,
      "gross_margin": 0.1412735558566326,
      "op_margin": -0.04200024633575564,
      "fcf_margin": -0.03547234881142998,
      "op_leverage_ratio": 2.638868367047787,
      "fcf_margin_change": 0.06567101090712762
    },
    {
      "date": "2023-09-30T00:00:00",
      "quarter_label": "2023-09 (Q3)",
      "revenue": 8253000000,
      "gross_profit": 1051000000,
      "operating_income": -307000000,
      "net_income": -170000000,
      "opex": 1358000000,
      "cogs": 7201000000,
      "rd": 223000000,
      "sga": 1135000000,
      "fcf": 233000000,
      "ocf": 233000000,
      "capex": null,
      "gross_margin": 0.12734763116442505,
      "op_margin": -0.037198594450502845,
      "fcf_margin": 0.02823215800315037,
      "op_leverage_ratio": Infinity,
      "fcf_margin_change": 0.06370450681458034
    },
    {
      "date": "2023-12-31T00:00:00",
      "quarter_label": "2023-12 (Q4)",
      "revenue": 10045000000,
      "gross_profit": 1702000000,
      "operating_income": 195000000,
      "net_income": 197000000,
      "opex": 1507000000,
      "cogs": 8343000000,
      "rd": 255000000,
      "sga": 1252000000,
      "fcf": 1931000000,
      "ocf": 1931000000,
      "capex": null,
      "gross_margin": 0.16943753111000498,
      "op_margin": 0.019412643106022896,
      "fcf_margin": 0.19223494275759084,
      "op_leverage_ratio": 1.9789720557177906,
      "fcf_margin_change": 0.16400278475444047
    },
    {
      "date": "2024-03-31T00:00:00",
      "quarter_label": "2024-03 (Q1)",
      "revenue": 7260000000,
      "gross_profit": 1150000000,
      "operating_income": -289000000,
      "net_income": -130000000,
      "opex": 1439000000,
      "cogs": 6109000000,
      "rd": 237000000,
      "sga": 1202000000,
      "fcf": -444000000,
      "ocf": -444000000,
      "capex": null,
      "gross_margin": 0.1584022038567493,
      "op_margin": -0.03980716253443526,
      "fcf_margin": -0.06115702479338843,
      "incr_op_margin_yoy": 0.410958904109589,
      "rev_growth_yoy": 0.06420404573438875,
      "fcf_margin_change": -0.25339196755097926
    },
    {
      "date": "2024-06-30T00:00:00",
      "quarter_label": "2024-06 (Q2)",
      "revenue": 8204000000,
      "gross_profit": 1702000000,
      "operating_income": 527000000,
      "net_income": 1294000000,
      "opex": 1175000000,
      "cogs": 6502000000,
      "rd": 237000000,
      "sga": 938000000,
      "fcf": 979000000,
      "ocf": 979000000,
      "capex": null,
      "gross_margin": 0.20745977571916138,
      "op_margin": 0.06423695758166748,
      "fcf_margin": 0.11933203315455876,
      "incr_op_margin_yoy": 10.211764705882352,
      "rev_growth_yoy": 0.010469269614484543,
      "rev_growth_yoy_accel": -0.0537347761199042,
      "op_leverage_ratio": Infinity,
      "fcf_margin_change": 0.18048905794794717
    },
    {
      "date": "2024-09-30T00:00:00",
      "quarter_label": "2024-09 (Q3)",
      "revenue": 8913000000,
      "gross_profit": 1109000000,
      "operating_income": -359000000,
      "net_income": -96000000,
      "opex": 1468000000,
      "cogs": 7804000000,
      "rd": 243000000,
      "sga": 1226000000,
      "fcf": 1127000000,
      "ocf": 1127000000,
      "capex": null,
      "gross_margin": 0.12442499719510827,
      "op_margin": -0.040278245259732975,
      "fcf_margin": 0.12644451924155728,
      "incr_op_margin_yoy": -0.07878787878787878,
      "rev_growth_yoy": 0.07997091966557615,
      "rev_growth_yoy_accel": 0.0695016500510916,
      "op_leverage_ratio": 0.3465698909879972,
      "fcf_margin_change": 0.007112486086998521
    },
    {
      "date": "2024-12-31T00:00:00",
      "quarter_label": "2024-12 (Q4)",
      "revenue": 10559000000,
      "gross_profit": 2123000000,
      "operating_income": 593000000,
      "net_income": 484000000,
      "opex": 1530000000,
      "cogs": 8435000000,
      "rd": 265000000,
      "sga": 1266000000,
      "fcf": 921000000,
      "ocf": 921000000,
      "capex": null,
      "gross_margin": 0.20106070650629795,
      "op_margin": 0.05616062127095369,
      "fcf_margin": 0.0872241689553935,
      "incr_op_margin_yoy": 0.77431906614786,
      "rev_growth_yoy": 0.05116973618715779,
      "rev_growth_yoy_accel": -0.02880118347841836,
      "op_leverage_ratio": 4.372605436784979,
      "fcf_margin_change": -0.039220350286163774
    },
    {
      "date": "2025-03-31T00:00:00",
      "quarter_label": "2025-03 (Q1)",
      "revenue": 8032000000,
      "gross_profit": 1470000000,
      "operating_income": 43000000,
      "net_income": 254000000,
      "opex": 1427000000,
      "cogs": 6562000000,
      "rd": 239000000,
      "sga": 1188000000,
      "fcf": 1161000000,
      "ocf": 1161000000,
      "capex": null,
      "gross_margin": 0.1830179282868526,
      "op_margin": 0.0053535856573705175,
      "fcf_margin": 0.144546812749004,
      "incr_op_margin_yoy": 0.43005181347150256,
      "rev_growth_yoy": 0.10633608815426997,
      "rev_growth_yoy_accel": 0.05516635196711218,
      "fcf_margin_change": 0.05732264379361049
    },
    {
      "date": "2025-06-30T00:00:00",
      "quarter_label": "2025-06 (Q2)",
      "revenue": 9111000000,
      "gross_profit": 1846000000,
      "operating_income": 378000000,
      "net_income": 514000000,
      "opex": 1468000000,
      "cogs": 7266000000,
      "rd": 282000000,
      "sga": 1185000000,
      "fcf": 367000000,
      "ocf": 367000000,
      "capex": null,
      "gross_margin": 0.20261222697837777,
      "op_margin": 0.04148831083305894,
      "fcf_margin": 0.04028097903632971,
      "incr_op_margin_yoy": -0.16427783902976847,
      "rev_growth_yoy": 0.1105558264261336,
      "rev_growth_yoy_accel": 0.0042197382718636295,
      "op_leverage_ratio": 4.675605504810028,
      "fcf_margin_change": -0.10426583371267428
    },
    {
      "date": "2025-09-30T00:00:00",
      "quarter_label": "2025-09 (Q3)",
      "revenue": 9969000000,
      "gross_profit": 1897000000,
      "operating_income": 366000000,
      "net_income": 452000000,
      "opex": 1531000000,
      "cogs": 8071000000,
      "rd": 310000000,
      "sga": 1221000000,
      "fcf": 980000000,
      "ocf": 980000000,
      "capex": null,
      "gross_margin": 0.19028989868592638,
      "op_margin": 0.0367138128197412,
      "fcf_margin": 0.09830474470859665,
      "incr_op_margin_yoy": 0.6865530303030303,
      "rev_growth_yoy": 0.11847862672500842,
      "rev_growth_yoy_accel": 0.007922800298874821,
      "op_leverage_ratio": 2.1943542865505328,
      "fcf_margin_change": 0.05802376567226694
    },
    {
      "date": "2025-12-31T00:00:00",
      "quarter_label": "2025-12 (Q4)",
      "revenue": 10956000000,
      "gross_profit": 2322000000,
      "operating_income": 601000000,
      "net_income": 3664000000,
      "opex": 1721000000,
      "cogs": 8634000000,
      "rd": 365000000,
      "sga": 1355000000,
      "fcf": 2479000000,
      "ocf": 2479000000,
      "capex": null,
      "gross_margin": 0.21193866374589265,
      "op_margin": 0.054855786783497625,
      "fcf_margin": 0.22626871120847025,
      "incr_op_margin_yoy": 0.020151133501259445,
      "rev_growth_yoy": 0.037598257410739654,
      "rev_growth_yoy_accel": -0.08088036931426876,
      "op_leverage_ratio": 0.7977873513153936,
      "fcf_margin_change": 0.1279639664998736
    }
  ],
  "signals": [
    {
      "quarter": "2025-12 (Q4)",
      "signal": "FCF MARGIN EXPANSION",
      "detail": "FCF margin: +9.8% -> +22.6% (+12.8%)",
      "severity": "MEDIUM"
    },
    {
      "quarter": "2025-12 (Q4)",
      "signal": "GROSS MARGIN INFLECTION",
      "detail": "GM: +20.3% -> +19.0% -> +21.2% (reversal +2.2%)",
      "severity": "MEDIUM"
    },
    {
      "quarter": "2025-12 (Q4)",
      "signal": "YoY REVENUE GROWTH DECELERATION",
      "detail": "YoY growth: +3.8% vs prior quarter YoY: +11.8% (decel: -8.1%)",
      "severity": "WARNING"
    },
    {
      "quarter": "2025-09 (Q3)",
      "signal": "FCF MARGIN EXPANSION",
      "detail": "FCF margin: +4.0% -> +9.8% (+5.8%)",
      "severity": "MEDIUM"
    },
    {
      "quarter": "2025-09 (Q3)",
      "signal": "OPERATING LEVERAGE",
      "detail": "Rev growth +9.4% vs OpEx growth +4.3% (leverage: 2.2x)",
      "severity": "MEDIUM"
    },
    {
      "quarter": "2025-09 (Q3)",
      "signal": "OP MARGIN TURNED POSITIVE (YoY)",
      "detail": "Op margin: -4.0% (year-ago) -> +3.7%",
      "severity": "HIGH"
    },
    {
      "quarter": "2025-06 (Q2)",
      "signal": "OPERATING LEVERAGE",
      "detail": "Rev growth +13.4% vs OpEx growth +2.9% (leverage: 4.7x)",
      "severity": "MEDIUM"
    },
    {
      "quarter": "2025-03 (Q1)",
      "signal": "FCF MARGIN EXPANSION",
      "detail": "FCF margin: +8.7% -> +14.5% (+5.7%)",
      "severity": "MEDIUM"
    },
    {
      "quarter": "2025-03 (Q1)",
      "signal": "YoY REVENUE GROWTH ACCELERATION",
      "detail": "YoY growth: +10.6% vs prior quarter YoY: +5.1% (accel: +5.5%)",
      "severity": "MEDIUM"
    },
    {
      "quarter": "2025-03 (Q1)",
      "signal": "OP MARGIN TURNED POSITIVE (YoY)",
      "detail": "Op margin: -4.0% (year-ago) -> +0.5%",
      "severity": "HIGH"
    },
    {
      "quarter": "2024-12 (Q4)",
      "signal": "OPERATING LEVERAGE",
      "detail": "Rev growth +18.5% vs OpEx growth +4.2% (leverage: 4.4x)",
      "severity": "MEDIUM"
    },
    {
      "quarter": "2024-12 (Q4)",
      "signal": "GROSS MARGIN INFLECTION",
      "detail": "GM: +20.7% -> +12.4% -> +20.1% (reversal +7.7%)",
      "severity": "HIGH"
    },
    {
      "quarter": "2024-12 (Q4)",
      "signal": "INCREMENTAL MARGIN (YoY)",
      "detail": "YoY Incr OPM: +77.4% vs year-ago OPM: +1.9%",
      "severity": "HIGH"
    },
    {
      "quarter": "2024-12 (Q4)",
      "signal": "OP MARGIN TURNED POSITIVE (QoQ)",
      "detail": "Op margin: -4.0% -> +5.6%",
      "severity": "HIGH"
    },
    {
      "quarter": "2024-09 (Q3)",
      "signal": "YoY REVENUE GROWTH ACCELERATION",
      "detail": "YoY growth: +8.0% vs prior quarter YoY: +1.0% (accel: +7.0%)",
      "severity": "MEDIUM"
    },
    {
      "quarter": "2024-06 (Q2)",
      "signal": "FCF TURNED POSITIVE",
      "detail": "FCF margin: -6.1% -> +11.9%",
      "severity": "HIGH"
    },
    {
      "quarter": "2024-06 (Q2)",
      "signal": "GROSS MARGIN INFLECTION",
      "detail": "GM: +16.9% -> +15.8% -> +20.7% (reversal +4.9%)",
      "severity": "MEDIUM"
    },
    {
      "quarter": "2024-06 (Q2)",
      "signal": "YoY REVENUE GROWTH DECELERATION",
      "detail": "YoY growth: +1.0% vs prior quarter YoY: +6.4% (decel: -5.4%)",
      "severity": "WARNING"
    },
    {
      "quarter": "2024-06 (Q2)",
      "signal": "OP MARGIN TURNED POSITIVE (YoY)",
      "detail": "Op margin: -4.2% (year-ago) -> +6.4%",
      "severity": "HIGH"
    },
    {
      "quarter": "2024-06 (Q2)",
      "signal": "OP MARGIN TURNED POSITIVE (QoQ)",
      "detail": "Op margin: -4.0% -> +6.4%",
      "severity": "HIGH"
    },
    {
      "quarter": "2023-12 (Q4)",
      "signal": "FCF MARGIN EXPANSION",
      "detail": "FCF margin: +2.8% -> +19.2% (+16.4%)",
      "severity": "MEDIUM"
    },
    {
      "quarter": "2023-12 (Q4)",
      "signal": "OPERATING LEVERAGE",
      "detail": "Rev growth +21.7% vs OpEx growth +11.0% (leverage: 2.0x)",
      "severity": "MEDIUM"
    },
    {
      "quarter": "2023-12 (Q4)",
      "signal": "GROSS MARGIN INFLECTION",
      "detail": "GM: +14.1% -> +12.7% -> +16.9% (reversal +4.2%)",
      "severity": "MEDIUM"
    },
    {
      "quarter": "2023-12 (Q4)",
      "signal": "OP MARGIN TURNED POSITIVE (QoQ)",
      "detail": "Op margin: -3.7% -> +1.9%",
      "severity": "HIGH"
    },
    {
      "quarter": "2023-09 (Q3)",
      "signal": "FCF TURNED POSITIVE",
      "detail": "FCF margin: -3.5% -> +2.8%",
      "severity": "HIGH"
    },
    {
      "quarter": "2023-06 (Q2)",
      "signal": "FCF MARGIN EXPANSION",
      "detail": "FCF margin: -10.1% -> -3.5% (+6.6%)",
      "severity": "MEDIUM"
    },
    {
      "quarter": "2023-06 (Q2)",
      "signal": "OPERATING LEVERAGE",
      "detail": "Rev growth +19.0% vs OpEx growth +7.2% (leverage: 2.6x)",
      "severity": "MEDIUM"
    }
  ],
  "data_quality": {
    "n_quarters": 12,
    "coverage": {
      "revenue": [
        12,
        12
      ],
      "gross_profit": [
        12,
        12
      ],
      "op_income": [
        12,
        12
      ],
      "fcf": [
        12,
        12
      ]
    },
    "gaps": [],
    "warnings": []
  },
  "market_cap": null,
  "source": "SEC EDGAR",
  "last_updated": "2026-02-02T19:46:11.689570",
  "sector": "Industrials",
  "industry": "Specialty Industrial Machinery"
}