{
  "ticker": "GEVO",
  "name": "GEVO,\u00a0INC.",
  "quarters": [
    {
      "date": "2020-12-31T00:00:00",
      "quarter_label": "2020-12 (Q4)",
      "revenue": 531000,
      "gross_profit": -1429000,
      "operating_income": -6999000,
      "net_income": -18054000,
      "opex": 5570000,
      "cogs": 1960000,
      "rd": 1959000,
      "sga": 3611000,
      "fcf": -9570000,
      "ocf": -4757000,
      "capex": -4813000,
      "gross_margin": -2.6911487758945385,
      "op_margin": -13.180790960451978,
      "fcf_margin": -18.0225988700565
    },
    {
      "date": "2021-03-31T00:00:00",
      "quarter_label": "2021-03 (Q1)",
      "revenue": 93000,
      "gross_profit": -1901000,
      "operating_income": -9878000,
      "net_income": -10057000,
      "opex": 7977000,
      "cogs": 1994000,
      "rd": 1378000,
      "sga": 3872000,
      "fcf": -11795000,
      "ocf": -7165000,
      "capex": -4630000,
      "gross_margin": -20.440860215053764,
      "op_margin": -106.21505376344086,
      "fcf_margin": -126.82795698924731,
      "fcf_margin_change": -108.80535811919081
    },
    {
      "date": "2021-06-30T00:00:00",
      "quarter_label": "2021-06 (Q2)",
      "revenue": 422000,
      "gross_profit": -2372000,
      "operating_income": -19022000,
      "net_income": -18253000,
      "opex": 16650000,
      "cogs": 2794000,
      "rd": 1404000,
      "sga": 4820000,
      "fcf": -26721000,
      "ocf": -12303000,
      "capex": -14418000,
      "gross_margin": -5.62085308056872,
      "op_margin": -45.07582938388626,
      "fcf_margin": -63.31990521327014,
      "op_leverage_ratio": 3.25374261240855,
      "fcf_margin_change": 63.50805177597717
    },
    {
      "date": "2021-09-30T00:00:00",
      "quarter_label": "2021-09 (Q3)",
      "revenue": 142000,
      "gross_profit": -3340000,
      "operating_income": -14712000,
      "net_income": -14380000,
      "opex": 11372000,
      "cogs": 3482000,
      "rd": 1541000,
      "sga": 9335000,
      "fcf": -42340000,
      "ocf": -9225000,
      "capex": -33115000,
      "gross_margin": -23.52112676056338,
      "op_margin": -103.6056338028169,
      "fcf_margin": -298.16901408450707,
      "fcf_margin_change": -234.84910887123692
    },
    {
      "date": "2021-12-31T00:00:00",
      "quarter_label": "2021-12 (Q4)",
      "revenue": 54000,
      "gross_profit": -3841000,
      "operating_income": -16478000,
      "net_income": -16513000,
      "opex": 12637000,
      "cogs": -583000,
      "rd": 2452000,
      "sga": 7466000,
      "fcf": -45393000,
      "ocf": -19578000,
      "capex": -25815000,
      "gross_margin": -71.12962962962963,
      "op_margin": -305.14814814814815,
      "fcf_margin": -840.6111111111111,
      "rev_growth_yoy": -0.8983050847457628,
      "fcf_margin_change": -542.442097026604
    },
    {
      "date": "2022-03-31T00:00:00",
      "quarter_label": "2022-03 (Q1)",
      "revenue": 232000,
      "gross_profit": -3949000,
      "operating_income": -15955000,
      "net_income": -15673000,
      "opex": 12006000,
      "cogs": 4181000,
      "rd": 1192000,
      "sga": 9367000,
      "fcf": -43712000,
      "ocf": -12494000,
      "capex": -31218000,
      "gross_margin": -17.021551724137932,
      "op_margin": -68.77155172413794,
      "fcf_margin": -188.41379310344828,
      "rev_growth_yoy": 1.4946236559139785,
      "rev_growth_yoy_accel": 2.392928740659741,
      "op_leverage_ratio": Infinity,
      "fcf_margin_change": 652.1973180076628
    },
    {
      "date": "2022-06-30T00:00:00",
      "quarter_label": "2022-06 (Q2)",
      "revenue": 89000,
      "gross_profit": -3639000,
      "operating_income": -16115000,
      "net_income": -13161000,
      "opex": 12476000,
      "cogs": 3728000,
      "rd": 1966000,
      "sga": 9209000,
      "fcf": -19654000,
      "ocf": -4707000,
      "capex": -14947000,
      "gross_margin": -40.8876404494382,
      "op_margin": -181.06741573033707,
      "fcf_margin": -220.8314606741573,
      "rev_growth_yoy": -0.7890995260663507,
      "rev_growth_yoy_accel": -2.283723181980329,
      "fcf_margin_change": -32.41766757070903
    },
    {
      "date": "2022-09-30T00:00:00",
      "quarter_label": "2022-09 (Q3)",
      "revenue": 309000,
      "gross_profit": -3589000,
      "operating_income": -43669000,
      "net_income": -43786000,
      "opex": 40080000,
      "cogs": 3898000,
      "rd": 1562000,
      "sga": 11144000,
      "fcf": -46247000,
      "ocf": -15575000,
      "capex": -30672000,
      "gross_margin": -11.614886731391586,
      "op_margin": -141.32362459546925,
      "fcf_margin": -149.66666666666666,
      "rev_growth_yoy": 1.176056338028169,
      "rev_growth_yoy_accel": 1.9651558640945197,
      "op_leverage_ratio": 1.1172131054121774,
      "fcf_margin_change": 71.16479400749066
    },
    {
      "date": "2022-12-31T00:00:00",
      "quarter_label": "2022-12 (Q4)",
      "revenue": 545000,
      "gross_profit": 2848000,
      "operating_income": -26947000,
      "net_income": -25387000,
      "opex": 38493000,
      "cogs": -2303000,
      "rd": 2707000,
      "sga": null,
      "fcf": -18775000,
      "ocf": -11535000,
      "capex": -7240000,
      "gross_margin": 5.225688073394496,
      "op_margin": -49.444036697247704,
      "fcf_margin": -34.44954128440367,
      "rev_growth_yoy": 9.092592592592593,
      "rev_growth_yoy_accel": 7.9165362545644244,
      "op_leverage_ratio": Infinity,
      "fcf_margin_change": 115.21712538226299
    },
    {
      "date": "2023-03-31T00:00:00",
      "quarter_label": "2023-03 (Q1)",
      "revenue": 4060000,
      "gross_profit": -365000,
      "operating_income": -20857000,
      "net_income": -17618000,
      "opex": 24917000,
      "cogs": 4425000,
      "rd": 1198000,
      "sga": null,
      "fcf": -30865000,
      "ocf": -8772000,
      "capex": -22093000,
      "gross_margin": -0.08990147783251232,
      "op_margin": -5.137192118226601,
      "fcf_margin": -7.602216748768473,
      "incr_op_margin_yoy": -1.280564263322884,
      "rev_growth_yoy": 16.5,
      "rev_growth_yoy_accel": 7.4074074074074066,
      "op_leverage_ratio": Infinity,
      "fcf_margin_change": 26.8473245356352
    },
    {
      "date": "2023-06-30T00:00:00",
      "quarter_label": "2023-06 (Q2)",
      "revenue": 4238000,
      "gross_profit": 2307000,
      "operating_income": -18915000,
      "net_income": -14420000,
      "opex": 23153000,
      "cogs": 1931000,
      "rd": 1960000,
      "sga": null,
      "fcf": -27637000,
      "ocf": -9201000,
      "capex": -18436000,
      "gross_margin": 0.5443605474280321,
      "op_margin": -4.46319018404908,
      "fcf_margin": -6.521236432279377,
      "incr_op_margin_yoy": -0.6748614123885274,
      "rev_growth_yoy": 46.61797752808989,
      "rev_growth_yoy_accel": 30.117977528089888,
      "op_leverage_ratio": Infinity,
      "fcf_margin_change": 1.0809803164890965
    },
    {
      "date": "2023-09-30T00:00:00",
      "quarter_label": "2023-09 (Q3)",
      "revenue": 4528000,
      "gross_profit": 2048000,
      "operating_income": -20726000,
      "net_income": -15700000,
      "opex": 25254000,
      "cogs": 2480000,
      "rd": 1558000,
      "sga": null,
      "fcf": -24039000,
      "ocf": -3155000,
      "capex": -20884000,
      "gross_margin": 0.45229681978798586,
      "op_margin": -4.5772968197879855,
      "fcf_margin": -5.308966431095406,
      "incr_op_margin_yoy": 5.4380184877933155,
      "rev_growth_yoy": 13.653721682847896,
      "rev_growth_yoy_accel": -32.96425584524199,
      "op_leverage_ratio": 0.754081462814961,
      "fcf_margin_change": 1.2122700011839704
    },
    {
      "date": "2023-12-31T00:00:00",
      "quarter_label": "2023-12 (Q4)",
      "revenue": 4374000,
      "gross_profit": 1219000,
      "operating_income": -21337000,
      "net_income": -18477000,
      "opex": 25711000,
      "cogs": 3155000,
      "rd": 1921000,
      "sga": null,
      "fcf": -25633000,
      "ocf": -32591000,
      "capex": 6958000,
      "gross_margin": 0.278692272519433,
      "op_margin": -4.87814357567444,
      "fcf_margin": -5.860310928212162,
      "incr_op_margin_yoy": 1.4651344998694176,
      "rev_growth_yoy": 7.0256880733944955,
      "rev_growth_yoy_accel": -6.628033609453401,
      "fcf_margin_change": -0.551344497116756
    },
    {
      "date": "2024-03-31T00:00:00",
      "quarter_label": "2024-03 (Q1)",
      "revenue": 3990000,
      "gross_profit": 1403000,
      "operating_income": -23141000,
      "net_income": -18875000,
      "opex": 27131000,
      "cogs": 2587000,
      "rd": 1548000,
      "sga": null,
      "fcf": -33590000,
      "ocf": -16078000,
      "capex": -17512000,
      "gross_margin": 0.35162907268170424,
      "op_margin": -5.799749373433584,
      "fcf_margin": -8.418546365914787,
      "rev_growth_yoy": -0.017241379310344827,
      "rev_growth_yoy_accel": -7.042929452704841,
      "fcf_margin_change": -2.558235437702625
    },
    {
      "date": "2024-06-30T00:00:00",
      "quarter_label": "2024-06 (Q2)",
      "revenue": 5260000,
      "gross_profit": 1837000,
      "operating_income": -24029000,
      "net_income": -21002000,
      "opex": 29289000,
      "cogs": 3423000,
      "rd": 1641000,
      "sga": null,
      "fcf": -20638000,
      "ocf": -11442000,
      "capex": -9196000,
      "gross_margin": 0.3492395437262357,
      "op_margin": -4.568250950570342,
      "fcf_margin": -3.923574144486692,
      "incr_op_margin_yoy": -5.003913894324853,
      "rev_growth_yoy": 0.24115148655025956,
      "rev_growth_yoy_accel": 0.2583928658606044,
      "op_leverage_ratio": 4.00170607240994,
      "fcf_margin_change": 4.494972221428096
    },
    {
      "date": "2024-09-30T00:00:00",
      "quarter_label": "2024-09 (Q3)",
      "revenue": 1965000,
      "gross_profit": -579000,
      "operating_income": -24008000,
      "net_income": -21156000,
      "opex": 25973000,
      "cogs": 2544000,
      "rd": 1113000,
      "sga": null,
      "fcf": -20771000,
      "ocf": -11020000,
      "capex": -9751000,
      "gross_margin": -0.29465648854961835,
      "op_margin": -12.217811704834606,
      "fcf_margin": -10.570483460559796,
      "incr_op_margin_yoy": 1.2805306281701132,
      "rev_growth_yoy": -0.5660335689045937,
      "rev_growth_yoy_accel": -0.8071850554548532,
      "fcf_margin_change": -6.6469093160731045
    },
    {
      "date": "2024-12-31T00:00:00",
      "quarter_label": "2024-12 (Q4)",
      "revenue": 5700000,
      "gross_profit": 2252000,
      "operating_income": -19646000,
      "net_income": -17607000,
      "opex": 25346000,
      "cogs": 3448000,
      "rd": 1274000,
      "sga": null,
      "fcf": -33469000,
      "ocf": -18843000,
      "capex": -14626000,
      "gross_margin": 0.3950877192982456,
      "op_margin": -3.4466666666666668,
      "fcf_margin": -5.871754385964913,
      "incr_op_margin_yoy": 1.2752639517345399,
      "rev_growth_yoy": 0.30315500685871055,
      "rev_growth_yoy_accel": 0.8691885757633042,
      "op_leverage_ratio": Infinity,
      "fcf_margin_change": 4.698729074594883
    },
    {
      "date": "2025-03-31T00:00:00",
      "quarter_label": "2025-03 (Q1)",
      "revenue": 29109000,
      "gross_profit": 7663000,
      "operating_income": -20139000,
      "net_income": -21728000,
      "opex": 49248000,
      "cogs": 21446000,
      "rd": 1052000,
      "sga": null,
      "fcf": -29882000,
      "ocf": -24048000,
      "capex": -5834000,
      "gross_margin": 0.2632519152152255,
      "op_margin": -0.6918478820983202,
      "fcf_margin": -1.0265553608849496,
      "incr_op_margin_yoy": 0.11951112703531191,
      "rev_growth_yoy": 6.295488721804511,
      "rev_growth_yoy_accel": 5.992333714945801,
      "op_leverage_ratio": 4.354950213371266,
      "fcf_margin_change": 4.845199025079963
    },
    {
      "date": "2025-06-30T00:00:00",
      "quarter_label": "2025-06 (Q2)",
      "revenue": 43413000,
      "gross_profit": 26148000,
      "operating_income": 5796000,
      "net_income": 2144000,
      "opex": 37617000,
      "cogs": 17265000,
      "rd": 934000,
      "sga": null,
      "fcf": -7765000,
      "ocf": -2522000,
      "capex": -5243000,
      "gross_margin": 0.6023080644046714,
      "op_margin": 0.13350839610254991,
      "fcf_margin": -0.17886347407458594,
      "incr_op_margin_yoy": 0.7817209655859303,
      "rev_growth_yoy": 7.253422053231939,
      "rev_growth_yoy_accel": 0.9579333314274283,
      "op_leverage_ratio": Infinity,
      "fcf_margin_change": 0.8476918868103637
    },
    {
      "date": "2025-09-30T00:00:00",
      "quarter_label": "2025-09 (Q3)",
      "revenue": 42710000,
      "gross_profit": 20425000,
      "operating_income": -3690000,
      "net_income": -7954000,
      "opex": 46400000,
      "cogs": 22285000,
      "rd": 1273000,
      "sga": null,
      "fcf": -14616000,
      "ocf": -6786000,
      "capex": -7830000,
      "gross_margin": 0.4782252399906345,
      "op_margin": -0.08639662842425662,
      "fcf_margin": -0.34221493795364083,
      "incr_op_margin_yoy": 0.498662412565959,
      "rev_growth_yoy": 20.735368956743002,
      "rev_growth_yoy_accel": 13.481946903511062,
      "fcf_margin_change": -0.1633514638790549
    }
  ],
  "signals": [
    {
      "quarter": "2025-09 (Q3)",
      "signal": "YoY REVENUE GROWTH ACCELERATION",
      "detail": "YoY growth: +2073.5% vs prior quarter YoY: +725.3% (accel: +1348.2%)",
      "severity": "HIGH"
    },
    {
      "quarter": "2025-06 (Q2)",
      "signal": "FCF MARGIN EXPANSION",
      "detail": "FCF margin: -102.7% -> -17.9% (+84.8%)",
      "severity": "MEDIUM"
    },
    {
      "quarter": "2025-06 (Q2)",
      "signal": "GROSS MARGIN INFLECTION",
      "detail": "GM: +39.5% -> +26.3% -> +60.2% (reversal +33.9%)",
      "severity": "HIGH"
    },
    {
      "quarter": "2025-06 (Q2)",
      "signal": "YoY REVENUE GROWTH ACCELERATION",
      "detail": "YoY growth: +725.3% vs prior quarter YoY: +629.5% (accel: +95.8%)",
      "severity": "HIGH"
    },
    {
      "quarter": "2025-06 (Q2)",
      "signal": "OP MARGIN TURNED POSITIVE (YoY)",
      "detail": "Op margin: -456.8% (year-ago) -> +13.4%",
      "severity": "HIGH"
    },
    {
      "quarter": "2025-06 (Q2)",
      "signal": "OP MARGIN TURNED POSITIVE (QoQ)",
      "detail": "Op margin: -69.2% -> +13.4%",
      "severity": "HIGH"
    },
    {
      "quarter": "2025-03 (Q1)",
      "signal": "FCF MARGIN EXPANSION",
      "detail": "FCF margin: -587.2% -> -102.7% (+484.5%)",
      "severity": "MEDIUM"
    },
    {
      "quarter": "2025-03 (Q1)",
      "signal": "OPERATING LEVERAGE",
      "detail": "Rev growth +410.7% vs OpEx growth +94.3% (leverage: 4.4x)",
      "severity": "MEDIUM"
    },
    {
      "quarter": "2025-03 (Q1)",
      "signal": "YoY REVENUE GROWTH ACCELERATION",
      "detail": "YoY growth: +629.5% vs prior quarter YoY: +30.3% (accel: +599.2%)",
      "severity": "HIGH"
    },
    {
      "quarter": "2024-12 (Q4)",
      "signal": "FCF MARGIN EXPANSION",
      "detail": "FCF margin: -1057.0% -> -587.2% (+469.9%)",
      "severity": "MEDIUM"
    },
    {
      "quarter": "2024-12 (Q4)",
      "signal": "GROSS MARGIN INFLECTION",
      "detail": "GM: +34.9% -> -29.5% -> +39.5% (reversal +69.0%)",
      "severity": "HIGH"
    },
    {
      "quarter": "2024-12 (Q4)",
      "signal": "YoY REVENUE GROWTH ACCELERATION",
      "detail": "YoY growth: +30.3% vs prior quarter YoY: -56.6% (accel: +86.9%)",
      "severity": "HIGH"
    },
    {
      "quarter": "2024-09 (Q3)",
      "signal": "YoY REVENUE GROWTH DECELERATION",
      "detail": "YoY growth: -56.6% vs prior quarter YoY: +24.1% (decel: -80.7%)",
      "severity": "WARNING"
    },
    {
      "quarter": "2024-06 (Q2)",
      "signal": "FCF MARGIN EXPANSION",
      "detail": "FCF margin: -841.9% -> -392.4% (+449.5%)",
      "severity": "MEDIUM"
    },
    {
      "quarter": "2024-06 (Q2)",
      "signal": "OPERATING LEVERAGE",
      "detail": "Rev growth +31.8% vs OpEx growth +8.0% (leverage: 4.0x)",
      "severity": "MEDIUM"
    },
    {
      "quarter": "2024-06 (Q2)",
      "signal": "YoY REVENUE GROWTH ACCELERATION",
      "detail": "YoY growth: +24.1% vs prior quarter YoY: -1.7% (accel: +25.8%)",
      "severity": "HIGH"
    },
    {
      "quarter": "2024-03 (Q1)",
      "signal": "GROSS MARGIN INFLECTION",
      "detail": "GM: +45.2% -> +27.9% -> +35.2% (reversal +7.3%)",
      "severity": "HIGH"
    },
    {
      "quarter": "2024-03 (Q1)",
      "signal": "YoY REVENUE GROWTH DECELERATION",
      "detail": "YoY growth: -1.7% vs prior quarter YoY: +702.6% (decel: -704.3%)",
      "severity": "WARNING"
    },
    {
      "quarter": "2023-12 (Q4)",
      "signal": "YoY REVENUE GROWTH DECELERATION",
      "detail": "YoY growth: +702.6% vs prior quarter YoY: +1365.4% (decel: -662.8%)",
      "severity": "WARNING"
    },
    {
      "quarter": "2023-09 (Q3)",
      "signal": "FCF MARGIN EXPANSION",
      "detail": "FCF margin: -652.1% -> -530.9% (+121.2%)",
      "severity": "MEDIUM"
    },
    {
      "quarter": "2023-09 (Q3)",
      "signal": "YoY REVENUE GROWTH DECELERATION",
      "detail": "YoY growth: +1365.4% vs prior quarter YoY: +4661.8% (decel: -3296.4%)",
      "severity": "WARNING"
    },
    {
      "quarter": "2023-06 (Q2)",
      "signal": "FCF MARGIN EXPANSION",
      "detail": "FCF margin: -760.2% -> -652.1% (+108.1%)",
      "severity": "MEDIUM"
    },
    {
      "quarter": "2023-06 (Q2)",
      "signal": "GROSS MARGIN INFLECTION",
      "detail": "GM: +522.6% -> -9.0% -> +54.4% (reversal +63.4%)",
      "severity": "HIGH"
    },
    {
      "quarter": "2023-06 (Q2)",
      "signal": "YoY REVENUE GROWTH ACCELERATION",
      "detail": "YoY growth: +4661.8% vs prior quarter YoY: +1650.0% (accel: +3011.8%)",
      "severity": "HIGH"
    },
    {
      "quarter": "2023-03 (Q1)",
      "signal": "FCF MARGIN EXPANSION",
      "detail": "FCF margin: -3445.0% -> -760.2% (+2684.7%)",
      "severity": "MEDIUM"
    },
    {
      "quarter": "2023-03 (Q1)",
      "signal": "YoY REVENUE GROWTH ACCELERATION",
      "detail": "YoY growth: +1650.0% vs prior quarter YoY: +909.3% (accel: +740.7%)",
      "severity": "HIGH"
    },
    {
      "quarter": "2022-12 (Q4)",
      "signal": "FCF MARGIN EXPANSION",
      "detail": "FCF margin: -14966.7% -> -3445.0% (+11521.7%)",
      "severity": "MEDIUM"
    },
    {
      "quarter": "2022-12 (Q4)",
      "signal": "YoY REVENUE GROWTH ACCELERATION",
      "detail": "YoY growth: +909.3% vs prior quarter YoY: +117.6% (accel: +791.7%)",
      "severity": "HIGH"
    },
    {
      "quarter": "2022-09 (Q3)",
      "signal": "FCF MARGIN EXPANSION",
      "detail": "FCF margin: -22083.1% -> -14966.7% (+7116.5%)",
      "severity": "MEDIUM"
    },
    {
      "quarter": "2022-09 (Q3)",
      "signal": "GROSS MARGIN INFLECTION",
      "detail": "GM: -1702.2% -> -4088.8% -> -1161.5% (reversal +2927.3%)",
      "severity": "HIGH"
    },
    {
      "quarter": "2022-09 (Q3)",
      "signal": "YoY REVENUE GROWTH ACCELERATION",
      "detail": "YoY growth: +117.6% vs prior quarter YoY: -78.9% (accel: +196.5%)",
      "severity": "HIGH"
    },
    {
      "quarter": "2022-06 (Q2)",
      "signal": "YoY REVENUE GROWTH DECELERATION",
      "detail": "YoY growth: -78.9% vs prior quarter YoY: +149.5% (decel: -228.4%)",
      "severity": "WARNING"
    },
    {
      "quarter": "2022-03 (Q1)",
      "signal": "FCF MARGIN EXPANSION",
      "detail": "FCF margin: -84061.1% -> -18841.4% (+65219.7%)",
      "severity": "MEDIUM"
    },
    {
      "quarter": "2022-03 (Q1)",
      "signal": "GROSS MARGIN INFLECTION",
      "detail": "GM: -2352.1% -> -7113.0% -> -1702.2% (reversal +5410.8%)",
      "severity": "HIGH"
    },
    {
      "quarter": "2022-03 (Q1)",
      "signal": "YoY REVENUE GROWTH ACCELERATION",
      "detail": "YoY growth: +149.5% vs prior quarter YoY: -89.8% (accel: +239.3%)",
      "severity": "HIGH"
    },
    {
      "quarter": "2021-06 (Q2)",
      "signal": "FCF MARGIN EXPANSION",
      "detail": "FCF margin: -12682.8% -> -6332.0% (+6350.8%)",
      "severity": "MEDIUM"
    },
    {
      "quarter": "2021-06 (Q2)",
      "signal": "OPERATING LEVERAGE",
      "detail": "Rev growth +353.8% vs OpEx growth +108.7% (leverage: 3.3x)",
      "severity": "MEDIUM"
    },
    {
      "quarter": "2021-06 (Q2)",
      "signal": "GROSS MARGIN INFLECTION",
      "detail": "GM: -269.1% -> -2044.1% -> -562.1% (reversal +1482.0%)",
      "severity": "HIGH"
    }
  ],
  "data_quality": {
    "n_quarters": 20,
    "coverage": {
      "revenue": [
        20,
        20
      ],
      "gross_profit": [
        20,
        20
      ],
      "op_income": [
        20,
        20
      ],
      "fcf": [
        20,
        20
      ]
    },
    "gaps": [],
    "warnings": []
  },
  "market_cap": null,
  "source": "SEC EDGAR",
  "last_updated": "2026-02-02T22:25:15.338675",
  "sector": "Basic Materials",
  "industry": "Specialty Chemicals"
}