{
  "ticker": "GGG",
  "name": "Graco Inc.",
  "quarters": [
    {
      "date": "2020-12-25T00:00:00",
      "quarter_label": "2020-12 (Q4)",
      "revenue": 470340000,
      "gross_profit": 244824000,
      "operating_income": 132128000,
      "net_income": 114691000,
      "opex": 112696000,
      "cogs": 225516000,
      "rd": 19450000,
      "sga": null,
      "fcf": 105734000,
      "ocf": 131316000,
      "capex": -25582000,
      "gross_margin": 0.5205255772419951,
      "op_margin": 0.28092018539779734,
      "fcf_margin": 0.22480333375855763
    },
    {
      "date": "2021-03-26T00:00:00",
      "quarter_label": "2021-03 (Q1)",
      "revenue": 454129000,
      "gross_profit": 247334000,
      "operating_income": 128286000,
      "net_income": 105687000,
      "opex": 119048000,
      "cogs": 206795000,
      "rd": 19571000,
      "sga": null,
      "fcf": 80254000,
      "ocf": 101669000,
      "capex": -21415000,
      "gross_margin": 0.5446337934815878,
      "op_margin": 0.2824880155198193,
      "fcf_margin": 0.17672071151589086,
      "fcf_margin_change": -0.04808262224266677
    },
    {
      "date": "2021-06-25T00:00:00",
      "quarter_label": "2021-06 (Q2)",
      "revenue": 507164000,
      "gross_profit": 263824000,
      "operating_income": 133843000,
      "net_income": 110118000,
      "opex": 129981000,
      "cogs": 243340000,
      "rd": 21406000,
      "sga": null,
      "fcf": 85034000,
      "ocf": 118378000,
      "capex": -33344000,
      "gross_margin": 0.5201946510399003,
      "op_margin": 0.26390477242075544,
      "fcf_margin": 0.1676656860502717,
      "op_leverage_ratio": 1.2716455990306774,
      "fcf_margin_change": -0.009055025465619149
    },
    {
      "date": "2021-09-24T00:00:00",
      "quarter_label": "2021-09 (Q3)",
      "revenue": 486696000,
      "gross_profit": 248234000,
      "operating_income": 124599000,
      "net_income": 103829000,
      "opex": 123635000,
      "cogs": 238462000,
      "rd": 19762000,
      "sga": null,
      "fcf": 109315000,
      "ocf": 137184000,
      "capex": -27869000,
      "gross_margin": 0.5100391209296974,
      "op_margin": 0.2560099117313477,
      "fcf_margin": 0.22460632509821327,
      "fcf_margin_change": 0.056940639047941555
    },
    {
      "date": "2021-12-31T00:00:00",
      "quarter_label": "2021-12 (Q4)",
      "revenue": 539619000,
      "gross_profit": 274557000,
      "operating_income": 144595000,
      "net_income": 120232000,
      "opex": 129962000,
      "cogs": 265062000,
      "rd": 18912000,
      "sga": null,
      "fcf": 48727000,
      "ocf": 99665000,
      "capex": -50938000,
      "gross_margin": 0.5087978740555836,
      "op_margin": 0.2679575774759599,
      "fcf_margin": 0.09029889607297001,
      "incr_op_margin_yoy": 0.17995352126907144,
      "rev_growth_yoy": 0.1472955734149764,
      "op_leverage_ratio": 2.1248597816349393,
      "fcf_margin_change": -0.13430742902524326
    },
    {
      "date": "2022-04-01T00:00:00",
      "quarter_label": "2022-04 (Q2)",
      "revenue": 494285000,
      "gross_profit": 254475000,
      "operating_income": 128363000,
      "net_income": 100843000,
      "opex": 126112000,
      "cogs": 239810000,
      "rd": 19078000,
      "sga": null,
      "fcf": -15768000,
      "ocf": 31325000,
      "capex": -47093000,
      "gross_margin": 0.5148345590094784,
      "op_margin": 0.25969430591662707,
      "fcf_margin": -0.031900624133849906,
      "incr_op_margin_yoy": 0.0019175216655045323,
      "rev_growth_yoy": 0.0884242142651097,
      "rev_growth_yoy_accel": -0.0588713591498667,
      "fcf_margin_change": -0.12219952020681991
    },
    {
      "date": "2022-07-01T00:00:00",
      "quarter_label": "2022-07 (Q3)",
      "revenue": 548547000,
      "gross_profit": 269060000,
      "operating_income": 148680000,
      "net_income": 117378000,
      "opex": 120380000,
      "cogs": 279487000,
      "rd": 19967000,
      "sga": null,
      "fcf": 61892000,
      "ocf": 103660000,
      "capex": -41768000,
      "gross_margin": 0.49049580072445936,
      "op_margin": 0.2710433198978392,
      "fcf_margin": 0.11282898274897138,
      "incr_op_margin_yoy": 0.3585288645095812,
      "rev_growth_yoy": 0.0815968799047251,
      "rev_growth_yoy_accel": -0.0068273343603846015,
      "op_leverage_ratio": Infinity,
      "fcf_margin_change": 0.14472960688282127
    },
    {
      "date": "2022-09-30T00:00:00",
      "quarter_label": "2022-09 (Q3)",
      "revenue": 545644000,
      "gross_profit": 261088000,
      "operating_income": 143149000,
      "net_income": 116232000,
      "opex": 117939000,
      "cogs": 284556000,
      "rd": 19704000,
      "sga": null,
      "fcf": 78235000,
      "ocf": 136567000,
      "capex": -58332000,
      "gross_margin": 0.4784951360227548,
      "op_margin": 0.2623487108810873,
      "fcf_margin": 0.14338103232144037,
      "incr_op_margin_yoy": 0.31468412838433873,
      "rev_growth_yoy": 0.12111872709042194,
      "rev_growth_yoy_accel": 0.039521847185696846,
      "fcf_margin_change": 0.030552049572468987
    },
    {
      "date": "2022-12-30T00:00:00",
      "quarter_label": "2022-12 (Q4)",
      "revenue": 555045000,
      "gross_profit": 272816000,
      "operating_income": 152508000,
      "net_income": 126192000,
      "opex": 120308000,
      "cogs": 282229000,
      "rd": 21259000,
      "sga": null,
      "fcf": 51874000,
      "ocf": 105842000,
      "capex": -53968000,
      "gross_margin": 0.4915205073462512,
      "op_margin": 0.27476691079101695,
      "fcf_margin": 0.09345908890270158,
      "incr_op_margin_yoy": 0.5129651238169325,
      "rev_growth_yoy": 0.028586836267811177,
      "rev_growth_yoy_accel": -0.09253189082261076,
      "op_leverage_ratio": 0.8577427364950678,
      "fcf_margin_change": -0.04992194341873879
    },
    {
      "date": "2023-03-31T00:00:00",
      "quarter_label": "2023-03 (Q1)",
      "revenue": 529646000,
      "gross_profit": 285140000,
      "operating_income": 156668000,
      "net_income": 129166000,
      "opex": 128472000,
      "cogs": 244506000,
      "rd": 20479000,
      "sga": null,
      "fcf": 52539000,
      "ocf": 90829000,
      "capex": -38290000,
      "gross_margin": 0.5383595835709134,
      "op_margin": 0.2957975704527175,
      "fcf_margin": 0.09919644441759212,
      "incr_op_margin_yoy": 0.8004581318401629,
      "rev_growth_yoy": 0.07153969875679012,
      "rev_growth_yoy_accel": 0.042952862488978935,
      "fcf_margin_change": 0.005737355514890546
    },
    {
      "date": "2023-06-30T00:00:00",
      "quarter_label": "2023-06 (Q2)",
      "revenue": 559644000,
      "gross_profit": 291415000,
      "operating_income": 157052000,
      "net_income": 134268000,
      "opex": 134363000,
      "cogs": 268229000,
      "rd": 21286000,
      "sga": null,
      "fcf": 137552000,
      "ocf": 191494000,
      "capex": -53942000,
      "gross_margin": 0.5207149545067936,
      "op_margin": 0.28062839948252816,
      "fcf_margin": 0.2457848203500797,
      "incr_op_margin_yoy": 0.7544381364332703,
      "rev_growth_yoy": 0.020229807108597803,
      "rev_growth_yoy_accel": -0.051309891648192316,
      "op_leverage_ratio": 1.2351680987132305,
      "fcf_margin_change": 0.14658837593248758
    },
    {
      "date": "2023-09-29T00:00:00",
      "quarter_label": "2023-09 (Q3)",
      "revenue": 539672000,
      "gross_profit": 284524000,
      "operating_income": 163189000,
      "net_income": 133123000,
      "opex": 121335000,
      "cogs": 255148000,
      "rd": 19817000,
      "sga": null,
      "fcf": 155653000,
      "ocf": 209047000,
      "capex": -53394000,
      "gross_margin": 0.5272165315228509,
      "op_margin": 0.30238552305845035,
      "fcf_margin": 0.28842148564313136,
      "incr_op_margin_yoy": -3.3556597454789014,
      "rev_growth_yoy": -0.010944865150171174,
      "rev_growth_yoy_accel": -0.03117467225876898,
      "fcf_margin_change": 0.04263666529305166
    },
    {
      "date": "2023-12-29T00:00:00",
      "quarter_label": "2023-12 (Q4)",
      "revenue": 566644000,
      "gross_profit": 299942000,
      "operating_income": 169934000,
      "net_income": 109954000,
      "opex": 130008000,
      "cogs": 266702000,
      "rd": 21240000,
      "sga": null,
      "fcf": 120498000,
      "ocf": 159647000,
      "capex": -39149000,
      "gross_margin": 0.5293305849881054,
      "op_margin": 0.299895525232774,
      "fcf_margin": 0.21265203549318443,
      "incr_op_margin_yoy": 1.50237089404259,
      "rev_growth_yoy": 0.020897404714933024,
      "rev_growth_yoy_accel": 0.031842269865104196,
      "op_leverage_ratio": 0.6991977355357791,
      "fcf_margin_change": -0.07576945014994693
    },
    {
      "date": "2024-03-29T00:00:00",
      "quarter_label": "2024-03 (Q1)",
      "revenue": 492189000,
      "gross_profit": 266197000,
      "operating_income": 132996000,
      "net_income": 122199000,
      "opex": 133201000,
      "cogs": 225992000,
      "rd": 21872000,
      "sga": null,
      "fcf": 81731000,
      "ocf": 118923000,
      "capex": -37192000,
      "gross_margin": 0.540843050129117,
      "op_margin": 0.27021327173098136,
      "fcf_margin": 0.1660561288448137,
      "incr_op_margin_yoy": 0.6319780014416531,
      "rev_growth_yoy": -0.07072082107671916,
      "rev_growth_yoy_accel": -0.09161822579165219,
      "fcf_margin_change": -0.04659590664837074
    },
    {
      "date": "2024-06-28T00:00:00",
      "quarter_label": "2024-06 (Q2)",
      "revenue": 553243000,
      "gross_profit": 300854000,
      "operating_income": 161359000,
      "net_income": 132978000,
      "opex": 139495000,
      "cogs": 252389000,
      "rd": 21897000,
      "sga": null,
      "fcf": 102742000,
      "ocf": 138999000,
      "capex": -36257000,
      "gross_margin": 0.5438008253154581,
      "op_margin": 0.2916602650191688,
      "fcf_margin": 0.18570863074634472,
      "incr_op_margin_yoy": -0.6728636150601468,
      "rev_growth_yoy": -0.011437628206502706,
      "rev_growth_yoy_accel": 0.05928319287021645,
      "op_leverage_ratio": 2.6252034461899867,
      "fcf_margin_change": 0.019652501901531033
    },
    {
      "date": "2024-09-27T00:00:00",
      "quarter_label": "2024-09 (Q3)",
      "revenue": 519212000,
      "gross_profit": 276130000,
      "operating_income": 145723000,
      "net_income": 122197000,
      "opex": 130407000,
      "cogs": 243082000,
      "rd": 21306000,
      "sga": null,
      "fcf": 159225000,
      "ocf": 178564000,
      "capex": -19339000,
      "gross_margin": 0.5318251504202522,
      "op_margin": 0.28066184910980485,
      "fcf_margin": 0.306666640986726,
      "incr_op_margin_yoy": 0.8536656891495601,
      "rev_growth_yoy": -0.03791191686802354,
      "rev_growth_yoy_accel": -0.026474288661520833,
      "fcf_margin_change": 0.1209580102403813
    },
    {
      "date": "2024-12-27T00:00:00",
      "quarter_label": "2024-12 (Q4)",
      "revenue": 548672000,
      "gross_profit": 279280000,
      "operating_income": 130018000,
      "net_income": 108708000,
      "opex": 149262000,
      "cogs": 269392000,
      "rd": 22154000,
      "sga": null,
      "fcf": 171265000,
      "ocf": 185214000,
      "capex": -13949000,
      "gross_margin": 0.5090108480111979,
      "op_margin": 0.23696853493526188,
      "fcf_margin": 0.31214459640732534,
      "incr_op_margin_yoy": 2.2210104607166703,
      "rev_growth_yoy": -0.03171656278015827,
      "rev_growth_yoy_accel": 0.006195354087865271,
      "op_leverage_ratio": 0.39243017006660197,
      "fcf_margin_change": 0.005477955420599312
    },
    {
      "date": "2025-03-28T00:00:00",
      "quarter_label": "2025-03 (Q1)",
      "revenue": 528284000,
      "gross_profit": 277733000,
      "operating_income": 144013000,
      "net_income": 124101000,
      "opex": 133720000,
      "cogs": 250551000,
      "rd": 19375000,
      "sga": null,
      "fcf": 114819000,
      "ocf": 125416000,
      "capex": -10597000,
      "gross_margin": 0.5257266924608733,
      "op_margin": 0.27260526534969826,
      "fcf_margin": 0.21734332290964709,
      "incr_op_margin_yoy": 0.3052223299625987,
      "rev_growth_yoy": 0.07333564951675067,
      "rev_growth_yoy_accel": 0.10505221229690895,
      "fcf_margin_change": -0.09480127349767825
    },
    {
      "date": "2025-06-27T00:00:00",
      "quarter_label": "2025-06 (Q2)",
      "revenue": 571806000,
      "gross_profit": 299530000,
      "operating_income": 157484000,
      "net_income": 127623000,
      "opex": 142046000,
      "cogs": 272276000,
      "rd": 20731000,
      "sga": null,
      "fcf": 163097000,
      "ocf": 182687000,
      "capex": -19590000,
      "gross_margin": 0.5238315092881152,
      "op_margin": 0.2754150883341553,
      "fcf_margin": 0.2852313546902271,
      "incr_op_margin_yoy": -0.2087485858966762,
      "rev_growth_yoy": 0.03355306800086038,
      "rev_growth_yoy_accel": -0.03978258151589029,
      "op_leverage_ratio": 1.3231264413563009,
      "fcf_margin_change": 0.06788803178058
    },
    {
      "date": "2025-09-26T00:00:00",
      "quarter_label": "2025-09 (Q3)",
      "revenue": 543358000,
      "gross_profit": 289225000,
      "operating_income": 164721000,
      "net_income": 137628000,
      "opex": 124504000,
      "cogs": 254133000,
      "rd": 20251000,
      "sga": null,
      "fcf": 175700000,
      "ocf": 179159000,
      "capex": -3459000,
      "gross_margin": 0.5322917855263013,
      "op_margin": 0.3031537218555722,
      "fcf_margin": 0.32335955300188823,
      "incr_op_margin_yoy": 0.7867969850078688,
      "rev_growth_yoy": 0.046505088480235435,
      "rev_growth_yoy_accel": 0.012952020479375055,
      "fcf_margin_change": 0.03812819831166114
    }
  ],
  "signals": [
    {
      "quarter": "2025-09 (Q3)",
      "signal": "INCREMENTAL MARGIN (YoY)",
      "detail": "YoY Incr OPM: +78.7% vs year-ago OPM: +28.1%",
      "severity": "HIGH"
    },
    {
      "quarter": "2025-06 (Q2)",
      "signal": "FCF MARGIN EXPANSION",
      "detail": "FCF margin: +21.7% -> +28.5% (+6.8%)",
      "severity": "MEDIUM"
    },
    {
      "quarter": "2025-03 (Q1)",
      "signal": "YoY REVENUE GROWTH ACCELERATION",
      "detail": "YoY growth: +7.3% vs prior quarter YoY: -3.2% (accel: +10.5%)",
      "severity": "MEDIUM"
    },
    {
      "quarter": "2024-12 (Q4)",
      "signal": "INCREMENTAL MARGIN (YoY)",
      "detail": "YoY Incr OPM: +222.1% vs year-ago OPM: +30.0%",
      "severity": "HIGH"
    },
    {
      "quarter": "2024-09 (Q3)",
      "signal": "FCF MARGIN EXPANSION",
      "detail": "FCF margin: +18.6% -> +30.7% (+12.1%)",
      "severity": "MEDIUM"
    },
    {
      "quarter": "2024-09 (Q3)",
      "signal": "INCREMENTAL MARGIN (YoY)",
      "detail": "YoY Incr OPM: +85.4% vs year-ago OPM: +30.2%",
      "severity": "HIGH"
    },
    {
      "quarter": "2024-06 (Q2)",
      "signal": "OPERATING LEVERAGE",
      "detail": "Rev growth +12.4% vs OpEx growth +4.7% (leverage: 2.6x)",
      "severity": "MEDIUM"
    },
    {
      "quarter": "2024-06 (Q2)",
      "signal": "YoY REVENUE GROWTH ACCELERATION",
      "detail": "YoY growth: -1.1% vs prior quarter YoY: -7.1% (accel: +5.9%)",
      "severity": "MEDIUM"
    },
    {
      "quarter": "2024-03 (Q1)",
      "signal": "YoY REVENUE GROWTH DECELERATION",
      "detail": "YoY growth: -7.1% vs prior quarter YoY: +2.1% (decel: -9.2%)",
      "severity": "WARNING"
    },
    {
      "quarter": "2024-03 (Q1)",
      "signal": "INCREMENTAL MARGIN (YoY)",
      "detail": "YoY Incr OPM: +63.2% vs year-ago OPM: +29.6%",
      "severity": "HIGH"
    },
    {
      "quarter": "2023-12 (Q4)",
      "signal": "INCREMENTAL MARGIN (YoY)",
      "detail": "YoY Incr OPM: +150.2% vs year-ago OPM: +27.5%",
      "severity": "HIGH"
    },
    {
      "quarter": "2023-06 (Q2)",
      "signal": "FCF MARGIN EXPANSION",
      "detail": "FCF margin: +9.9% -> +24.6% (+14.7%)",
      "severity": "MEDIUM"
    },
    {
      "quarter": "2023-06 (Q2)",
      "signal": "YoY REVENUE GROWTH DECELERATION",
      "detail": "YoY growth: +2.0% vs prior quarter YoY: +7.2% (decel: -5.1%)",
      "severity": "WARNING"
    },
    {
      "quarter": "2023-06 (Q2)",
      "signal": "INCREMENTAL MARGIN (YoY)",
      "detail": "YoY Incr OPM: +75.4% vs year-ago OPM: +27.1%",
      "severity": "HIGH"
    },
    {
      "quarter": "2023-03 (Q1)",
      "signal": "INCREMENTAL MARGIN (YoY)",
      "detail": "YoY Incr OPM: +80.0% vs year-ago OPM: +26.0%",
      "severity": "HIGH"
    },
    {
      "quarter": "2022-12 (Q4)",
      "signal": "YoY REVENUE GROWTH DECELERATION",
      "detail": "YoY growth: +2.9% vs prior quarter YoY: +12.1% (decel: -9.3%)",
      "severity": "WARNING"
    },
    {
      "quarter": "2022-12 (Q4)",
      "signal": "INCREMENTAL MARGIN (YoY)",
      "detail": "YoY Incr OPM: +51.3% vs year-ago OPM: +26.8%",
      "severity": "HIGH"
    },
    {
      "quarter": "2022-07 (Q3)",
      "signal": "FCF TURNED POSITIVE",
      "detail": "FCF margin: -3.2% -> +11.3%",
      "severity": "HIGH"
    },
    {
      "quarter": "2022-04 (Q2)",
      "signal": "YoY REVENUE GROWTH DECELERATION",
      "detail": "YoY growth: +8.8% vs prior quarter YoY: +14.7% (decel: -5.9%)",
      "severity": "WARNING"
    },
    {
      "quarter": "2021-12 (Q4)",
      "signal": "OPERATING LEVERAGE",
      "detail": "Rev growth +10.9% vs OpEx growth +5.1% (leverage: 2.1x)",
      "severity": "MEDIUM"
    },
    {
      "quarter": "2021-09 (Q3)",
      "signal": "FCF MARGIN EXPANSION",
      "detail": "FCF margin: +16.8% -> +22.5% (+5.7%)",
      "severity": "MEDIUM"
    }
  ],
  "data_quality": {
    "n_quarters": 20,
    "coverage": {
      "revenue": [
        20,
        20
      ],
      "gross_profit": [
        20,
        20
      ],
      "op_income": [
        20,
        20
      ],
      "fcf": [
        20,
        20
      ]
    },
    "gaps": [],
    "warnings": []
  },
  "market_cap": null,
  "source": "SEC EDGAR",
  "last_updated": "2026-02-02T20:27:17.087926"
}