{
  "ticker": "GHM",
  "name": "GRAHAM CORPORATION",
  "sector": "Industrials",
  "industry": "Specialty Industrial Machinery",
  "quarters": [
    {
      "date": "2021-03-31T00:00:00",
      "quarter_label": "2021-03 (Q1)",
      "revenue": 25671000,
      "gross_profit": 4981000,
      "operating_income": 601000,
      "net_income": 388000,
      "opex": 4380000,
      "cogs": 20690000,
      "rd": null,
      "sga": 4380000,
      "fcf": -3088000,
      "ocf": -2392000,
      "capex": -696000,
      "gross_margin": 0.194032176385805,
      "op_margin": 0.023411631802422967,
      "fcf_margin": -0.1202913793775077
    },
    {
      "date": "2021-06-30T00:00:00",
      "quarter_label": "2021-06 (Q2)",
      "revenue": 20157000,
      "gross_profit": 914000,
      "operating_income": -4009000,
      "net_income": -3126000,
      "opex": 4923000,
      "cogs": 19243000,
      "rd": null,
      "sga": 4832000,
      "fcf": -7522000,
      "ocf": -7076000,
      "capex": -446000,
      "gross_margin": 0.04534404921367267,
      "op_margin": -0.19888872352036513,
      "fcf_margin": -0.37317061070595825,
      "fcf_margin_change": -0.2528792313284506
    },
    {
      "date": "2021-09-30T00:00:00",
      "quarter_label": "2021-09 (Q3)",
      "revenue": 34146000,
      "gross_profit": 3443000,
      "operating_income": -702000,
      "net_income": -492000,
      "opex": 4145000,
      "cogs": 30703000,
      "rd": null,
      "sga": 4973000,
      "fcf": -2407000,
      "ocf": -1626000,
      "capex": -781000,
      "gross_margin": 0.10083172260294032,
      "op_margin": -0.02055877701634159,
      "fcf_margin": -0.07049141919990629,
      "op_leverage_ratio": null,
      "fcf_margin_change": 0.30267919150605194
    },
    {
      "date": "2021-12-31T00:00:00",
      "quarter_label": "2021-12 (Q4)",
      "revenue": 28774000,
      "gross_profit": 561000,
      "operating_income": -4582000,
      "net_income": -3730000,
      "opex": 5143000,
      "cogs": 28213000,
      "rd": null,
      "sga": 4729000,
      "fcf": -6532000,
      "ocf": -5850000,
      "capex": -682000,
      "gross_margin": 0.019496767915479253,
      "op_margin": -0.1592409814415792,
      "fcf_margin": -0.2270104955862932,
      "fcf_margin_change": -0.1565190763863869
    },
    {
      "date": "2022-03-31T00:00:00",
      "quarter_label": "2022-03 (Q1)",
      "revenue": 39737000,
      "gross_profit": 4211000,
      "operating_income": -2050000,
      "net_income": -1425000,
      "opex": 6261000,
      "cogs": 35526000,
      "rd": null,
      "sga": 5852000,
      "fcf": 11918000,
      "ocf": 12333000,
      "capex": -415000,
      "gross_margin": 0.10597176435060524,
      "op_margin": -0.0515891989833153,
      "fcf_margin": 0.29992198706495204,
      "incr_op_margin_yoy": -0.18846864780321343,
      "rev_growth_yoy": 0.5479334657785049,
      "op_leverage_ratio": 1.75268510393688,
      "fcf_margin_change": 0.5269324826512453
    },
    {
      "date": "2022-06-30T00:00:00",
      "quarter_label": "2022-06 (Q2)",
      "revenue": 36075000,
      "gross_profit": 6744000,
      "operating_income": 985000,
      "net_income": 676000,
      "opex": 5759000,
      "cogs": 29331000,
      "rd": null,
      "sga": 5485000,
      "fcf": -973000,
      "ocf": -689000,
      "capex": -284000,
      "gross_margin": 0.18694386694386694,
      "op_margin": 0.027304227304227303,
      "fcf_margin": -0.026971586971586973,
      "incr_op_margin_yoy": 0.3137328810152029,
      "rev_growth_yoy": 0.7897008483405269,
      "rev_growth_yoy_accel": 0.24176738256202202,
      "fcf_margin_change": -0.326893574036539
    },
    {
      "date": "2022-09-30T00:00:00",
      "quarter_label": "2022-09 (Q3)",
      "revenue": 38143000,
      "gross_profit": 5280000,
      "operating_income": -52000,
      "net_income": -196000,
      "opex": 5332000,
      "cogs": 32863000,
      "rd": null,
      "sga": 5059000,
      "fcf": -601000,
      "ocf": 291000,
      "capex": -892000,
      "gross_margin": 0.13842644784101932,
      "op_margin": -0.001363290774191857,
      "fcf_margin": -0.015756495294025116,
      "incr_op_margin_yoy": 0.16262196647485613,
      "rev_growth_yoy": 0.11705617056170561,
      "rev_growth_yoy_accel": -0.6726446777788213,
      "op_leverage_ratio": null,
      "fcf_margin_change": 0.011215091677561857
    },
    {
      "date": "2022-12-31T00:00:00",
      "quarter_label": "2022-12 (Q4)",
      "revenue": 39873000,
      "gross_profit": 6227000,
      "operating_income": 669000,
      "net_income": 368000,
      "opex": 5558000,
      "cogs": 33646000,
      "rd": null,
      "sga": 5284000,
      "fcf": 8126000,
      "ocf": 9344000,
      "capex": -1218000,
      "gross_margin": 0.15617084242469842,
      "op_margin": 0.016778271010458205,
      "fcf_margin": 0.20379705565169412,
      "incr_op_margin_yoy": 0.4731056851968646,
      "rev_growth_yoy": 0.3857301730729131,
      "rev_growth_yoy_accel": 0.26867400251120743,
      "op_leverage_ratio": 1.0700718929394484,
      "fcf_margin_change": 0.21955355094571924
    },
    {
      "date": "2023-03-31T00:00:00",
      "quarter_label": "2023-03 (Q1)",
      "revenue": 43027000,
      "gross_profit": 7157000,
      "operating_income": -352000,
      "net_income": -481000,
      "opex": 7509000,
      "cogs": 35870000,
      "rd": null,
      "sga": 7235000,
      "fcf": 3613000,
      "ocf": 4968000,
      "capex": -1355000,
      "gross_margin": 0.16633741604109048,
      "op_margin": -0.008180909661375415,
      "fcf_margin": 0.08397053013224255,
      "incr_op_margin_yoy": 0.5161094224924012,
      "rev_growth_yoy": 0.08279437300249139,
      "rev_growth_yoy_accel": -0.3029358000704217,
      "op_leverage_ratio": 0.22534298833445088,
      "fcf_margin_change": -0.11982652551945157
    },
    {
      "date": "2023-06-30T00:00:00",
      "quarter_label": "2023-06 (Q2)",
      "revenue": 47569000,
      "gross_profit": 10977000,
      "operating_income": 3684000,
      "net_income": 2640000,
      "opex": 7293000,
      "cogs": 36592000,
      "rd": null,
      "sga": 7019000,
      "fcf": 7104000,
      "ocf": 8603000,
      "capex": -1499000,
      "gross_margin": 0.23075952826420568,
      "op_margin": 0.07744539511026088,
      "fcf_margin": 0.14934095734617084,
      "incr_op_margin_yoy": 0.234818165999652,
      "rev_growth_yoy": 0.31861399861399864,
      "rev_growth_yoy_accel": 0.23581962561150727,
      "op_leverage_ratio": null,
      "fcf_margin_change": 0.06537042721392829
    },
    {
      "date": "2023-09-30T00:00:00",
      "quarter_label": "2023-09 (Q3)",
      "revenue": 45076000,
      "gross_profit": 7191000,
      "operating_income": 803000,
      "net_income": 411000,
      "opex": 6388000,
      "cogs": 37885000,
      "rd": null,
      "sga": 6115000,
      "fcf": 1482000,
      "ocf": 3295000,
      "capex": -1813000,
      "gross_margin": 0.15953057059188924,
      "op_margin": 0.017814357973200818,
      "fcf_margin": 0.03287780637146153,
      "incr_op_margin_yoy": 0.12332323669407183,
      "rev_growth_yoy": 0.18176336418215663,
      "rev_growth_yoy_accel": -0.136850634431842,
      "fcf_margin_change": -0.1164631509747093
    },
    {
      "date": "2023-12-31T00:00:00",
      "quarter_label": "2023-12 (Q4)",
      "revenue": 43818000,
      "gross_profit": 9723000,
      "operating_income": 911000,
      "net_income": 165000,
      "opex": 8812000,
      "cogs": 34095000,
      "rd": null,
      "sga": 8429000,
      "fcf": 5704000,
      "ocf": 7585000,
      "capex": -1881000,
      "gross_margin": 0.22189511159797343,
      "op_margin": 0.0207905426993473,
      "fcf_margin": 0.1301748140033776,
      "incr_op_margin_yoy": 0.06134347275031685,
      "rev_growth_yoy": 0.09893913174328493,
      "rev_growth_yoy_accel": -0.0828242324388717,
      "fcf_margin_change": 0.09729700763191607
    },
    {
      "date": "2024-03-31T00:00:00",
      "quarter_label": "2024-03 (Q1)",
      "revenue": 49070000,
      "gross_profit": 12694000,
      "operating_income": 1524000,
      "net_income": 1340000,
      "opex": 11170000,
      "cogs": 36376000,
      "rd": null,
      "sga": 10654000,
      "fcf": 4604000,
      "ocf": 8637000,
      "capex": -4033000,
      "gross_margin": 0.25869166496841245,
      "op_margin": 0.0310576727124516,
      "fcf_margin": 0.09382514774811494,
      "incr_op_margin_yoy": 0.31044183352639415,
      "rev_growth_yoy": 0.1404466962604876,
      "rev_growth_yoy_accel": 0.04150756451720268,
      "op_leverage_ratio": 0.44792247491755066,
      "fcf_margin_change": -0.03634966625526266
    },
    {
      "date": "2024-06-30T00:00:00",
      "quarter_label": "2024-06 (Q2)",
      "revenue": 49951000,
      "gross_profit": 12368000,
      "operating_income": 3224000,
      "net_income": 2966000,
      "opex": 9144000,
      "cogs": 37583000,
      "rd": null,
      "sga": 8838000,
      "fcf": 5738000,
      "ocf": 8716000,
      "capex": -2978000,
      "gross_margin": 0.24760265059758563,
      "op_margin": 0.06454325238733959,
      "fcf_margin": 0.11487257512362115,
      "incr_op_margin_yoy": -0.19311502938706968,
      "rev_growth_yoy": 0.050074628434484646,
      "rev_growth_yoy_accel": -0.09037206782600296,
      "op_leverage_ratio": null,
      "fcf_margin_change": 0.021047427375506203
    },
    {
      "date": "2024-09-30T00:00:00",
      "quarter_label": "2024-09 (Q3)",
      "revenue": 53563000,
      "gross_profit": 12799000,
      "operating_income": 4235000,
      "net_income": 3281000,
      "opex": 8564000,
      "cogs": 40764000,
      "rd": null,
      "sga": 8723000,
      "fcf": 10447000,
      "ocf": 13933000,
      "capex": -3486000,
      "gross_margin": 0.23895226182252674,
      "op_margin": 0.07906577301495435,
      "fcf_margin": 0.1950413531728992,
      "incr_op_margin_yoy": 0.40438317426652526,
      "rev_growth_yoy": 0.18828201260094063,
      "rev_growth_yoy_accel": 0.13820738416645598,
      "op_leverage_ratio": null,
      "fcf_margin_change": 0.08016877804927805
    },
    {
      "date": "2024-12-31T00:00:00",
      "quarter_label": "2024-12 (Q4)",
      "revenue": 47037000,
      "gross_profit": 11686000,
      "operating_income": 2210000,
      "net_income": 1588000,
      "opex": 9476000,
      "cogs": 35351000,
      "rd": null,
      "sga": 9260000,
      "fcf": -2112000,
      "ocf": 5224000,
      "capex": -7336000,
      "gross_margin": 0.24844271530922465,
      "op_margin": 0.04698428896400706,
      "fcf_margin": -0.044900822756553355,
      "incr_op_margin_yoy": 0.40354147250698974,
      "rev_growth_yoy": 0.0734629604272217,
      "rev_growth_yoy_accel": -0.11481905217371893,
      "fcf_margin_change": -0.23994217592945255
    },
    {
      "date": "2025-03-31T00:00:00",
      "quarter_label": "2025-03 (Q1)",
      "revenue": 59345000,
      "gross_profit": 16008000,
      "operating_income": 5519000,
      "net_income": 4395000,
      "opex": 10489000,
      "cogs": 43337000,
      "rd": null,
      "sga": 10322000,
      "fcf": -8714000,
      "ocf": -3557000,
      "capex": -5157000,
      "gross_margin": 0.2697447131182071,
      "op_margin": 0.09299856769736288,
      "fcf_margin": -0.14683629623388658,
      "incr_op_margin_yoy": 0.38880778588807785,
      "rev_growth_yoy": 0.20939474220501325,
      "rev_growth_yoy_accel": 0.13593178177779155,
      "op_leverage_ratio": 2.4477298237482117,
      "fcf_margin_change": -0.10193547347733323
    },
    {
      "date": "2025-06-30T00:00:00",
      "quarter_label": "2025-06 (Q2)",
      "revenue": 55487000,
      "gross_profit": 14721000,
      "operating_income": 4964000,
      "net_income": 4595000,
      "opex": 9757000,
      "cogs": 40766000,
      "rd": null,
      "sga": 9397000,
      "fcf": -9263000,
      "ocf": -2259000,
      "capex": -7004000,
      "gross_margin": 0.26530538684736965,
      "op_margin": 0.0894623965974012,
      "fcf_margin": -0.16694000396489267,
      "incr_op_margin_yoy": 0.3143063583815029,
      "rev_growth_yoy": 0.110828612039799,
      "rev_growth_yoy_accel": -0.09856613016521425,
      "fcf_margin_change": -0.020103707731006087
    },
    {
      "date": "2025-09-30T00:00:00",
      "quarter_label": "2025-09 (Q3)",
      "revenue": 66027000,
      "gross_profit": 14306000,
      "operating_income": 4271000,
      "net_income": 3090000,
      "opex": 10035000,
      "cogs": 51721000,
      "rd": null,
      "sga": 9789000,
      "fcf": 9439000,
      "ocf": 13583000,
      "capex": -4144000,
      "gross_margin": 0.21666893846456753,
      "op_margin": 0.06468565889711785,
      "fcf_margin": 0.14295666924137096,
      "incr_op_margin_yoy": 0.002888318356867779,
      "rev_growth_yoy": 0.23269794447659764,
      "rev_growth_yoy_accel": 0.12186933243679864,
      "op_leverage_ratio": 6.666852939693049,
      "fcf_margin_change": 0.30989667320626363
    },
    {
      "date": "2025-12-31T00:00:00",
      "quarter_label": "2025-12 (Q4)",
      "revenue": 56701000,
      "gross_profit": 13469000,
      "operating_income": 3124000,
      "net_income": 2845000,
      "opex": 10345000,
      "cogs": 43232000,
      "rd": null,
      "sga": 10129000,
      "fcf": 2426000,
      "ocf": 4760000,
      "capex": -2334000,
      "gross_margin": 0.2375443113878062,
      "op_margin": 0.05509603005238003,
      "fcf_margin": 0.04278584151954992,
      "incr_op_margin_yoy": 0.09457781456953643,
      "rev_growth_yoy": 0.20545527988604714,
      "rev_growth_yoy_accel": -0.027242664590550497,
      "fcf_margin_change": -0.10017082772182104
    }
  ],
  "signals": [
    {
      "quarter": "2025-12 (Q4)",
      "signal": "GROSS MARGIN INFLECTION",
      "detail": "GM: +26.5% -> +21.7% -> +23.8% (reversal +2.1%)",
      "severity": "MEDIUM"
    },
    {
      "quarter": "2025-09 (Q3)",
      "signal": "FCF TURNED POSITIVE",
      "detail": "FCF margin: -16.7% -> +14.3%",
      "severity": "HIGH"
    },
    {
      "quarter": "2025-09 (Q3)",
      "signal": "OPERATING LEVERAGE",
      "detail": "Rev growth +19.0% vs OpEx growth +2.8% (leverage: 6.7x)",
      "severity": "MEDIUM"
    },
    {
      "quarter": "2025-09 (Q3)",
      "signal": "YoY REVENUE GROWTH ACCELERATION",
      "detail": "YoY growth: +23.3% vs prior quarter YoY: +11.1% (accel: +12.2%)",
      "severity": "MEDIUM"
    },
    {
      "quarter": "2025-06 (Q2)",
      "signal": "YoY REVENUE GROWTH DECELERATION",
      "detail": "YoY growth: +11.1% vs prior quarter YoY: +20.9% (decel: -9.9%)",
      "severity": "WARNING"
    },
    {
      "quarter": "2025-06 (Q2)",
      "signal": "INCREMENTAL MARGIN (YoY)",
      "detail": "YoY Incr OPM: +31.4% vs year-ago OPM: +6.5%",
      "severity": "HIGH"
    },
    {
      "quarter": "2025-03 (Q1)",
      "signal": "OPERATING LEVERAGE",
      "detail": "Rev growth +26.2% vs OpEx growth +10.7% (leverage: 2.4x)",
      "severity": "MEDIUM"
    },
    {
      "quarter": "2025-03 (Q1)",
      "signal": "YoY REVENUE GROWTH ACCELERATION",
      "detail": "YoY growth: +20.9% vs prior quarter YoY: +7.3% (accel: +13.6%)",
      "severity": "MEDIUM"
    },
    {
      "quarter": "2025-03 (Q1)",
      "signal": "INCREMENTAL MARGIN (YoY)",
      "detail": "YoY Incr OPM: +38.9% vs year-ago OPM: +3.1%",
      "severity": "HIGH"
    },
    {
      "quarter": "2024-12 (Q4)",
      "signal": "YoY REVENUE GROWTH DECELERATION",
      "detail": "YoY growth: +7.3% vs prior quarter YoY: +18.8% (decel: -11.5%)",
      "severity": "WARNING"
    },
    {
      "quarter": "2024-12 (Q4)",
      "signal": "INCREMENTAL MARGIN (YoY)",
      "detail": "YoY Incr OPM: +40.4% vs year-ago OPM: +2.1%",
      "severity": "HIGH"
    },
    {
      "quarter": "2024-09 (Q3)",
      "signal": "FCF MARGIN EXPANSION",
      "detail": "FCF margin: +11.5% -> +19.5% (+8.0%)",
      "severity": "MEDIUM"
    },
    {
      "quarter": "2024-09 (Q3)",
      "signal": "YoY REVENUE GROWTH ACCELERATION",
      "detail": "YoY growth: +18.8% vs prior quarter YoY: +5.0% (accel: +13.8%)",
      "severity": "MEDIUM"
    },
    {
      "quarter": "2024-09 (Q3)",
      "signal": "INCREMENTAL MARGIN (YoY)",
      "detail": "YoY Incr OPM: +40.4% vs year-ago OPM: +1.8%",
      "severity": "HIGH"
    },
    {
      "quarter": "2024-06 (Q2)",
      "signal": "YoY REVENUE GROWTH DECELERATION",
      "detail": "YoY growth: +5.0% vs prior quarter YoY: +14.0% (decel: -9.0%)",
      "severity": "WARNING"
    },
    {
      "quarter": "2024-03 (Q1)",
      "signal": "OP MARGIN TURNED POSITIVE (YoY)",
      "detail": "Op margin: -0.8% (year-ago) -> +3.1%",
      "severity": "HIGH"
    },
    {
      "quarter": "2023-12 (Q4)",
      "signal": "FCF MARGIN EXPANSION",
      "detail": "FCF margin: +3.3% -> +13.0% (+9.7%)",
      "severity": "MEDIUM"
    },
    {
      "quarter": "2023-12 (Q4)",
      "signal": "GROSS MARGIN INFLECTION",
      "detail": "GM: +23.1% -> +16.0% -> +22.2% (reversal +6.2%)",
      "severity": "HIGH"
    },
    {
      "quarter": "2023-12 (Q4)",
      "signal": "YoY REVENUE GROWTH DECELERATION",
      "detail": "YoY growth: +9.9% vs prior quarter YoY: +18.2% (decel: -8.3%)",
      "severity": "WARNING"
    },
    {
      "quarter": "2023-09 (Q3)",
      "signal": "YoY REVENUE GROWTH DECELERATION",
      "detail": "YoY growth: +18.2% vs prior quarter YoY: +31.9% (decel: -13.7%)",
      "severity": "WARNING"
    },
    {
      "quarter": "2023-09 (Q3)",
      "signal": "OP MARGIN TURNED POSITIVE (YoY)",
      "detail": "Op margin: -0.1% (year-ago) -> +1.8%",
      "severity": "HIGH"
    },
    {
      "quarter": "2023-06 (Q2)",
      "signal": "FCF MARGIN EXPANSION",
      "detail": "FCF margin: +8.4% -> +14.9% (+6.5%)",
      "severity": "MEDIUM"
    },
    {
      "quarter": "2023-06 (Q2)",
      "signal": "YoY REVENUE GROWTH ACCELERATION",
      "detail": "YoY growth: +31.9% vs prior quarter YoY: +8.3% (accel: +23.6%)",
      "severity": "HIGH"
    },
    {
      "quarter": "2023-06 (Q2)",
      "signal": "INCREMENTAL MARGIN (YoY)",
      "detail": "YoY Incr OPM: +23.5% vs year-ago OPM: +2.7%",
      "severity": "HIGH"
    },
    {
      "quarter": "2023-06 (Q2)",
      "signal": "OP MARGIN TURNED POSITIVE (QoQ)",
      "detail": "Op margin: -0.8% -> +7.7%",
      "severity": "HIGH"
    },
    {
      "quarter": "2023-03 (Q1)",
      "signal": "YoY REVENUE GROWTH DECELERATION",
      "detail": "YoY growth: +8.3% vs prior quarter YoY: +38.6% (decel: -30.3%)",
      "severity": "WARNING"
    },
    {
      "quarter": "2022-12 (Q4)",
      "signal": "FCF TURNED POSITIVE",
      "detail": "FCF margin: -1.6% -> +20.4%",
      "severity": "HIGH"
    },
    {
      "quarter": "2022-12 (Q4)",
      "signal": "YoY REVENUE GROWTH ACCELERATION",
      "detail": "YoY growth: +38.6% vs prior quarter YoY: +11.7% (accel: +26.9%)",
      "severity": "HIGH"
    },
    {
      "quarter": "2022-12 (Q4)",
      "signal": "OP MARGIN TURNED POSITIVE (YoY)",
      "detail": "Op margin: -15.9% (year-ago) -> +1.7%",
      "severity": "HIGH"
    },
    {
      "quarter": "2022-12 (Q4)",
      "signal": "OP MARGIN TURNED POSITIVE (QoQ)",
      "detail": "Op margin: -0.1% -> +1.7%",
      "severity": "HIGH"
    },
    {
      "quarter": "2022-09 (Q3)",
      "signal": "YoY REVENUE GROWTH DECELERATION",
      "detail": "YoY growth: +11.7% vs prior quarter YoY: +79.0% (decel: -67.3%)",
      "severity": "WARNING"
    },
    {
      "quarter": "2022-06 (Q2)",
      "signal": "YoY REVENUE GROWTH ACCELERATION",
      "detail": "YoY growth: +79.0% vs prior quarter YoY: +54.8% (accel: +24.2%)",
      "severity": "HIGH"
    },
    {
      "quarter": "2022-06 (Q2)",
      "signal": "OP MARGIN TURNED POSITIVE (YoY)",
      "detail": "Op margin: -19.9% (year-ago) -> +2.7%",
      "severity": "HIGH"
    },
    {
      "quarter": "2022-06 (Q2)",
      "signal": "OP MARGIN TURNED POSITIVE (QoQ)",
      "detail": "Op margin: -5.2% -> +2.7%",
      "severity": "HIGH"
    },
    {
      "quarter": "2022-03 (Q1)",
      "signal": "FCF TURNED POSITIVE",
      "detail": "FCF margin: -22.7% -> +30.0%",
      "severity": "HIGH"
    },
    {
      "quarter": "2022-03 (Q1)",
      "signal": "OPERATING LEVERAGE",
      "detail": "Rev growth +38.1% vs OpEx growth +21.7% (leverage: 1.8x)",
      "severity": "MEDIUM"
    },
    {
      "quarter": "2022-03 (Q1)",
      "signal": "GROSS MARGIN INFLECTION",
      "detail": "GM: +10.1% -> +1.9% -> +10.6% (reversal +8.6%)",
      "severity": "HIGH"
    },
    {
      "quarter": "2021-09 (Q3)",
      "signal": "FCF MARGIN EXPANSION",
      "detail": "FCF margin: -37.3% -> -7.0% (+30.3%)",
      "severity": "MEDIUM"
    },
    {
      "quarter": "2021-09 (Q3)",
      "signal": "GROSS MARGIN INFLECTION",
      "detail": "GM: +19.4% -> +4.5% -> +10.1% (reversal +5.5%)",
      "severity": "HIGH"
    }
  ],
  "data_quality": {
    "n_quarters": 20,
    "coverage": {
      "revenue": [
        20,
        20
      ],
      "gross_profit": [
        20,
        20
      ],
      "op_income": [
        20,
        20
      ],
      "fcf": [
        20,
        20
      ]
    },
    "gaps": [],
    "warnings": []
  },
  "market_cap": null,
  "source": "SEC EDGAR",
  "last_updated": "2026-02-09T19:07:50.283963"
}