{
  "ticker": "GIC",
  "name": "Global Industrial Company",
  "quarters": [
    {
      "date": "2020-12-31T00:00:00",
      "quarter_label": "2020-12 (Q4)",
      "revenue": 273900000,
      "gross_profit": 93100000,
      "operating_income": 21100000,
      "net_income": 16200000,
      "opex": 72000000,
      "cogs": 180800000,
      "rd": null,
      "sga": 72000000,
      "fcf": 24300000,
      "ocf": 25800000,
      "capex": -1500000,
      "gross_margin": 0.3399050748448339,
      "op_margin": 0.07703541438481197,
      "fcf_margin": 0.0887185104052574
    },
    {
      "date": "2021-03-31T00:00:00",
      "quarter_label": "2021-03 (Q1)",
      "revenue": 251100000,
      "gross_profit": 77300000,
      "operating_income": 6600000,
      "net_income": 15200000,
      "opex": 70700000,
      "cogs": 173800000,
      "rd": null,
      "sga": 70700000,
      "fcf": 20000000,
      "ocf": 20900000,
      "capex": -900000,
      "gross_margin": 0.30784547988849065,
      "op_margin": 0.026284348864994027,
      "fcf_margin": 0.07964954201513341,
      "fcf_margin_change": -0.009068968390123985
    },
    {
      "date": "2021-06-30T00:00:00",
      "quarter_label": "2021-06 (Q2)",
      "revenue": 272600000,
      "gross_profit": 98000000,
      "operating_income": 24700000,
      "net_income": 22000000,
      "opex": 73300000,
      "cogs": 174600000,
      "rd": null,
      "sga": 73300000,
      "fcf": 10200000,
      "ocf": 11400000,
      "capex": -1200000,
      "gross_margin": 0.359501100513573,
      "op_margin": 0.09060895084372707,
      "fcf_margin": 0.03741746148202495,
      "op_leverage_ratio": 2.3282939680789143,
      "fcf_margin_change": -0.042232080533108465
    },
    {
      "date": "2021-09-30T00:00:00",
      "quarter_label": "2021-09 (Q3)",
      "revenue": 277400000,
      "gross_profit": 102000000,
      "operating_income": 30600000,
      "net_income": 23100000,
      "opex": 71400000,
      "cogs": 175400000,
      "rd": null,
      "sga": 71400000,
      "fcf": 17300000,
      "ocf": 18600000,
      "capex": -1300000,
      "gross_margin": 0.36770007209805333,
      "op_margin": 0.110310021629416,
      "fcf_margin": 0.06236481614996395,
      "op_leverage_ratio": Infinity,
      "fcf_margin_change": 0.024947354667939
    },
    {
      "date": "2021-12-31T00:00:00",
      "quarter_label": "2021-12 (Q4)",
      "revenue": 262000000,
      "gross_profit": 97000000,
      "operating_income": 26100000,
      "net_income": 43000000,
      "opex": 70900000,
      "cogs": 165000000,
      "rd": null,
      "sga": 70900000,
      "fcf": -1100000,
      "ocf": -1100000,
      "capex": null,
      "gross_margin": 0.3702290076335878,
      "op_margin": 0.09961832061068703,
      "fcf_margin": -0.004198473282442748,
      "incr_op_margin_yoy": -0.42016806722689076,
      "rev_growth_yoy": -0.043446513326031395,
      "fcf_margin_change": -0.06656328943240669
    },
    {
      "date": "2022-03-31T00:00:00",
      "quarter_label": "2022-03 (Q1)",
      "revenue": 288600000,
      "gross_profit": 107800000,
      "operating_income": 29500000,
      "net_income": 22000000,
      "opex": 78300000,
      "cogs": 180800000,
      "rd": null,
      "sga": 78300000,
      "fcf": -15200000,
      "ocf": -14100000,
      "capex": -1100000,
      "gross_margin": 0.37352737352737353,
      "op_margin": 0.10221760221760222,
      "fcf_margin": -0.05266805266805267,
      "incr_op_margin_yoy": 0.6106666666666667,
      "rev_growth_yoy": 0.14934289127837516,
      "rev_growth_yoy_accel": 0.19278940460440655,
      "op_leverage_ratio": 0.9727357128120487,
      "fcf_margin_change": -0.04846957938560992
    },
    {
      "date": "2022-06-30T00:00:00",
      "quarter_label": "2022-06 (Q2)",
      "revenue": 318500000,
      "gross_profit": 113000000,
      "operating_income": 30500000,
      "net_income": 22800000,
      "opex": 82500000,
      "cogs": 205500000,
      "rd": null,
      "sga": 82500000,
      "fcf": 11000000,
      "ocf": 12000000,
      "capex": -1000000,
      "gross_margin": 0.35478806907378335,
      "op_margin": 0.09576138147566719,
      "fcf_margin": 0.03453689167974882,
      "incr_op_margin_yoy": 0.12636165577342048,
      "rev_growth_yoy": 0.16837857666911224,
      "rev_growth_yoy_accel": 0.019035685390737078,
      "op_leverage_ratio": 1.9314671814671813,
      "fcf_margin_change": 0.08720494434780149
    },
    {
      "date": "2022-09-30T00:00:00",
      "quarter_label": "2022-09 (Q3)",
      "revenue": 298500000,
      "gross_profit": 106600000,
      "operating_income": 27500000,
      "net_income": 20200000,
      "opex": 79100000,
      "cogs": 191900000,
      "rd": null,
      "sga": 79100000,
      "fcf": 22700000,
      "ocf": 25500000,
      "capex": -2800000,
      "gross_margin": 0.35711892797319933,
      "op_margin": 0.09212730318257957,
      "fcf_margin": 0.07604690117252931,
      "incr_op_margin_yoy": -0.14691943127962084,
      "rev_growth_yoy": 0.07606344628695025,
      "rev_growth_yoy_accel": -0.09231513038216199,
      "fcf_margin_change": 0.04151000949278049
    },
    {
      "date": "2022-12-31T00:00:00",
      "quarter_label": "2022-12 (Q4)",
      "revenue": 260500000,
      "gross_profit": 93800000,
      "operating_income": 17700000,
      "net_income": 13800000,
      "opex": 76100000,
      "cogs": 166700000,
      "rd": null,
      "sga": 76100000,
      "fcf": 24300000,
      "ocf": 26800000,
      "capex": -2500000,
      "gross_margin": 0.3600767754318618,
      "op_margin": 0.06794625719769674,
      "fcf_margin": 0.09328214971209213,
      "incr_op_margin_yoy": 5.6,
      "rev_growth_yoy": -0.0057251908396946565,
      "rev_growth_yoy_accel": -0.0817886371266449,
      "fcf_margin_change": 0.01723524853956282
    },
    {
      "date": "2023-03-31T00:00:00",
      "quarter_label": "2023-03 (Q1)",
      "revenue": 273800000,
      "gross_profit": 98400000,
      "operating_income": 17800000,
      "net_income": 13200000,
      "opex": 80600000,
      "cogs": 175400000,
      "rd": null,
      "sga": 80600000,
      "fcf": 27600000,
      "ocf": 28300000,
      "capex": -700000,
      "gross_margin": 0.3593864134404675,
      "op_margin": 0.06501095690284879,
      "fcf_margin": 0.10080350620891161,
      "incr_op_margin_yoy": 0.7905405405405406,
      "rev_growth_yoy": -0.05128205128205128,
      "rev_growth_yoy_accel": -0.04555686044235662,
      "op_leverage_ratio": 0.8634079761143101,
      "fcf_margin_change": 0.007521356496819481
    },
    {
      "date": "2023-06-30T00:00:00",
      "quarter_label": "2023-06 (Q2)",
      "revenue": 325800000,
      "gross_profit": 112900000,
      "operating_income": 29100000,
      "net_income": 21500000,
      "opex": 83800000,
      "cogs": 212900000,
      "rd": null,
      "sga": 83800000,
      "fcf": 36300000,
      "ocf": 37000000,
      "capex": -700000,
      "gross_margin": 0.3465316144874156,
      "op_margin": 0.08931860036832412,
      "fcf_margin": 0.11141804788213629,
      "incr_op_margin_yoy": -0.1917808219178082,
      "rev_growth_yoy": 0.02291993720565149,
      "rev_growth_yoy_accel": 0.07420198848770276,
      "op_leverage_ratio": 4.783601168736304,
      "fcf_margin_change": 0.010614541673224676
    },
    {
      "date": "2023-09-30T00:00:00",
      "quarter_label": "2023-09 (Q3)",
      "revenue": 354600000,
      "gross_profit": 116300000,
      "operating_income": 28200000,
      "net_income": 20700000,
      "opex": 88100000,
      "cogs": 238300000,
      "rd": null,
      "sga": 88100000,
      "fcf": 36500000,
      "ocf": 38400000,
      "capex": -1900000,
      "gross_margin": 0.32797518330513253,
      "op_margin": 0.07952622673434856,
      "fcf_margin": 0.10293288212069938,
      "incr_op_margin_yoy": 0.012477718360071301,
      "rev_growth_yoy": 0.1879396984924623,
      "rev_growth_yoy_accel": 0.1650197612868108,
      "op_leverage_ratio": 1.722729024797636,
      "fcf_margin_change": -0.008485165761436902
    },
    {
      "date": "2023-12-31T00:00:00",
      "quarter_label": "2023-12 (Q4)",
      "revenue": 320100000,
      "gross_profit": 108200000,
      "operating_income": 21400000,
      "net_income": 15300000,
      "opex": 86800000,
      "cogs": 211900000,
      "rd": null,
      "sga": 86800000,
      "fcf": 7700000,
      "ocf": 8300000,
      "capex": -600000,
      "gross_margin": 0.338019368947204,
      "op_margin": 0.0668541080912215,
      "fcf_margin": 0.024054982817869417,
      "incr_op_margin_yoy": 0.06208053691275168,
      "rev_growth_yoy": 0.2287907869481766,
      "rev_growth_yoy_accel": 0.04085108845571428,
      "fcf_margin_change": -0.07887789930282997
    },
    {
      "date": "2024-03-31T00:00:00",
      "quarter_label": "2024-03 (Q1)",
      "revenue": 323400000,
      "gross_profit": 110900000,
      "operating_income": 17400000,
      "net_income": 13200000,
      "opex": 93500000,
      "cogs": 212500000,
      "rd": null,
      "sga": 93500000,
      "fcf": 5100000,
      "ocf": 6400000,
      "capex": -1300000,
      "gross_margin": 0.3429189857761286,
      "op_margin": 0.05380333951762523,
      "fcf_margin": 0.015769944341372914,
      "incr_op_margin_yoy": -0.008064516129032258,
      "rev_growth_yoy": 0.18115412710007306,
      "rev_growth_yoy_accel": -0.04763665984810353,
      "op_leverage_ratio": 0.13355900907831975,
      "fcf_margin_change": -0.008285038476496503
    },
    {
      "date": "2024-06-30T00:00:00",
      "quarter_label": "2024-06 (Q2)",
      "revenue": 347800000,
      "gross_profit": 122500000,
      "operating_income": 26400000,
      "net_income": 20300000,
      "opex": 96100000,
      "cogs": 225300000,
      "rd": null,
      "sga": 96100000,
      "fcf": 17900000,
      "ocf": 18800000,
      "capex": -900000,
      "gross_margin": 0.3522139160437033,
      "op_margin": 0.07590569292696953,
      "fcf_margin": 0.05146635997699828,
      "incr_op_margin_yoy": -0.12272727272727273,
      "rev_growth_yoy": 0.06752608962553713,
      "rev_growth_yoy_accel": -0.11362803747453593,
      "op_leverage_ratio": 2.71323914181057,
      "fcf_margin_change": 0.03569641563562537
    },
    {
      "date": "2024-09-30T00:00:00",
      "quarter_label": "2024-09 (Q3)",
      "revenue": 342400000,
      "gross_profit": 116300000,
      "operating_income": 22200000,
      "net_income": 16800000,
      "opex": 94100000,
      "cogs": 226100000,
      "rd": null,
      "sga": 94100000,
      "fcf": 8700000,
      "ocf": 9600000,
      "capex": -900000,
      "gross_margin": 0.339661214953271,
      "op_margin": 0.06483644859813084,
      "fcf_margin": 0.025408878504672897,
      "incr_op_margin_yoy": 0.4918032786885246,
      "rev_growth_yoy": -0.03440496333897349,
      "rev_growth_yoy_accel": -0.10193105296451063,
      "fcf_margin_change": -0.02605748147232538
    },
    {
      "date": "2024-12-31T00:00:00",
      "quarter_label": "2024-12 (Q4)",
      "revenue": 302300000,
      "gross_profit": 102300000,
      "operating_income": 14500000,
      "net_income": 10700000,
      "opex": 87800000,
      "cogs": 200000000,
      "rd": null,
      "sga": 87800000,
      "fcf": 15200000,
      "ocf": 15900000,
      "capex": -700000,
      "gross_margin": 0.3384055573933179,
      "op_margin": 0.04796559708898445,
      "fcf_margin": 0.05028117763810784,
      "incr_op_margin_yoy": 0.38764044943820225,
      "rev_growth_yoy": -0.055607622617931896,
      "rev_growth_yoy_accel": -0.021202659278958404,
      "fcf_margin_change": 0.024872299133434944
    },
    {
      "date": "2025-03-31T00:00:00",
      "quarter_label": "2025-03 (Q1)",
      "revenue": 321000000,
      "gross_profit": 112100000,
      "operating_income": 18200000,
      "net_income": 13600000,
      "opex": 93900000,
      "cogs": 208900000,
      "rd": null,
      "sga": 93900000,
      "fcf": 3200000,
      "ocf": 3400000,
      "capex": -200000,
      "gross_margin": 0.34922118380062306,
      "op_margin": 0.05669781931464175,
      "fcf_margin": 0.009968847352024923,
      "incr_op_margin_yoy": -0.3333333333333333,
      "rev_growth_yoy": -0.0074211502782931356,
      "rev_growth_yoy_accel": 0.04818647233963876,
      "op_leverage_ratio": 0.8903651242116452,
      "fcf_margin_change": -0.040312330286082915
    },
    {
      "date": "2025-06-30T00:00:00",
      "quarter_label": "2025-06 (Q2)",
      "revenue": 358900000,
      "gross_profit": 133000000,
      "operating_income": 33500000,
      "net_income": 25100000,
      "opex": 99500000,
      "cogs": 225900000,
      "rd": null,
      "sga": 99500000,
      "fcf": 30300000,
      "ocf": 31700000,
      "capex": -1400000,
      "gross_margin": 0.37057676232933967,
      "op_margin": 0.09334076344385622,
      "fcf_margin": 0.08442463081638339,
      "incr_op_margin_yoy": 0.6396396396396397,
      "rev_growth_yoy": 0.031914893617021274,
      "rev_growth_yoy_accel": 0.03933604389531441,
      "op_leverage_ratio": 1.979756341789052,
      "fcf_margin_change": 0.07445578346435847
    },
    {
      "date": "2025-09-30T00:00:00",
      "quarter_label": "2025-09 (Q3)",
      "revenue": 353600000,
      "gross_profit": 126000000,
      "operating_income": 26300000,
      "net_income": 18800000,
      "opex": 99700000,
      "cogs": 227600000,
      "rd": null,
      "sga": 99700000,
      "fcf": 22000000,
      "ocf": 22700000,
      "capex": -700000,
      "gross_margin": 0.3563348416289593,
      "op_margin": 0.07437782805429864,
      "fcf_margin": 0.06221719457013575,
      "incr_op_margin_yoy": 0.36607142857142855,
      "rev_growth_yoy": 0.03271028037383177,
      "rev_growth_yoy_accel": 0.0007953867568104983,
      "fcf_margin_change": -0.022207436246247644
    }
  ],
  "signals": [
    {
      "quarter": "2025-09 (Q3)",
      "signal": "INCREMENTAL MARGIN (YoY)",
      "detail": "YoY Incr OPM: +36.6% vs year-ago OPM: +6.5%",
      "severity": "HIGH"
    },
    {
      "quarter": "2025-06 (Q2)",
      "signal": "FCF MARGIN EXPANSION",
      "detail": "FCF margin: +1.0% -> +8.4% (+7.4%)",
      "severity": "MEDIUM"
    },
    {
      "quarter": "2025-06 (Q2)",
      "signal": "OPERATING LEVERAGE",
      "detail": "Rev growth +11.8% vs OpEx growth +6.0% (leverage: 2.0x)",
      "severity": "MEDIUM"
    },
    {
      "quarter": "2025-06 (Q2)",
      "signal": "INCREMENTAL MARGIN (YoY)",
      "detail": "YoY Incr OPM: +64.0% vs year-ago OPM: +7.6%",
      "severity": "HIGH"
    },
    {
      "quarter": "2024-12 (Q4)",
      "signal": "INCREMENTAL MARGIN (YoY)",
      "detail": "YoY Incr OPM: +38.8% vs year-ago OPM: +6.7%",
      "severity": "HIGH"
    },
    {
      "quarter": "2024-09 (Q3)",
      "signal": "YoY REVENUE GROWTH DECELERATION",
      "detail": "YoY growth: -3.4% vs prior quarter YoY: +6.8% (decel: -10.2%)",
      "severity": "WARNING"
    },
    {
      "quarter": "2024-09 (Q3)",
      "signal": "INCREMENTAL MARGIN (YoY)",
      "detail": "YoY Incr OPM: +49.2% vs year-ago OPM: +8.0%",
      "severity": "HIGH"
    },
    {
      "quarter": "2024-06 (Q2)",
      "signal": "OPERATING LEVERAGE",
      "detail": "Rev growth +7.5% vs OpEx growth +2.8% (leverage: 2.7x)",
      "severity": "MEDIUM"
    },
    {
      "quarter": "2024-06 (Q2)",
      "signal": "YoY REVENUE GROWTH DECELERATION",
      "detail": "YoY growth: +6.8% vs prior quarter YoY: +18.1% (decel: -11.4%)",
      "severity": "WARNING"
    },
    {
      "quarter": "2023-09 (Q3)",
      "signal": "OPERATING LEVERAGE",
      "detail": "Rev growth +8.8% vs OpEx growth +5.1% (leverage: 1.7x)",
      "severity": "MEDIUM"
    },
    {
      "quarter": "2023-09 (Q3)",
      "signal": "YoY REVENUE GROWTH ACCELERATION",
      "detail": "YoY growth: +18.8% vs prior quarter YoY: +2.3% (accel: +16.5%)",
      "severity": "HIGH"
    },
    {
      "quarter": "2023-06 (Q2)",
      "signal": "OPERATING LEVERAGE",
      "detail": "Rev growth +19.0% vs OpEx growth +4.0% (leverage: 4.8x)",
      "severity": "MEDIUM"
    },
    {
      "quarter": "2023-06 (Q2)",
      "signal": "YoY REVENUE GROWTH ACCELERATION",
      "detail": "YoY growth: +2.3% vs prior quarter YoY: -5.1% (accel: +7.4%)",
      "severity": "MEDIUM"
    },
    {
      "quarter": "2023-03 (Q1)",
      "signal": "INCREMENTAL MARGIN (YoY)",
      "detail": "YoY Incr OPM: +79.1% vs year-ago OPM: +10.2%",
      "severity": "HIGH"
    },
    {
      "quarter": "2022-12 (Q4)",
      "signal": "YoY REVENUE GROWTH DECELERATION",
      "detail": "YoY growth: -0.6% vs prior quarter YoY: +7.6% (decel: -8.2%)",
      "severity": "WARNING"
    },
    {
      "quarter": "2022-12 (Q4)",
      "signal": "INCREMENTAL MARGIN (YoY)",
      "detail": "YoY Incr OPM: +560.0% vs year-ago OPM: +10.0%",
      "severity": "HIGH"
    },
    {
      "quarter": "2022-09 (Q3)",
      "signal": "YoY REVENUE GROWTH DECELERATION",
      "detail": "YoY growth: +7.6% vs prior quarter YoY: +16.8% (decel: -9.2%)",
      "severity": "WARNING"
    },
    {
      "quarter": "2022-06 (Q2)",
      "signal": "FCF TURNED POSITIVE",
      "detail": "FCF margin: -5.3% -> +3.5%",
      "severity": "HIGH"
    },
    {
      "quarter": "2022-06 (Q2)",
      "signal": "OPERATING LEVERAGE",
      "detail": "Rev growth +10.4% vs OpEx growth +5.4% (leverage: 1.9x)",
      "severity": "MEDIUM"
    },
    {
      "quarter": "2022-03 (Q1)",
      "signal": "YoY REVENUE GROWTH ACCELERATION",
      "detail": "YoY growth: +14.9% vs prior quarter YoY: -4.3% (accel: +19.3%)",
      "severity": "HIGH"
    },
    {
      "quarter": "2022-03 (Q1)",
      "signal": "INCREMENTAL MARGIN (YoY)",
      "detail": "YoY Incr OPM: +61.1% vs year-ago OPM: +2.6%",
      "severity": "HIGH"
    },
    {
      "quarter": "2021-06 (Q2)",
      "signal": "OPERATING LEVERAGE",
      "detail": "Rev growth +8.6% vs OpEx growth +3.7% (leverage: 2.3x)",
      "severity": "MEDIUM"
    },
    {
      "quarter": "2021-06 (Q2)",
      "signal": "GROSS MARGIN INFLECTION",
      "detail": "GM: +34.0% -> +30.8% -> +36.0% (reversal +5.2%)",
      "severity": "HIGH"
    }
  ],
  "data_quality": {
    "n_quarters": 20,
    "coverage": {
      "revenue": [
        20,
        20
      ],
      "gross_profit": [
        20,
        20
      ],
      "op_income": [
        20,
        20
      ],
      "fcf": [
        20,
        20
      ]
    },
    "gaps": [],
    "warnings": []
  },
  "market_cap": null,
  "source": "SEC EDGAR",
  "last_updated": "2026-02-02T21:56:37.719085",
  "sector": "Industrials",
  "industry": "Industrial Distribution"
}