{
  "ticker": "GIFI",
  "name": "Gulf Island Fabrication, Inc.",
  "quarters": [
    {
      "date": "2020-12-31T00:00:00",
      "quarter_label": "2020-12 (Q4)",
      "revenue": 57561000,
      "gross_profit": -7977000,
      "operating_income": -15430000,
      "net_income": -15406000,
      "opex": 7453000,
      "cogs": 65538000,
      "rd": null,
      "sga": null,
      "fcf": -12752000,
      "ocf": -11731000,
      "capex": -1021000,
      "gross_margin": -0.1385834158544848,
      "op_margin": -0.2680634457358281,
      "fcf_margin": -0.22153888917843678
    },
    {
      "date": "2021-03-31T00:00:00",
      "quarter_label": "2021-03 (Q1)",
      "revenue": 58951000,
      "gross_profit": 7581000,
      "operating_income": -18458000,
      "net_income": -18641000,
      "opex": 26039000,
      "cogs": 51370000,
      "rd": null,
      "sga": null,
      "fcf": -102000,
      "ocf": 358000,
      "capex": -460000,
      "gross_margin": 0.12859832742447116,
      "op_margin": -0.31310749605604654,
      "fcf_margin": -0.0017302505470645111,
      "op_leverage_ratio": 0.00968348442564657,
      "fcf_margin_change": 0.21980863863137226
    },
    {
      "date": "2021-06-30T00:00:00",
      "quarter_label": "2021-06 (Q2)",
      "revenue": 24268000,
      "gross_profit": 1104000,
      "operating_income": -1609000,
      "net_income": -2951000,
      "opex": 2713000,
      "cogs": 23164000,
      "rd": null,
      "sga": null,
      "fcf": -12188000,
      "ocf": -11727000,
      "capex": -461000,
      "gross_margin": 0.04549200593373991,
      "op_margin": -0.0663013021262568,
      "fcf_margin": -0.5022251524641503,
      "fcf_margin_change": -0.5004949019170858
    },
    {
      "date": "2021-09-30T00:00:00",
      "quarter_label": "2021-09 (Q3)",
      "revenue": 19587000,
      "gross_profit": -198000,
      "operating_income": -3682000,
      "net_income": 5312000,
      "opex": 3484000,
      "cogs": 19785000,
      "rd": null,
      "sga": null,
      "fcf": -18000,
      "ocf": 141000,
      "capex": -159000,
      "gross_margin": -0.010108745596569152,
      "op_margin": -0.18798182467963445,
      "fcf_margin": -0.0009189768724153775,
      "fcf_margin_change": 0.501306175591735
    },
    {
      "date": "2021-12-31T00:00:00",
      "quarter_label": "2021-12 (Q4)",
      "revenue": 25812000,
      "gross_profit": 837000,
      "operating_income": -5856000,
      "net_income": -5888000,
      "opex": 6693000,
      "cogs": 24975000,
      "rd": null,
      "sga": null,
      "fcf": -13989000,
      "ocf": -13586000,
      "capex": -403000,
      "gross_margin": 0.032426778242677826,
      "op_margin": -0.22687122268712226,
      "fcf_margin": -0.5419572291957229,
      "incr_op_margin_yoy": -0.30155280481275,
      "rev_growth_yoy": -0.5515713764528066,
      "op_leverage_ratio": 0.3450482758778689,
      "fcf_margin_change": -0.5410382523233075
    },
    {
      "date": "2022-03-31T00:00:00",
      "quarter_label": "2022-03 (Q1)",
      "revenue": 28686000,
      "gross_profit": -420000,
      "operating_income": -4982000,
      "net_income": -5027000,
      "opex": 4562000,
      "cogs": 29106000,
      "rd": null,
      "sga": null,
      "fcf": -11791000,
      "ocf": -11351000,
      "capex": -440000,
      "gross_margin": -0.014641288433382138,
      "op_margin": -0.1736735689883567,
      "fcf_margin": -0.4110367426619257,
      "incr_op_margin_yoy": -0.4452668098463572,
      "rev_growth_yoy": -0.5133924784990924,
      "rev_growth_yoy_accel": 0.03817889795371421,
      "op_leverage_ratio": Infinity,
      "fcf_margin_change": 0.13092048653379718
    },
    {
      "date": "2022-06-30T00:00:00",
      "quarter_label": "2022-06 (Q2)",
      "revenue": 35902000,
      "gross_profit": 1672000,
      "operating_income": 533000,
      "net_income": 528000,
      "opex": 1139000,
      "cogs": 34230000,
      "rd": null,
      "sga": null,
      "fcf": -2558000,
      "ocf": -2524000,
      "capex": -34000,
      "gross_margin": 0.0465712216589605,
      "op_margin": 0.014845969583867195,
      "fcf_margin": -0.07124951256197426,
      "incr_op_margin_yoy": 0.18411552346570398,
      "rev_growth_yoy": 0.4793967364430526,
      "rev_growth_yoy_accel": 0.992789214942145,
      "op_leverage_ratio": Infinity,
      "fcf_margin_change": 0.33978723009995143
    },
    {
      "date": "2022-09-30T00:00:00",
      "quarter_label": "2022-09 (Q3)",
      "revenue": 39593000,
      "gross_profit": 4220000,
      "operating_income": 654000,
      "net_income": 598000,
      "opex": 3566000,
      "cogs": 35373000,
      "rd": null,
      "sga": null,
      "fcf": -5508000,
      "ocf": -4950000,
      "capex": -558000,
      "gross_margin": 0.10658449725961659,
      "op_margin": 0.016518071376253378,
      "fcf_margin": -0.1391155002146844,
      "incr_op_margin_yoy": 0.21673497950614815,
      "rev_growth_yoy": 1.0213917394190024,
      "rev_growth_yoy_accel": 0.5419950029759498,
      "op_leverage_ratio": 0.04824800387687244,
      "fcf_margin_change": -0.06786598765271015
    },
    {
      "date": "2022-12-31T00:00:00",
      "quarter_label": "2022-12 (Q4)",
      "revenue": 38139000,
      "gross_profit": 2423000,
      "operating_income": 380000,
      "net_income": 549000,
      "opex": 2043000,
      "cogs": 35716000,
      "rd": null,
      "sga": null,
      "fcf": 7848000,
      "ocf": 9902000,
      "capex": -2054000,
      "gross_margin": 0.06353076902907785,
      "op_margin": 0.009963554366921,
      "fcf_margin": 0.2057736175568316,
      "incr_op_margin_yoy": 0.5058813985560152,
      "rev_growth_yoy": 0.47756857275685727,
      "rev_growth_yoy_accel": -0.5438231666621451,
      "fcf_margin_change": 0.344889117771516
    },
    {
      "date": "2023-03-31T00:00:00",
      "quarter_label": "2023-03 (Q1)",
      "revenue": 62168000,
      "gross_profit": 5034000,
      "operating_income": 328000,
      "net_income": 641000,
      "opex": 4706000,
      "cogs": 57134000,
      "rd": null,
      "sga": null,
      "fcf": 809000,
      "ocf": 1296000,
      "capex": -487000,
      "gross_margin": 0.0809741346030112,
      "op_margin": 0.00527602625144769,
      "fcf_margin": 0.013013125723845064,
      "incr_op_margin_yoy": 0.1585926766620871,
      "rev_growth_yoy": 1.1671895698250017,
      "rev_growth_yoy_accel": 0.6896209970681444,
      "op_leverage_ratio": 0.4833520845350983,
      "fcf_margin_change": -0.19276049183298655
    },
    {
      "date": "2023-06-30T00:00:00",
      "quarter_label": "2023-06 (Q2)",
      "revenue": 39326000,
      "gross_profit": 4481000,
      "operating_income": 749000,
      "net_income": 1102000,
      "opex": 3732000,
      "cogs": 34845000,
      "rd": null,
      "sga": null,
      "fcf": -4058000,
      "ocf": -3489000,
      "capex": -569000,
      "gross_margin": 0.11394497279153741,
      "op_margin": 0.019045923816304735,
      "fcf_margin": -0.10318873010222245,
      "incr_op_margin_yoy": 0.0630841121495327,
      "rev_growth_yoy": 0.09537073143557462,
      "rev_growth_yoy_accel": -1.0718188383894272,
      "fcf_margin_change": -0.11620185582606751
    },
    {
      "date": "2023-09-30T00:00:00",
      "quarter_label": "2023-09 (Q3)",
      "revenue": 5023000,
      "gross_profit": -29879000,
      "operating_income": -33635000,
      "net_income": -33235000,
      "opex": 3756000,
      "cogs": 34902000,
      "rd": null,
      "sga": null,
      "fcf": 1376000,
      "ocf": 2021000,
      "capex": -645000,
      "gross_margin": -5.948437188930918,
      "op_margin": -6.696197491538921,
      "fcf_margin": 0.2739398765677882,
      "incr_op_margin_yoy": 0.9918715649407001,
      "rev_growth_yoy": -0.8731341398732099,
      "rev_growth_yoy_accel": -0.9685048713087845,
      "fcf_margin_change": 0.37712860667001064
    },
    {
      "date": "2023-12-31T00:00:00",
      "quarter_label": "2023-12 (Q4)",
      "revenue": 44550000,
      "gross_profit": 8463000,
      "operating_income": 6675000,
      "net_income": 7090000,
      "opex": 1788000,
      "cogs": 36087000,
      "rd": null,
      "sga": null,
      "fcf": 6194000,
      "ocf": 7369000,
      "capex": -1175000,
      "gross_margin": 0.18996632996632998,
      "op_margin": 0.14983164983164984,
      "fcf_margin": 0.13903479236812571,
      "incr_op_margin_yoy": 0.9819060988925284,
      "rev_growth_yoy": 0.16809565012192243,
      "rev_growth_yoy_accel": 1.0412297899951324,
      "op_leverage_ratio": Infinity,
      "fcf_margin_change": -0.13490508419966246
    },
    {
      "date": "2024-03-31T00:00:00",
      "quarter_label": "2024-03 (Q1)",
      "revenue": 42881000,
      "gross_profit": 6124000,
      "operating_income": 5708000,
      "net_income": 6240000,
      "opex": 416000,
      "cogs": 36757000,
      "rd": null,
      "sga": null,
      "fcf": 4466000,
      "ocf": 7019000,
      "capex": -2553000,
      "gross_margin": 0.1428138336326112,
      "op_margin": 0.13311256733751545,
      "fcf_margin": 0.10414869056225368,
      "incr_op_margin_yoy": -0.2789443666718515,
      "rev_growth_yoy": -0.3102399948526573,
      "rev_growth_yoy_accel": -0.4783356449745797,
      "fcf_margin_change": -0.03488610180587204
    },
    {
      "date": "2024-06-30T00:00:00",
      "quarter_label": "2024-06 (Q2)",
      "revenue": 41262000,
      "gross_profit": 4158000,
      "operating_income": 1283000,
      "net_income": 1889000,
      "opex": 2875000,
      "cogs": 37104000,
      "rd": null,
      "sga": null,
      "fcf": 2265000,
      "ocf": 3278000,
      "capex": -1013000,
      "gross_margin": 0.10077068489166788,
      "op_margin": 0.031093984780185158,
      "fcf_margin": 0.05489312200087247,
      "incr_op_margin_yoy": 0.27582644628099173,
      "rev_growth_yoy": 0.04922951736764482,
      "rev_growth_yoy_accel": 0.3594695122203021,
      "fcf_margin_change": -0.049255568561381205
    },
    {
      "date": "2024-09-30T00:00:00",
      "quarter_label": "2024-09 (Q3)",
      "revenue": 37640000,
      "gross_profit": 4656000,
      "operating_income": 1672000,
      "net_income": 2317000,
      "opex": 2984000,
      "cogs": 32984000,
      "rd": null,
      "sga": null,
      "fcf": 4332000,
      "ocf": 5646000,
      "capex": -1314000,
      "gross_margin": 0.12369819341126462,
      "op_margin": 0.04442082890541977,
      "fcf_margin": 0.11509032943676939,
      "incr_op_margin_yoy": 1.0824723303798633,
      "rev_growth_yoy": 6.493529763089787,
      "rev_growth_yoy_accel": 6.444300245722141,
      "fcf_margin_change": 0.06019720743589692
    },
    {
      "date": "2024-12-31T00:00:00",
      "quarter_label": "2024-12 (Q4)",
      "revenue": 37416000,
      "gross_profit": 7315000,
      "operating_income": 3616000,
      "net_income": 4295000,
      "opex": 3699000,
      "cogs": 30101000,
      "rd": null,
      "sga": null,
      "fcf": 1841000,
      "ocf": 2305000,
      "capex": -464000,
      "gross_margin": 0.1955045969638657,
      "op_margin": 0.09664314731665598,
      "fcf_margin": 0.04920354928372889,
      "incr_op_margin_yoy": 0.42879170171012054,
      "rev_growth_yoy": -0.16013468013468013,
      "rev_growth_yoy_accel": -6.653664443224467,
      "fcf_margin_change": -0.0658867801530405
    },
    {
      "date": "2025-03-31T00:00:00",
      "quarter_label": "2025-03 (Q1)",
      "revenue": 40273000,
      "gross_profit": 6615000,
      "operating_income": 3280000,
      "net_income": 3827000,
      "opex": 3335000,
      "cogs": 33658000,
      "rd": null,
      "sga": null,
      "fcf": 1912000,
      "ocf": 2219000,
      "capex": -307000,
      "gross_margin": 0.16425396667742656,
      "op_margin": 0.08144414371911703,
      "fcf_margin": 0.04747597646065602,
      "incr_op_margin_yoy": 0.9309815950920245,
      "rev_growth_yoy": -0.06081947715771554,
      "rev_growth_yoy_accel": 0.09931520297696458,
      "op_leverage_ratio": Infinity,
      "fcf_margin_change": -0.0017275728230728635
    },
    {
      "date": "2025-06-30T00:00:00",
      "quarter_label": "2025-06 (Q2)",
      "revenue": 37538000,
      "gross_profit": 3561000,
      "operating_income": -1079000,
      "net_income": -574000,
      "opex": 4640000,
      "cogs": 33977000,
      "rd": null,
      "sga": null,
      "fcf": 2230000,
      "ocf": 2539000,
      "capex": -309000,
      "gross_margin": 0.09486387127710587,
      "op_margin": -0.028744205871383665,
      "fcf_margin": 0.05940646811231286,
      "incr_op_margin_yoy": 0.6342642320085929,
      "rev_growth_yoy": -0.09025253259657796,
      "rev_growth_yoy_accel": -0.029433055438862425,
      "fcf_margin_change": 0.011930491651656834
    },
    {
      "date": "2025-09-30T00:00:00",
      "quarter_label": "2025-09 (Q3)",
      "revenue": 51540000,
      "gross_profit": 4880000,
      "operating_income": 1146000,
      "net_income": 1559000,
      "opex": 3734000,
      "cogs": 46660000,
      "rd": null,
      "sga": null,
      "fcf": 2659000,
      "ocf": 2856000,
      "capex": -197000,
      "gross_margin": 0.0946837407838572,
      "op_margin": 0.022235157159487776,
      "fcf_margin": 0.051590997283663176,
      "incr_op_margin_yoy": -0.03784172661870504,
      "rev_growth_yoy": 0.36928799149840597,
      "rev_growth_yoy_accel": 0.4595405240949839,
      "op_leverage_ratio": Infinity,
      "fcf_margin_change": -0.007815470828649682
    }
  ],
  "signals": [
    {
      "quarter": "2025-09 (Q3)",
      "signal": "YoY REVENUE GROWTH ACCELERATION",
      "detail": "YoY growth: +36.9% vs prior quarter YoY: -9.0% (accel: +46.0%)",
      "severity": "HIGH"
    },
    {
      "quarter": "2025-09 (Q3)",
      "signal": "OP MARGIN TURNED POSITIVE (QoQ)",
      "detail": "Op margin: -2.9% -> +2.2%",
      "severity": "HIGH"
    },
    {
      "quarter": "2025-03 (Q1)",
      "signal": "YoY REVENUE GROWTH ACCELERATION",
      "detail": "YoY growth: -6.1% vs prior quarter YoY: -16.0% (accel: +9.9%)",
      "severity": "MEDIUM"
    },
    {
      "quarter": "2025-03 (Q1)",
      "signal": "INCREMENTAL MARGIN (YoY)",
      "detail": "YoY Incr OPM: +93.1% vs year-ago OPM: +13.3%",
      "severity": "HIGH"
    },
    {
      "quarter": "2024-12 (Q4)",
      "signal": "YoY REVENUE GROWTH DECELERATION",
      "detail": "YoY growth: -16.0% vs prior quarter YoY: +649.4% (decel: -665.4%)",
      "severity": "WARNING"
    },
    {
      "quarter": "2024-12 (Q4)",
      "signal": "INCREMENTAL MARGIN (YoY)",
      "detail": "YoY Incr OPM: +42.9% vs year-ago OPM: +15.0%",
      "severity": "HIGH"
    },
    {
      "quarter": "2024-09 (Q3)",
      "signal": "FCF MARGIN EXPANSION",
      "detail": "FCF margin: +5.5% -> +11.5% (+6.0%)",
      "severity": "MEDIUM"
    },
    {
      "quarter": "2024-09 (Q3)",
      "signal": "GROSS MARGIN INFLECTION",
      "detail": "GM: +14.3% -> +10.1% -> +12.4% (reversal +2.3%)",
      "severity": "MEDIUM"
    },
    {
      "quarter": "2024-09 (Q3)",
      "signal": "YoY REVENUE GROWTH ACCELERATION",
      "detail": "YoY growth: +649.4% vs prior quarter YoY: +4.9% (accel: +644.4%)",
      "severity": "HIGH"
    },
    {
      "quarter": "2024-09 (Q3)",
      "signal": "OP MARGIN TURNED POSITIVE (YoY)",
      "detail": "Op margin: -669.6% (year-ago) -> +4.4%",
      "severity": "HIGH"
    },
    {
      "quarter": "2024-06 (Q2)",
      "signal": "YoY REVENUE GROWTH ACCELERATION",
      "detail": "YoY growth: +4.9% vs prior quarter YoY: -31.0% (accel: +35.9%)",
      "severity": "HIGH"
    },
    {
      "quarter": "2024-06 (Q2)",
      "signal": "INCREMENTAL MARGIN (YoY)",
      "detail": "YoY Incr OPM: +27.6% vs year-ago OPM: +1.9%",
      "severity": "HIGH"
    },
    {
      "quarter": "2024-03 (Q1)",
      "signal": "YoY REVENUE GROWTH DECELERATION",
      "detail": "YoY growth: -31.0% vs prior quarter YoY: +16.8% (decel: -47.8%)",
      "severity": "WARNING"
    },
    {
      "quarter": "2023-12 (Q4)",
      "signal": "GROSS MARGIN INFLECTION",
      "detail": "GM: +11.4% -> -594.8% -> +19.0% (reversal +613.8%)",
      "severity": "HIGH"
    },
    {
      "quarter": "2023-12 (Q4)",
      "signal": "YoY REVENUE GROWTH ACCELERATION",
      "detail": "YoY growth: +16.8% vs prior quarter YoY: -87.3% (accel: +104.1%)",
      "severity": "HIGH"
    },
    {
      "quarter": "2023-12 (Q4)",
      "signal": "INCREMENTAL MARGIN (YoY)",
      "detail": "YoY Incr OPM: +98.2% vs year-ago OPM: +1.0%",
      "severity": "HIGH"
    },
    {
      "quarter": "2023-12 (Q4)",
      "signal": "OP MARGIN TURNED POSITIVE (QoQ)",
      "detail": "Op margin: -669.6% -> +15.0%",
      "severity": "HIGH"
    },
    {
      "quarter": "2023-09 (Q3)",
      "signal": "FCF TURNED POSITIVE",
      "detail": "FCF margin: -10.3% -> +27.4%",
      "severity": "HIGH"
    },
    {
      "quarter": "2023-09 (Q3)",
      "signal": "YoY REVENUE GROWTH DECELERATION",
      "detail": "YoY growth: -87.3% vs prior quarter YoY: +9.5% (decel: -96.9%)",
      "severity": "WARNING"
    },
    {
      "quarter": "2023-06 (Q2)",
      "signal": "YoY REVENUE GROWTH DECELERATION",
      "detail": "YoY growth: +9.5% vs prior quarter YoY: +116.7% (decel: -107.2%)",
      "severity": "WARNING"
    },
    {
      "quarter": "2023-03 (Q1)",
      "signal": "YoY REVENUE GROWTH ACCELERATION",
      "detail": "YoY growth: +116.7% vs prior quarter YoY: +47.8% (accel: +69.0%)",
      "severity": "HIGH"
    },
    {
      "quarter": "2023-03 (Q1)",
      "signal": "OP MARGIN TURNED POSITIVE (YoY)",
      "detail": "Op margin: -17.4% (year-ago) -> +0.5%",
      "severity": "HIGH"
    },
    {
      "quarter": "2022-12 (Q4)",
      "signal": "FCF TURNED POSITIVE",
      "detail": "FCF margin: -13.9% -> +20.6%",
      "severity": "HIGH"
    },
    {
      "quarter": "2022-12 (Q4)",
      "signal": "YoY REVENUE GROWTH DECELERATION",
      "detail": "YoY growth: +47.8% vs prior quarter YoY: +102.1% (decel: -54.4%)",
      "severity": "WARNING"
    },
    {
      "quarter": "2022-12 (Q4)",
      "signal": "OP MARGIN TURNED POSITIVE (YoY)",
      "detail": "Op margin: -22.7% (year-ago) -> +1.0%",
      "severity": "HIGH"
    },
    {
      "quarter": "2022-09 (Q3)",
      "signal": "YoY REVENUE GROWTH ACCELERATION",
      "detail": "YoY growth: +102.1% vs prior quarter YoY: +47.9% (accel: +54.2%)",
      "severity": "HIGH"
    },
    {
      "quarter": "2022-09 (Q3)",
      "signal": "OP MARGIN TURNED POSITIVE (YoY)",
      "detail": "Op margin: -18.8% (year-ago) -> +1.7%",
      "severity": "HIGH"
    },
    {
      "quarter": "2022-06 (Q2)",
      "signal": "FCF MARGIN EXPANSION",
      "detail": "FCF margin: -41.1% -> -7.1% (+34.0%)",
      "severity": "MEDIUM"
    },
    {
      "quarter": "2022-06 (Q2)",
      "signal": "GROSS MARGIN INFLECTION",
      "detail": "GM: +3.2% -> -1.5% -> +4.7% (reversal +6.1%)",
      "severity": "HIGH"
    },
    {
      "quarter": "2022-06 (Q2)",
      "signal": "YoY REVENUE GROWTH ACCELERATION",
      "detail": "YoY growth: +47.9% vs prior quarter YoY: -51.3% (accel: +99.3%)",
      "severity": "HIGH"
    },
    {
      "quarter": "2022-06 (Q2)",
      "signal": "OP MARGIN TURNED POSITIVE (YoY)",
      "detail": "Op margin: -6.6% (year-ago) -> +1.5%",
      "severity": "HIGH"
    },
    {
      "quarter": "2022-06 (Q2)",
      "signal": "OP MARGIN TURNED POSITIVE (QoQ)",
      "detail": "Op margin: -17.4% -> +1.5%",
      "severity": "HIGH"
    },
    {
      "quarter": "2022-03 (Q1)",
      "signal": "FCF MARGIN EXPANSION",
      "detail": "FCF margin: -54.2% -> -41.1% (+13.1%)",
      "severity": "MEDIUM"
    },
    {
      "quarter": "2021-12 (Q4)",
      "signal": "GROSS MARGIN INFLECTION",
      "detail": "GM: +4.5% -> -1.0% -> +3.2% (reversal +4.3%)",
      "severity": "MEDIUM"
    },
    {
      "quarter": "2021-09 (Q3)",
      "signal": "FCF MARGIN EXPANSION",
      "detail": "FCF margin: -50.2% -> -0.1% (+50.1%)",
      "severity": "MEDIUM"
    },
    {
      "quarter": "2021-03 (Q1)",
      "signal": "FCF MARGIN EXPANSION",
      "detail": "FCF margin: -22.2% -> -0.2% (+22.0%)",
      "severity": "MEDIUM"
    }
  ],
  "data_quality": {
    "n_quarters": 20,
    "coverage": {
      "revenue": [
        20,
        20
      ],
      "gross_profit": [
        20,
        20
      ],
      "op_income": [
        20,
        20
      ],
      "fcf": [
        20,
        20
      ]
    },
    "gaps": [],
    "warnings": []
  },
  "market_cap": null,
  "source": "SEC EDGAR",
  "last_updated": "2026-02-03T00:58:11.130618"
}