{
  "ticker": "GIII",
  "name": "G III APPAREL GROUP LTD /DE/",
  "quarters": [
    {
      "date": "2021-01-31T00:00:00",
      "quarter_label": "2021-01 (Q1)",
      "revenue": 526242000,
      "gross_profit": 187593000,
      "operating_income": 27457000,
      "net_income": 14642000,
      "opex": 160136000,
      "cogs": 338649000,
      "rd": null,
      "sga": 150755000,
      "fcf": 202329000,
      "ocf": 202329000,
      "capex": null,
      "gross_margin": 0.35647667803025984,
      "op_margin": 0.052175615021225974,
      "fcf_margin": 0.3844790039563547
    },
    {
      "date": "2021-04-30T00:00:00",
      "quarter_label": "2021-04 (Q2)",
      "revenue": 519910000,
      "gross_profit": 195469000,
      "operating_income": 46822000,
      "net_income": 26321000,
      "opex": 148647000,
      "cogs": 324441000,
      "rd": null,
      "sga": 141603000,
      "fcf": 47044000,
      "ocf": 47044000,
      "capex": null,
      "gross_margin": 0.3759669942874728,
      "op_margin": 0.09005789463561001,
      "fcf_margin": 0.09048489161585659,
      "fcf_margin_change": -0.2939941123404981
    },
    {
      "date": "2021-07-31T00:00:00",
      "quarter_label": "2021-07 (Q3)",
      "revenue": 483081000,
      "gross_profit": 192878000,
      "operating_income": 38940000,
      "net_income": 19168000,
      "opex": 153938000,
      "cogs": 290203000,
      "rd": null,
      "sga": 146840000,
      "fcf": 146782000,
      "ocf": 146782000,
      "capex": null,
      "gross_margin": 0.3992663756181676,
      "op_margin": 0.08060759996770728,
      "fcf_margin": 0.30384552487057037,
      "fcf_margin_change": 0.21336063325471377
    },
    {
      "date": "2021-10-31T00:00:00",
      "quarter_label": "2021-10 (Q4)",
      "revenue": 1015392000,
      "gross_profit": 347510000,
      "operating_income": 158126000,
      "net_income": 106674000,
      "opex": 189384000,
      "cogs": 667882000,
      "rd": null,
      "sga": 182360000,
      "fcf": -209214000,
      "ocf": -209214000,
      "capex": null,
      "gross_margin": 0.34224220793545745,
      "op_margin": 0.1557290189404683,
      "fcf_margin": -0.2060425924175097,
      "op_leverage_ratio": 4.7854644113658,
      "fcf_margin_change": -0.50988811728808
    },
    {
      "date": "2022-01-31T00:00:00",
      "quarter_label": "2022-01 (Q1)",
      "revenue": 748155000,
      "gross_profit": 252332000,
      "operating_income": 67205000,
      "net_income": 48430000,
      "opex": 185127000,
      "cogs": 495823000,
      "rd": null,
      "sga": 177212000,
      "fcf": 201186000,
      "ocf": 201186000,
      "capex": null,
      "gross_margin": 0.33727235666406025,
      "op_margin": 0.08982764266762903,
      "fcf_margin": 0.2689095174128356,
      "incr_op_margin_yoy": 0.17911523885486655,
      "rev_growth_yoy": 0.4216938214737706,
      "fcf_margin_change": 0.4749521098303453
    },
    {
      "date": "2022-04-30T00:00:00",
      "quarter_label": "2022-04 (Q2)",
      "revenue": 688757000,
      "gross_profit": 246039000,
      "operating_income": 54537000,
      "net_income": 30634000,
      "opex": 191502000,
      "cogs": 442718000,
      "rd": null,
      "sga": 185407000,
      "fcf": 11171000,
      "ocf": 11171000,
      "capex": null,
      "gross_margin": 0.35722177778229475,
      "op_margin": 0.07918177238126073,
      "fcf_margin": 0.016219072909603824,
      "incr_op_margin_yoy": 0.045692253934034956,
      "rev_growth_yoy": 0.32476197803465984,
      "rev_growth_yoy_accel": -0.09693184343911077,
      "fcf_margin_change": -0.25269044450323175
    },
    {
      "date": "2022-07-31T00:00:00",
      "quarter_label": "2022-07 (Q3)",
      "revenue": 605244000,
      "gross_profit": 228926000,
      "operating_income": 31258000,
      "net_income": 36319000,
      "opex": 197668000,
      "cogs": 376318000,
      "rd": null,
      "sga": 191041000,
      "fcf": -121065000,
      "ocf": -121065000,
      "capex": null,
      "gross_margin": 0.37823753725770104,
      "op_margin": 0.05164528685951451,
      "fcf_margin": -0.20002676606459543,
      "incr_op_margin_yoy": -0.0628831970400203,
      "rev_growth_yoy": 0.2528830568786601,
      "rev_growth_yoy_accel": -0.07187892115599975,
      "fcf_margin_change": -0.21624583897419924
    },
    {
      "date": "2022-10-31T00:00:00",
      "quarter_label": "2022-10 (Q4)",
      "revenue": 1078299000,
      "gross_profit": 344627000,
      "operating_income": 97214000,
      "net_income": 61103000,
      "opex": 247413000,
      "cogs": 733672000,
      "rd": null,
      "sga": 239893000,
      "fcf": -305436000,
      "ocf": -305436000,
      "capex": null,
      "gross_margin": 0.31960244792956316,
      "op_margin": 0.09015495702026989,
      "fcf_margin": -0.28325724126610524,
      "incr_op_margin_yoy": -0.9682865181935237,
      "rev_growth_yoy": 0.061953413066086795,
      "rev_growth_yoy_accel": -0.1909296438125733,
      "op_leverage_ratio": 3.105761322989529,
      "fcf_margin_change": -0.08323047520150981
    },
    {
      "date": "2023-01-31T00:00:00",
      "quarter_label": "2023-01 (Q1)",
      "revenue": 854428000,
      "gross_profit": 281545000,
      "operating_income": -292470000,
      "net_income": -261117000,
      "opex": 574015000,
      "cogs": 572883000,
      "rd": null,
      "sga": 216800000,
      "fcf": 310731000,
      "ocf": 310731000,
      "capex": null,
      "gross_margin": 0.3295128436802165,
      "op_margin": -0.34229917558881495,
      "fcf_margin": 0.36367136844766323,
      "incr_op_margin_yoy": -3.3844438380397657,
      "rev_growth_yoy": 0.14204676838355687,
      "rev_growth_yoy_accel": 0.08009335531747008,
      "fcf_margin_change": 0.6469286097137685
    },
    {
      "date": "2023-04-30T00:00:00",
      "quarter_label": "2023-04 (Q2)",
      "revenue": 606589000,
      "gross_profit": 249801000,
      "operating_income": 15264000,
      "net_income": 3236000,
      "opex": 234537000,
      "cogs": 356788000,
      "rd": null,
      "sga": 227961000,
      "fcf": 201831000,
      "ocf": 201831000,
      "capex": null,
      "gross_margin": 0.4118126111749471,
      "op_margin": 0.025163661062103007,
      "fcf_margin": 0.3327310584267107,
      "incr_op_margin_yoy": 0.477959789699153,
      "rev_growth_yoy": -0.11929896901229316,
      "rev_growth_yoy_accel": -0.26134573739585004,
      "fcf_margin_change": -0.030940310020952544
    },
    {
      "date": "2023-07-31T00:00:00",
      "quarter_label": "2023-07 (Q3)",
      "revenue": 659761000,
      "gross_profit": 276653000,
      "operating_income": 31487000,
      "net_income": 16438000,
      "opex": 245166000,
      "cogs": 383108000,
      "rd": null,
      "sga": 239207000,
      "fcf": 10648000,
      "ocf": 10648000,
      "capex": null,
      "gross_margin": 0.4193230578952075,
      "op_margin": 0.047724857940981656,
      "fcf_margin": 0.016139177671914525,
      "incr_op_margin_yoy": 0.00420052460700332,
      "rev_growth_yoy": 0.09007441626848015,
      "rev_growth_yoy_accel": 0.20937338528077332,
      "op_leverage_ratio": 1.9342269240192065,
      "fcf_margin_change": -0.31659188075479616
    },
    {
      "date": "2023-10-31T00:00:00",
      "quarter_label": "2023-10 (Q4)",
      "revenue": 1067110000,
      "gross_profit": 433413000,
      "operating_income": 190288000,
      "net_income": 127640000,
      "opex": 243125000,
      "cogs": 633697000,
      "rd": null,
      "sga": 236308000,
      "fcf": 13792000,
      "ocf": 13792000,
      "capex": null,
      "gross_margin": 0.4061558789628061,
      "op_margin": 0.1783208853820131,
      "fcf_margin": 0.012924628201403792,
      "incr_op_margin_yoy": -8.318348377871123,
      "rev_growth_yoy": -0.010376528217127161,
      "rev_growth_yoy_accel": -0.1004509444856073,
      "op_leverage_ratio": Infinity,
      "fcf_margin_change": -0.0032145494705107334
    },
    {
      "date": "2024-01-31T00:00:00",
      "quarter_label": "2024-01 (Q1)",
      "revenue": 764782000,
      "gross_profit": 281981000,
      "operating_income": 46305000,
      "net_income": 28854000,
      "opex": 235676000,
      "cogs": 482801000,
      "rd": null,
      "sga": 220747000,
      "fcf": 361311000,
      "ocf": 361311000,
      "capex": null,
      "gross_margin": 0.3687076840197599,
      "op_margin": 0.060546665585748616,
      "fcf_margin": 0.4724365897732949,
      "incr_op_margin_yoy": -3.7790308546951343,
      "rev_growth_yoy": -0.10491931444194244,
      "rev_growth_yoy_accel": -0.09454278622481528,
      "fcf_margin_change": 0.4595119615718911
    },
    {
      "date": "2024-04-30T00:00:00",
      "quarter_label": "2024-04 (Q2)",
      "revenue": 609747000,
      "gross_profit": 258893000,
      "operating_income": 13504000,
      "net_income": 5802000,
      "opex": 245389000,
      "cogs": 350854000,
      "rd": null,
      "sga": 236621000,
      "fcf": 45491000,
      "ocf": 45491000,
      "capex": null,
      "gross_margin": 0.42459085489555504,
      "op_margin": 0.02214689043160524,
      "fcf_margin": 0.07460635312678865,
      "incr_op_margin_yoy": -0.5573147561747942,
      "rev_growth_yoy": 0.005206161008524717,
      "rev_growth_yoy_accel": 0.11012547545046716,
      "fcf_margin_change": -0.39783023664650624
    },
    {
      "date": "2024-07-31T00:00:00",
      "quarter_label": "2024-07 (Q3)",
      "revenue": 644755000,
      "gross_profit": 275874000,
      "operating_income": 41464000,
      "net_income": 24212000,
      "opex": 234410000,
      "cogs": 368881000,
      "rd": null,
      "sga": 229030000,
      "fcf": 49339000,
      "ocf": 49339000,
      "capex": null,
      "gross_margin": 0.427874153748323,
      "op_margin": 0.06430969903296602,
      "fcf_margin": 0.07652364076277035,
      "incr_op_margin_yoy": -0.6648673863787818,
      "rev_growth_yoy": -0.022744599938462565,
      "rev_growth_yoy_accel": -0.027950760946987282,
      "op_leverage_ratio": Infinity,
      "fcf_margin_change": 0.0019172876359817015
    },
    {
      "date": "2024-10-31T00:00:00",
      "quarter_label": "2024-10 (Q4)",
      "revenue": 1086759000,
      "gross_profit": 432131000,
      "operating_income": 166335000,
      "net_income": 114768000,
      "opex": 265796000,
      "cogs": 654628000,
      "rd": null,
      "sga": 259240000,
      "fcf": -111846000,
      "ocf": -111846000,
      "capex": null,
      "gross_margin": 0.39763277782838696,
      "op_margin": 0.1530560133387439,
      "fcf_margin": -0.1029170220812526,
      "incr_op_margin_yoy": -1.2190442261692707,
      "rev_growth_yoy": 0.018413284478638565,
      "rev_growth_yoy_accel": 0.04115788441710113,
      "op_leverage_ratio": 5.120019857325134,
      "fcf_margin_change": -0.17944066284402294
    },
    {
      "date": "2025-01-31T00:00:00",
      "quarter_label": "2025-01 (Q1)",
      "revenue": 839535000,
      "gross_profit": 331628000,
      "operating_income": 71772000,
      "net_income": 48784000,
      "opex": 259856000,
      "cogs": 507907000,
      "rd": null,
      "sga": 244921000,
      "fcf": 333417000,
      "ocf": 333417000,
      "capex": null,
      "gross_margin": 0.3950139065077692,
      "op_margin": 0.08549018206507174,
      "fcf_margin": 0.3971448480408798,
      "incr_op_margin_yoy": 0.34068197931855576,
      "rev_growth_yoy": 0.09774419377025087,
      "rev_growth_yoy_accel": 0.07933090929161231,
      "fcf_margin_change": 0.5000618701221324
    },
    {
      "date": "2025-04-30T00:00:00",
      "quarter_label": "2025-04 (Q2)",
      "revenue": 583609000,
      "gross_profit": 246544000,
      "operating_income": 8476000,
      "net_income": 7759000,
      "opex": 238068000,
      "cogs": 337065000,
      "rd": null,
      "sga": 231495000,
      "fcf": 93798000,
      "ocf": 93798000,
      "capex": null,
      "gross_margin": 0.4224472206562956,
      "op_margin": 0.014523422359833381,
      "fcf_margin": 0.1607206194558343,
      "incr_op_margin_yoy": 0.19236360853929146,
      "rev_growth_yoy": -0.04286695957503686,
      "rev_growth_yoy_accel": -0.14061115334528773,
      "fcf_margin_change": -0.2364242285850455
    },
    {
      "date": "2025-07-31T00:00:00",
      "quarter_label": "2025-07 (Q3)",
      "revenue": 613266000,
      "gross_profit": 250471000,
      "operating_income": 16300000,
      "net_income": 10939000,
      "opex": 234171000,
      "cogs": 362795000,
      "rd": null,
      "sga": 226845000,
      "fcf": 75079000,
      "ocf": 75079000,
      "capex": null,
      "gross_margin": 0.40842146800898793,
      "op_margin": 0.026579004869012792,
      "fcf_margin": 0.1224248531632277,
      "incr_op_margin_yoy": 0.7991362062942615,
      "rev_growth_yoy": -0.04883870617521384,
      "rev_growth_yoy_accel": -0.0059717466001769776,
      "op_leverage_ratio": Infinity,
      "fcf_margin_change": -0.0382957662926066
    },
    {
      "date": "2025-10-31T00:00:00",
      "quarter_label": "2025-10 (Q4)",
      "revenue": 988649000,
      "gross_profit": 381533000,
      "operating_income": 112301000,
      "net_income": 80593000,
      "opex": 269232000,
      "cogs": 607116000,
      "rd": null,
      "sga": 260429000,
      "fcf": -97320000,
      "ocf": -97320000,
      "capex": null,
      "gross_margin": 0.38591350418601544,
      "op_margin": 0.11359036422431014,
      "fcf_margin": -0.09843736250175746,
      "incr_op_margin_yoy": 0.5507491591071246,
      "rev_growth_yoy": -0.09027760524642538,
      "rev_growth_yoy_accel": -0.04143889907121154,
      "op_leverage_ratio": 4.088222507654468,
      "fcf_margin_change": -0.22086221566498515
    }
  ],
  "signals": [
    {
      "quarter": "2025-10 (Q4)",
      "signal": "OPERATING LEVERAGE",
      "detail": "Rev growth +61.2% vs OpEx growth +15.0% (leverage: 4.1x)",
      "severity": "MEDIUM"
    },
    {
      "quarter": "2025-10 (Q4)",
      "signal": "INCREMENTAL MARGIN (YoY)",
      "detail": "YoY Incr OPM: +55.1% vs year-ago OPM: +15.3%",
      "severity": "HIGH"
    },
    {
      "quarter": "2025-07 (Q3)",
      "signal": "INCREMENTAL MARGIN (YoY)",
      "detail": "YoY Incr OPM: +79.9% vs year-ago OPM: +6.4%",
      "severity": "HIGH"
    },
    {
      "quarter": "2025-04 (Q2)",
      "signal": "GROSS MARGIN INFLECTION",
      "detail": "GM: +39.8% -> +39.5% -> +42.2% (reversal +2.7%)",
      "severity": "MEDIUM"
    },
    {
      "quarter": "2025-04 (Q2)",
      "signal": "YoY REVENUE GROWTH DECELERATION",
      "detail": "YoY growth: -4.3% vs prior quarter YoY: +9.8% (decel: -14.1%)",
      "severity": "WARNING"
    },
    {
      "quarter": "2025-04 (Q2)",
      "signal": "INCREMENTAL MARGIN (YoY)",
      "detail": "YoY Incr OPM: +19.2% vs year-ago OPM: +2.2%",
      "severity": "MEDIUM"
    },
    {
      "quarter": "2025-01 (Q1)",
      "signal": "FCF TURNED POSITIVE",
      "detail": "FCF margin: -10.3% -> +39.7%",
      "severity": "HIGH"
    },
    {
      "quarter": "2025-01 (Q1)",
      "signal": "YoY REVENUE GROWTH ACCELERATION",
      "detail": "YoY growth: +9.8% vs prior quarter YoY: +1.8% (accel: +7.9%)",
      "severity": "MEDIUM"
    },
    {
      "quarter": "2025-01 (Q1)",
      "signal": "INCREMENTAL MARGIN (YoY)",
      "detail": "YoY Incr OPM: +34.1% vs year-ago OPM: +6.1%",
      "severity": "HIGH"
    },
    {
      "quarter": "2024-10 (Q4)",
      "signal": "OPERATING LEVERAGE",
      "detail": "Rev growth +68.6% vs OpEx growth +13.4% (leverage: 5.1x)",
      "severity": "MEDIUM"
    },
    {
      "quarter": "2024-04 (Q2)",
      "signal": "GROSS MARGIN INFLECTION",
      "detail": "GM: +40.6% -> +36.9% -> +42.5% (reversal +5.6%)",
      "severity": "HIGH"
    },
    {
      "quarter": "2024-04 (Q2)",
      "signal": "YoY REVENUE GROWTH ACCELERATION",
      "detail": "YoY growth: +0.5% vs prior quarter YoY: -10.5% (accel: +11.0%)",
      "severity": "MEDIUM"
    },
    {
      "quarter": "2024-01 (Q1)",
      "signal": "FCF MARGIN EXPANSION",
      "detail": "FCF margin: +1.3% -> +47.2% (+46.0%)",
      "severity": "MEDIUM"
    },
    {
      "quarter": "2024-01 (Q1)",
      "signal": "YoY REVENUE GROWTH DECELERATION",
      "detail": "YoY growth: -10.5% vs prior quarter YoY: -1.0% (decel: -9.5%)",
      "severity": "WARNING"
    },
    {
      "quarter": "2024-01 (Q1)",
      "signal": "OP MARGIN TURNED POSITIVE (YoY)",
      "detail": "Op margin: -34.2% (year-ago) -> +6.1%",
      "severity": "HIGH"
    },
    {
      "quarter": "2023-10 (Q4)",
      "signal": "YoY REVENUE GROWTH DECELERATION",
      "detail": "YoY growth: -1.0% vs prior quarter YoY: +9.0% (decel: -10.0%)",
      "severity": "WARNING"
    },
    {
      "quarter": "2023-07 (Q3)",
      "signal": "OPERATING LEVERAGE",
      "detail": "Rev growth +8.8% vs OpEx growth +4.5% (leverage: 1.9x)",
      "severity": "MEDIUM"
    },
    {
      "quarter": "2023-07 (Q3)",
      "signal": "YoY REVENUE GROWTH ACCELERATION",
      "detail": "YoY growth: +9.0% vs prior quarter YoY: -11.9% (accel: +20.9%)",
      "severity": "HIGH"
    },
    {
      "quarter": "2023-04 (Q2)",
      "signal": "YoY REVENUE GROWTH DECELERATION",
      "detail": "YoY growth: -11.9% vs prior quarter YoY: +14.2% (decel: -26.1%)",
      "severity": "WARNING"
    },
    {
      "quarter": "2023-04 (Q2)",
      "signal": "INCREMENTAL MARGIN (YoY)",
      "detail": "YoY Incr OPM: +47.8% vs year-ago OPM: +7.9%",
      "severity": "HIGH"
    },
    {
      "quarter": "2023-04 (Q2)",
      "signal": "OP MARGIN TURNED POSITIVE (QoQ)",
      "detail": "Op margin: -34.2% -> +2.5%",
      "severity": "HIGH"
    },
    {
      "quarter": "2023-01 (Q1)",
      "signal": "FCF TURNED POSITIVE",
      "detail": "FCF margin: -28.3% -> +36.4%",
      "severity": "HIGH"
    },
    {
      "quarter": "2023-01 (Q1)",
      "signal": "YoY REVENUE GROWTH ACCELERATION",
      "detail": "YoY growth: +14.2% vs prior quarter YoY: +6.2% (accel: +8.0%)",
      "severity": "MEDIUM"
    },
    {
      "quarter": "2022-10 (Q4)",
      "signal": "OPERATING LEVERAGE",
      "detail": "Rev growth +78.2% vs OpEx growth +25.2% (leverage: 3.1x)",
      "severity": "MEDIUM"
    },
    {
      "quarter": "2022-10 (Q4)",
      "signal": "YoY REVENUE GROWTH DECELERATION",
      "detail": "YoY growth: +6.2% vs prior quarter YoY: +25.3% (decel: -19.1%)",
      "severity": "WARNING"
    },
    {
      "quarter": "2022-07 (Q3)",
      "signal": "YoY REVENUE GROWTH DECELERATION",
      "detail": "YoY growth: +25.3% vs prior quarter YoY: +32.5% (decel: -7.2%)",
      "severity": "WARNING"
    },
    {
      "quarter": "2022-04 (Q2)",
      "signal": "YoY REVENUE GROWTH DECELERATION",
      "detail": "YoY growth: +32.5% vs prior quarter YoY: +42.2% (decel: -9.7%)",
      "severity": "WARNING"
    },
    {
      "quarter": "2022-01 (Q1)",
      "signal": "FCF TURNED POSITIVE",
      "detail": "FCF margin: -20.6% -> +26.9%",
      "severity": "HIGH"
    },
    {
      "quarter": "2022-01 (Q1)",
      "signal": "INCREMENTAL MARGIN (YoY)",
      "detail": "YoY Incr OPM: +17.9% vs year-ago OPM: +5.2%",
      "severity": "MEDIUM"
    },
    {
      "quarter": "2021-10 (Q4)",
      "signal": "OPERATING LEVERAGE",
      "detail": "Rev growth +110.2% vs OpEx growth +23.0% (leverage: 4.8x)",
      "severity": "MEDIUM"
    },
    {
      "quarter": "2021-07 (Q3)",
      "signal": "FCF MARGIN EXPANSION",
      "detail": "FCF margin: +9.0% -> +30.4% (+21.3%)",
      "severity": "MEDIUM"
    }
  ],
  "data_quality": {
    "n_quarters": 20,
    "coverage": {
      "revenue": [
        20,
        20
      ],
      "gross_profit": [
        20,
        20
      ],
      "op_income": [
        20,
        20
      ],
      "fcf": [
        20,
        20
      ]
    },
    "gaps": [],
    "warnings": []
  },
  "market_cap": null,
  "source": "SEC EDGAR",
  "last_updated": "2026-02-02T21:56:04.332056",
  "sector": "Consumer Cyclical",
  "industry": "Apparel Manufacturing"
}