{
  "ticker": "GILD",
  "name": "GILEAD SCIENCES, INC.",
  "quarters": [
    {
      "date": "2020-12-31T00:00:00",
      "quarter_label": "2020-12 (Q4)",
      "revenue": 7421000000,
      "gross_profit": 5930000000,
      "operating_income": 2651000000,
      "net_income": 1551000000,
      "opex": 4770000000,
      "cogs": 1398000000,
      "rd": null,
      "sga": 1730000000,
      "fcf": 1735000000,
      "ocf": 1916000000,
      "capex": -181000000,
      "gross_margin": 0.7990836814445492,
      "op_margin": 0.3572294838970489,
      "fcf_margin": 0.23379598436868346
    },
    {
      "date": "2021-03-31T00:00:00",
      "quarter_label": "2021-03 (Q1)",
      "revenue": 6423000000,
      "gross_profit": 5062000000,
      "operating_income": 2890000000,
      "net_income": 1729000000,
      "opex": 3533000000,
      "cogs": 1361000000,
      "rd": null,
      "sga": 1055000000,
      "fcf": 2445000000,
      "ocf": 2610000000,
      "capex": -165000000,
      "gross_margin": 0.7881052467694224,
      "op_margin": 0.4499455083294411,
      "fcf_margin": 0.3806632414759458,
      "fcf_margin_change": 0.14686725710726237
    },
    {
      "date": "2021-06-30T00:00:00",
      "quarter_label": "2021-06 (Q2)",
      "revenue": 6217000000,
      "gross_profit": 4827000000,
      "operating_income": 2246000000,
      "net_income": 1522000000,
      "opex": 3971000000,
      "cogs": 1390000000,
      "rd": null,
      "sga": 1351000000,
      "fcf": 2197000000,
      "ocf": 2316000000,
      "capex": -119000000,
      "gross_margin": 0.7764194949332476,
      "op_margin": 0.361267492359659,
      "fcf_margin": 0.35338587743284544,
      "fcf_margin_change": -0.027277364043100383
    },
    {
      "date": "2021-09-30T00:00:00",
      "quarter_label": "2021-09 (Q3)",
      "revenue": 7421000000,
      "gross_profit": 6198000000,
      "operating_income": 3842000000,
      "net_income": 2592000000,
      "opex": 3579000000,
      "cogs": 1223000000,
      "rd": null,
      "sga": 1190000000,
      "fcf": 3114000000,
      "ocf": 3253000000,
      "capex": -139000000,
      "gross_margin": 0.8351974127476082,
      "op_margin": 0.5177199838296725,
      "fcf_margin": 0.4196199973049454,
      "op_leverage_ratio": Infinity,
      "fcf_margin_change": 0.06623411987209998
    },
    {
      "date": "2021-12-31T00:00:00",
      "quarter_label": "2021-12 (Q4)",
      "revenue": 7244000000,
      "gross_profit": 4617000000,
      "operating_income": 940000000,
      "net_income": 382000000,
      "opex": 6304000000,
      "cogs": 2627000000,
      "rd": null,
      "sga": 1650000000,
      "fcf": 3049000000,
      "ocf": 3205000000,
      "capex": -156000000,
      "gross_margin": 0.6373550524572059,
      "op_margin": 0.12976256212037549,
      "fcf_margin": 0.4209000552181115,
      "incr_op_margin_yoy": 9.666666666666666,
      "rev_growth_yoy": -0.023851232987467996,
      "fcf_margin_change": 0.0012800579131660994
    },
    {
      "date": "2022-03-31T00:00:00",
      "quarter_label": "2022-03 (Q1)",
      "revenue": 6590000000,
      "gross_profit": 5166000000,
      "operating_income": 197000000,
      "net_income": 19000000,
      "opex": 6393000000,
      "cogs": 1424000000,
      "rd": null,
      "sga": 1083000000,
      "fcf": 1593000000,
      "ocf": 1840000000,
      "capex": -247000000,
      "gross_margin": 0.7839150227617603,
      "op_margin": 0.029893778452200304,
      "fcf_margin": 0.2417298937784522,
      "incr_op_margin_yoy": -16.12574850299401,
      "rev_growth_yoy": 0.02600031138097462,
      "rev_growth_yoy_accel": 0.04985154436844262,
      "fcf_margin_change": -0.17917016143965933
    },
    {
      "date": "2022-06-30T00:00:00",
      "quarter_label": "2022-06 (Q2)",
      "revenue": 6260000000,
      "gross_profit": 4818000000,
      "operating_income": 2029000000,
      "net_income": 1144000000,
      "opex": 4231000000,
      "cogs": 1442000000,
      "rd": null,
      "sga": 1357000000,
      "fcf": 1659000000,
      "ocf": 1802000000,
      "capex": -143000000,
      "gross_margin": 0.7696485623003195,
      "op_margin": 0.32412140575079873,
      "fcf_margin": 0.2650159744408946,
      "incr_op_margin_yoy": -5.046511627906977,
      "rev_growth_yoy": 0.006916519221489464,
      "rev_growth_yoy_accel": -0.019083792159485156,
      "fcf_margin_change": 0.023286080662442393
    },
    {
      "date": "2022-09-30T00:00:00",
      "quarter_label": "2022-09 (Q3)",
      "revenue": 7042000000,
      "gross_profit": 5647000000,
      "operating_income": 2837000000,
      "net_income": 1789000000,
      "opex": 4205000000,
      "cogs": 1395000000,
      "rd": null,
      "sga": 1213000000,
      "fcf": 2706000000,
      "ocf": 2863000000,
      "capex": -157000000,
      "gross_margin": 0.8019028685032661,
      "op_margin": 0.40286850326611756,
      "fcf_margin": 0.38426583357000854,
      "incr_op_margin_yoy": 2.6517150395778364,
      "rev_growth_yoy": -0.05107128419350492,
      "rev_growth_yoy_accel": -0.057987803414994384,
      "op_leverage_ratio": Infinity,
      "fcf_margin_change": 0.11924985912911396
    },
    {
      "date": "2022-12-31T00:00:00",
      "quarter_label": "2022-12 (Q4)",
      "revenue": 7389000000,
      "gross_profit": 5993000000,
      "operating_income": 2267000000,
      "net_income": 1640000000,
      "opex": 5122000000,
      "cogs": 1396000000,
      "rd": null,
      "sga": 2020000000,
      "fcf": 2386000000,
      "ocf": 2567000000,
      "capex": -181000000,
      "gross_margin": 0.8110705102178914,
      "op_margin": 0.3068074164298281,
      "fcf_margin": 0.3229124374069563,
      "incr_op_margin_yoy": 9.151724137931035,
      "rev_growth_yoy": 0.020016565433462176,
      "rev_growth_yoy_accel": 0.0710878496269671,
      "op_leverage_ratio": 0.2259592468556785,
      "fcf_margin_change": -0.06135339616305224
    },
    {
      "date": "2023-03-31T00:00:00",
      "quarter_label": "2023-03 (Q1)",
      "revenue": 6352000000,
      "gross_profit": 4951000000,
      "operating_income": 1705000000,
      "net_income": 1010000000,
      "opex": 4647000000,
      "cogs": 1401000000,
      "rd": null,
      "sga": 1319000000,
      "fcf": 1635000000,
      "ocf": 1744000000,
      "capex": -109000000,
      "gross_margin": 0.7794395465994962,
      "op_margin": 0.26841939546599497,
      "fcf_margin": 0.2573992443324937,
      "incr_op_margin_yoy": -6.336134453781512,
      "rev_growth_yoy": -0.03611532625189681,
      "rev_growth_yoy_accel": -0.05613189168535899,
      "fcf_margin_change": -0.06551319307446257
    },
    {
      "date": "2023-06-30T00:00:00",
      "quarter_label": "2023-06 (Q2)",
      "revenue": 6599000000,
      "gross_profit": 5157000000,
      "operating_income": 1665000000,
      "net_income": 1045000000,
      "opex": 4934000000,
      "cogs": 1442000000,
      "rd": null,
      "sga": 1849000000,
      "fcf": 2199000000,
      "ocf": 2338000000,
      "capex": -139000000,
      "gross_margin": 0.7814820427337476,
      "op_margin": 0.25231095620548566,
      "fcf_margin": 0.3332323079254432,
      "incr_op_margin_yoy": -1.0737463126843658,
      "rev_growth_yoy": 0.05415335463258786,
      "rev_growth_yoy_accel": 0.09026868088448467,
      "op_leverage_ratio": 0.6296181509404155,
      "fcf_margin_change": 0.0758330635929495
    },
    {
      "date": "2023-09-30T00:00:00",
      "quarter_label": "2023-09 (Q3)",
      "revenue": 7051000000,
      "gross_profit": 5486000000,
      "operating_income": 2623000000,
      "net_income": 2180000000,
      "opex": 4428000000,
      "cogs": 1565000000,
      "rd": null,
      "sga": 1315000000,
      "fcf": 1633000000,
      "ocf": 1755000000,
      "capex": -122000000,
      "gross_margin": 0.7780456672812367,
      "op_margin": 0.37200397106793365,
      "fcf_margin": 0.23159835484328464,
      "incr_op_margin_yoy": -23.77777777777778,
      "rev_growth_yoy": 0.0012780460096563477,
      "rev_growth_yoy_accel": -0.05287530862293151,
      "op_leverage_ratio": Infinity,
      "fcf_margin_change": -0.10163395308215858
    },
    {
      "date": "2023-12-31T00:00:00",
      "quarter_label": "2023-12 (Q4)",
      "revenue": 7114000000,
      "gross_profit": 5024000000,
      "operating_income": 1612000000,
      "net_income": 1429000000,
      "opex": 5502000000,
      "cogs": 2090000000,
      "rd": null,
      "sga": 1608000000,
      "fcf": 1954000000,
      "ocf": 2169000000,
      "capex": -215000000,
      "gross_margin": 0.7062131009277481,
      "op_margin": 0.2265954456002249,
      "fcf_margin": 0.2746696654484116,
      "incr_op_margin_yoy": 2.381818181818182,
      "rev_growth_yoy": -0.037217485451346594,
      "rev_growth_yoy_accel": -0.038495531461002944,
      "fcf_margin_change": 0.04307131060512695
    },
    {
      "date": "2024-03-31T00:00:00",
      "quarter_label": "2024-03 (Q1)",
      "revenue": 6686000000,
      "gross_profit": 5134000000,
      "operating_income": -4322000000,
      "net_income": -4170000000,
      "opex": 11008000000,
      "cogs": 1552000000,
      "rd": null,
      "sga": 1375000000,
      "fcf": 2114000000,
      "ocf": 2219000000,
      "capex": -105000000,
      "gross_margin": 0.7678731678133414,
      "op_margin": -0.6464253664373317,
      "fcf_margin": 0.31618306909961114,
      "incr_op_margin_yoy": -18.04491017964072,
      "rev_growth_yoy": 0.05258186397984887,
      "rev_growth_yoy_accel": 0.08979934943119547,
      "fcf_margin_change": 0.04151340365119954
    },
    {
      "date": "2024-06-30T00:00:00",
      "quarter_label": "2024-06 (Q2)",
      "revenue": 6954000000,
      "gross_profit": 5410000000,
      "operating_income": 2644000000,
      "net_income": 1614000000,
      "opex": 4309000000,
      "cogs": 1544000000,
      "rd": null,
      "sga": 1377000000,
      "fcf": 1195000000,
      "ocf": 1325000000,
      "capex": -130000000,
      "gross_margin": 0.7779695139488064,
      "op_margin": 0.38021282714984184,
      "fcf_margin": 0.1718435432844406,
      "incr_op_margin_yoy": 2.7577464788732393,
      "rev_growth_yoy": 0.05379602970146992,
      "rev_growth_yoy_accel": 0.0012141657216210508,
      "op_leverage_ratio": Infinity,
      "fcf_margin_change": -0.14433952581517054
    },
    {
      "date": "2024-09-30T00:00:00",
      "quarter_label": "2024-09 (Q3)",
      "revenue": 7545000000,
      "gross_profit": 5971000000,
      "operating_income": 888000000,
      "net_income": 1253000000,
      "opex": 6657000000,
      "cogs": 1574000000,
      "rd": null,
      "sga": 1433000000,
      "fcf": 4168000000,
      "ocf": 4309000000,
      "capex": -141000000,
      "gross_margin": 0.7913850231941684,
      "op_margin": 0.11769383697813121,
      "fcf_margin": 0.5524188204108681,
      "incr_op_margin_yoy": -3.5121457489878543,
      "rev_growth_yoy": 0.07006098425755213,
      "rev_growth_yoy_accel": 0.016264954556082206,
      "op_leverage_ratio": 0.15596645319277472,
      "fcf_margin_change": 0.38057527712642747
    },
    {
      "date": "2024-12-31T00:00:00",
      "quarter_label": "2024-12 (Q4)",
      "revenue": 7569000000,
      "gross_profit": 5988000000,
      "operating_income": 2452000000,
      "net_income": 1783000000,
      "opex": 5117000000,
      "cogs": 1581000000,
      "rd": null,
      "sga": 1907000000,
      "fcf": 2828000000,
      "ocf": 2975000000,
      "capex": -147000000,
      "gross_margin": 0.7911216805390409,
      "op_margin": 0.3239529660457128,
      "fcf_margin": 0.3736292773153653,
      "incr_op_margin_yoy": 1.8461538461538463,
      "rev_growth_yoy": 0.0639583919032893,
      "rev_growth_yoy_accel": -0.006102592354262831,
      "fcf_margin_change": -0.17878954309550277
    },
    {
      "date": "2025-03-31T00:00:00",
      "quarter_label": "2025-03 (Q1)",
      "revenue": 6667000000,
      "gross_profit": 5127000000,
      "operating_income": 2237000000,
      "net_income": 1315000000,
      "opex": 4430000000,
      "cogs": 1540000000,
      "rd": null,
      "sga": 1258000000,
      "fcf": 1653000000,
      "ocf": 1757000000,
      "capex": -104000000,
      "gross_margin": 0.7690115494225289,
      "op_margin": 0.33553322333883306,
      "fcf_margin": 0.247937603119844,
      "incr_op_margin_yoy": -345.2105263157895,
      "rev_growth_yoy": -0.0028417588991923423,
      "rev_growth_yoy_accel": -0.06680015080248164,
      "fcf_margin_change": -0.12569167419552132
    },
    {
      "date": "2025-06-30T00:00:00",
      "quarter_label": "2025-06 (Q2)",
      "revenue": 7082000000,
      "gross_profit": 5581000000,
      "operating_income": 2474000000,
      "net_income": 1960000000,
      "opex": 4608000000,
      "cogs": 1501000000,
      "rd": null,
      "sga": 1365000000,
      "fcf": 720000000,
      "ocf": 827000000,
      "capex": -107000000,
      "gross_margin": 0.7880542219711946,
      "op_margin": 0.3493363456650664,
      "fcf_margin": 0.10166619598983338,
      "incr_op_margin_yoy": -1.328125,
      "rev_growth_yoy": 0.018406672418751796,
      "rev_growth_yoy_accel": 0.021248431317944138,
      "op_leverage_ratio": 1.5491781590695746,
      "fcf_margin_change": -0.14627140713001063
    },
    {
      "date": "2025-09-30T00:00:00",
      "quarter_label": "2025-09 (Q3)",
      "revenue": 7769000000,
      "gross_profit": 6200000000,
      "operating_income": 3327000000,
      "net_income": 3052000000,
      "opex": 4442000000,
      "cogs": 1569000000,
      "rd": null,
      "sga": 1357000000,
      "fcf": 3961000000,
      "ocf": 4108000000,
      "capex": -147000000,
      "gross_margin": 0.7980435062427597,
      "op_margin": 0.4282404427854293,
      "fcf_margin": 0.5098468271334792,
      "incr_op_margin_yoy": 10.888392857142858,
      "rev_growth_yoy": 0.02968853545394301,
      "rev_growth_yoy_accel": 0.011281863035191214,
      "op_leverage_ratio": Infinity,
      "fcf_margin_change": 0.4081806311436458
    }
  ],
  "signals": [
    {
      "quarter": "2025-09 (Q3)",
      "signal": "FCF MARGIN EXPANSION",
      "detail": "FCF margin: +10.2% -> +51.0% (+40.8%)",
      "severity": "MEDIUM"
    },
    {
      "quarter": "2025-09 (Q3)",
      "signal": "INCREMENTAL MARGIN (YoY)",
      "detail": "YoY Incr OPM: +1088.8% vs year-ago OPM: +11.8%",
      "severity": "HIGH"
    },
    {
      "quarter": "2025-06 (Q2)",
      "signal": "OPERATING LEVERAGE",
      "detail": "Rev growth +6.2% vs OpEx growth +4.0% (leverage: 1.5x)",
      "severity": "MEDIUM"
    },
    {
      "quarter": "2025-03 (Q1)",
      "signal": "YoY REVENUE GROWTH DECELERATION",
      "detail": "YoY growth: -0.3% vs prior quarter YoY: +6.4% (decel: -6.7%)",
      "severity": "WARNING"
    },
    {
      "quarter": "2025-03 (Q1)",
      "signal": "OP MARGIN TURNED POSITIVE (YoY)",
      "detail": "Op margin: -64.6% (year-ago) -> +33.6%",
      "severity": "HIGH"
    },
    {
      "quarter": "2024-12 (Q4)",
      "signal": "INCREMENTAL MARGIN (YoY)",
      "detail": "YoY Incr OPM: +184.6% vs year-ago OPM: +22.7%",
      "severity": "HIGH"
    },
    {
      "quarter": "2024-09 (Q3)",
      "signal": "FCF MARGIN EXPANSION",
      "detail": "FCF margin: +17.2% -> +55.2% (+38.1%)",
      "severity": "MEDIUM"
    },
    {
      "quarter": "2024-06 (Q2)",
      "signal": "INCREMENTAL MARGIN (YoY)",
      "detail": "YoY Incr OPM: +275.8% vs year-ago OPM: +25.2%",
      "severity": "HIGH"
    },
    {
      "quarter": "2024-06 (Q2)",
      "signal": "OP MARGIN TURNED POSITIVE (QoQ)",
      "detail": "Op margin: -64.6% -> +38.0%",
      "severity": "HIGH"
    },
    {
      "quarter": "2024-03 (Q1)",
      "signal": "GROSS MARGIN INFLECTION",
      "detail": "GM: +77.8% -> +70.6% -> +76.8% (reversal +6.2%)",
      "severity": "HIGH"
    },
    {
      "quarter": "2024-03 (Q1)",
      "signal": "YoY REVENUE GROWTH ACCELERATION",
      "detail": "YoY growth: +5.3% vs prior quarter YoY: -3.7% (accel: +9.0%)",
      "severity": "MEDIUM"
    },
    {
      "quarter": "2023-12 (Q4)",
      "signal": "INCREMENTAL MARGIN (YoY)",
      "detail": "YoY Incr OPM: +238.2% vs year-ago OPM: +30.7%",
      "severity": "HIGH"
    },
    {
      "quarter": "2023-09 (Q3)",
      "signal": "YoY REVENUE GROWTH DECELERATION",
      "detail": "YoY growth: +0.1% vs prior quarter YoY: +5.4% (decel: -5.3%)",
      "severity": "WARNING"
    },
    {
      "quarter": "2023-06 (Q2)",
      "signal": "FCF MARGIN EXPANSION",
      "detail": "FCF margin: +25.7% -> +33.3% (+7.6%)",
      "severity": "MEDIUM"
    },
    {
      "quarter": "2023-06 (Q2)",
      "signal": "YoY REVENUE GROWTH ACCELERATION",
      "detail": "YoY growth: +5.4% vs prior quarter YoY: -3.6% (accel: +9.0%)",
      "severity": "MEDIUM"
    },
    {
      "quarter": "2023-03 (Q1)",
      "signal": "YoY REVENUE GROWTH DECELERATION",
      "detail": "YoY growth: -3.6% vs prior quarter YoY: +2.0% (decel: -5.6%)",
      "severity": "WARNING"
    },
    {
      "quarter": "2022-12 (Q4)",
      "signal": "YoY REVENUE GROWTH ACCELERATION",
      "detail": "YoY growth: +2.0% vs prior quarter YoY: -5.1% (accel: +7.1%)",
      "severity": "MEDIUM"
    },
    {
      "quarter": "2022-12 (Q4)",
      "signal": "INCREMENTAL MARGIN (YoY)",
      "detail": "YoY Incr OPM: +915.2% vs year-ago OPM: +13.0%",
      "severity": "HIGH"
    },
    {
      "quarter": "2022-09 (Q3)",
      "signal": "FCF MARGIN EXPANSION",
      "detail": "FCF margin: +26.5% -> +38.4% (+11.9%)",
      "severity": "MEDIUM"
    },
    {
      "quarter": "2022-09 (Q3)",
      "signal": "GROSS MARGIN INFLECTION",
      "detail": "GM: +78.4% -> +77.0% -> +80.2% (reversal +3.2%)",
      "severity": "MEDIUM"
    },
    {
      "quarter": "2022-09 (Q3)",
      "signal": "YoY REVENUE GROWTH DECELERATION",
      "detail": "YoY growth: -5.1% vs prior quarter YoY: +0.7% (decel: -5.8%)",
      "severity": "WARNING"
    },
    {
      "quarter": "2022-09 (Q3)",
      "signal": "INCREMENTAL MARGIN (YoY)",
      "detail": "YoY Incr OPM: +265.2% vs year-ago OPM: +51.8%",
      "severity": "HIGH"
    },
    {
      "quarter": "2022-03 (Q1)",
      "signal": "GROSS MARGIN INFLECTION",
      "detail": "GM: +83.5% -> +63.7% -> +78.4% (reversal +14.7%)",
      "severity": "HIGH"
    },
    {
      "quarter": "2021-12 (Q4)",
      "signal": "INCREMENTAL MARGIN (YoY)",
      "detail": "YoY Incr OPM: +966.7% vs year-ago OPM: +35.7%",
      "severity": "HIGH"
    },
    {
      "quarter": "2021-09 (Q3)",
      "signal": "FCF MARGIN EXPANSION",
      "detail": "FCF margin: +35.3% -> +42.0% (+6.6%)",
      "severity": "MEDIUM"
    },
    {
      "quarter": "2021-09 (Q3)",
      "signal": "GROSS MARGIN INFLECTION",
      "detail": "GM: +78.8% -> +77.6% -> +83.5% (reversal +5.9%)",
      "severity": "HIGH"
    },
    {
      "quarter": "2021-03 (Q1)",
      "signal": "FCF MARGIN EXPANSION",
      "detail": "FCF margin: +23.4% -> +38.1% (+14.7%)",
      "severity": "MEDIUM"
    }
  ],
  "data_quality": {
    "n_quarters": 20,
    "coverage": {
      "revenue": [
        20,
        20
      ],
      "gross_profit": [
        20,
        20
      ],
      "op_income": [
        20,
        20
      ],
      "fcf": [
        20,
        20
      ]
    },
    "gaps": [],
    "warnings": []
  },
  "market_cap": null,
  "source": "SEC EDGAR",
  "last_updated": "2026-02-02T19:46:12.656568",
  "sector": "Healthcare",
  "industry": "Drug Manufacturers - General"
}