{
  "ticker": "GIS",
  "name": "General Mills, Inc.",
  "quarters": [
    {
      "date": "2021-02-28T00:00:00",
      "quarter_label": "2021-02 (Q1)",
      "revenue": 4520000000,
      "gross_profit": 1553900000,
      "operating_income": 826600000,
      "net_income": 595700000,
      "opex": 727300000,
      "cogs": 2966100000,
      "rd": null,
      "sga": 716300000,
      "fcf": 660900000,
      "ocf": 781100000,
      "capex": -120200000,
      "gross_margin": 0.34378318584070794,
      "op_margin": 0.18287610619469027,
      "fcf_margin": 0.14621681415929202
    },
    {
      "date": "2021-05-30T00:00:00",
      "quarter_label": "2021-05 (Q2)",
      "revenue": 4523600000,
      "gross_profit": 1582900000,
      "operating_income": 547900000,
      "net_income": 416800000,
      "opex": 1035000000,
      "cogs": 2940700000,
      "rd": null,
      "sga": 823000000,
      "fcf": 590900000,
      "ocf": 775300000,
      "capex": -184400000,
      "gross_margin": 0.3499204173666991,
      "op_margin": 0.1211203466265806,
      "fcf_margin": 0.13062605004863384,
      "fcf_margin_change": -0.015590764110658184
    },
    {
      "date": "2021-08-29T00:00:00",
      "quarter_label": "2021-08 (Q3)",
      "revenue": 4539900000,
      "gross_profit": 1597400000,
      "operating_income": 844300000,
      "net_income": 627000000,
      "opex": 753100000,
      "cogs": 2942500000,
      "rd": null,
      "sga": 757400000,
      "fcf": 265800000,
      "ocf": 369800000,
      "capex": -104000000,
      "gross_margin": 0.35185797043987754,
      "op_margin": 0.18597325932289258,
      "fcf_margin": 0.058547545100112335,
      "fcf_margin_change": -0.0720785049485215
    },
    {
      "date": "2021-11-28T00:00:00",
      "quarter_label": "2021-11 (Q4)",
      "revenue": 5024000000,
      "gross_profit": 1631200000,
      "operating_income": 800100000,
      "net_income": 597200000,
      "opex": 831100000,
      "cogs": 3392800000,
      "rd": null,
      "sga": 828800000,
      "fcf": 1007700000,
      "ocf": 1128000000,
      "capex": -120300000,
      "gross_margin": 0.3246815286624204,
      "op_margin": 0.15925557324840764,
      "fcf_margin": 0.20057722929936306,
      "op_leverage_ratio": 1.029548572458108,
      "fcf_margin_change": 0.14202968419925072
    },
    {
      "date": "2022-02-27T00:00:00",
      "quarter_label": "2022-02 (Q1)",
      "revenue": 4537700000,
      "gross_profit": 1403700000,
      "operating_income": 815300000,
      "net_income": 660300000,
      "opex": 588400000,
      "cogs": 3134000000,
      "rd": null,
      "sga": 751400000,
      "fcf": 604000000,
      "ocf": 730300000,
      "capex": -126300000,
      "gross_margin": 0.3093417370033277,
      "op_margin": 0.17967252132137426,
      "fcf_margin": 0.13310708067963947,
      "incr_op_margin_yoy": -0.6384180790960452,
      "rev_growth_yoy": 0.003915929203539823,
      "fcf_margin_change": -0.06747014861972359
    },
    {
      "date": "2022-05-29T00:00:00",
      "quarter_label": "2022-05 (Q2)",
      "revenue": 4891200000,
      "gross_profit": 1769900000,
      "operating_income": 1016100000,
      "net_income": 822800000,
      "opex": 753800000,
      "cogs": 3121300000,
      "rd": null,
      "sga": 809400000,
      "fcf": 869900000,
      "ocf": 1088000000,
      "capex": -218100000,
      "gross_margin": 0.36185394177298,
      "op_margin": 0.2077404317958783,
      "fcf_margin": 0.17785001635590447,
      "incr_op_margin_yoy": 1.2736670293797605,
      "rev_growth_yoy": 0.08126271111504112,
      "rev_growth_yoy_accel": 0.0773467819115013,
      "op_leverage_ratio": 0.2771346296467384,
      "fcf_margin_change": 0.044742935676265
    },
    {
      "date": "2022-08-28T00:00:00",
      "quarter_label": "2022-08 (Q3)",
      "revenue": 4717600000,
      "gross_profit": 1447700000,
      "operating_income": 1085600000,
      "net_income": 820000000,
      "opex": 362100000,
      "cogs": 3269900000,
      "rd": null,
      "sga": 791400000,
      "fcf": 297900000,
      "ocf": 388800000,
      "capex": -90900000,
      "gross_margin": 0.30687213837544514,
      "op_margin": 0.23011700864846532,
      "fcf_margin": 0.06314651517720875,
      "incr_op_margin_yoy": 1.357906584130557,
      "rev_growth_yoy": 0.03914183131787044,
      "rev_growth_yoy_accel": -0.04212087979717068,
      "fcf_margin_change": -0.11470350117869572
    },
    {
      "date": "2022-11-27T00:00:00",
      "quarter_label": "2022-11 (Q4)",
      "revenue": 5220700000,
      "gross_profit": 1705100000,
      "operating_income": 799800000,
      "net_income": 605900000,
      "opex": 905300000,
      "cogs": 3515600000,
      "rd": null,
      "sga": 894200000,
      "fcf": 676100000,
      "ocf": 811900000,
      "capex": -135800000,
      "gross_margin": 0.3266037121458808,
      "op_margin": 0.1531978470320072,
      "fcf_margin": 0.12950370639952496,
      "incr_op_margin_yoy": -0.001525165226232842,
      "rev_growth_yoy": 0.03915207006369427,
      "rev_growth_yoy_accel": 1.0238745823828999e-05,
      "op_leverage_ratio": 0.0710889281399918,
      "fcf_margin_change": 0.06635719122231622
    },
    {
      "date": "2023-02-26T00:00:00",
      "quarter_label": "2023-02 (Q1)",
      "revenue": 5125900000,
      "gross_profit": 1664800000,
      "operating_income": 730200000,
      "net_income": 553100000,
      "opex": 934600000,
      "cogs": 3461100000,
      "rd": null,
      "sga": 946900000,
      "fcf": 701700000,
      "ocf": 826300000,
      "capex": -124600000,
      "gross_margin": 0.32478198950428216,
      "op_margin": 0.14245303263817086,
      "fcf_margin": 0.13689303341852163,
      "incr_op_margin_yoy": -0.14467868072084325,
      "rev_growth_yoy": 0.12962514048967538,
      "rev_growth_yoy_accel": 0.09047307042598111,
      "fcf_margin_change": 0.0073893270189966664
    },
    {
      "date": "2023-05-28T00:00:00",
      "quarter_label": "2023-05 (Q2)",
      "revenue": 5030000000,
      "gross_profit": 1728200000,
      "operating_income": 818200000,
      "net_income": 614900000,
      "opex": 910000000,
      "cogs": 3301800000,
      "rd": null,
      "sga": 867900000,
      "fcf": 413400000,
      "ocf": 751600000,
      "capex": -338200000,
      "gross_margin": 0.34357852882703777,
      "op_margin": 0.16266401590457255,
      "fcf_margin": 0.0821868787276342,
      "incr_op_margin_yoy": -1.425792507204611,
      "rev_growth_yoy": 0.028377494275433433,
      "rev_growth_yoy_accel": -0.10124764621424195,
      "fcf_margin_change": -0.05470615469088744
    },
    {
      "date": "2023-08-27T00:00:00",
      "quarter_label": "2023-08 (Q3)",
      "revenue": 4904700000,
      "gross_profit": 1770500000,
      "operating_income": 930000000,
      "net_income": 673500000,
      "opex": 840500000,
      "cogs": 3134200000,
      "rd": null,
      "sga": 839300000,
      "fcf": 236400000,
      "ocf": 378100000,
      "capex": -141700000,
      "gross_margin": 0.3609802842171794,
      "op_margin": 0.18961404367239587,
      "fcf_margin": 0.04819866658511224,
      "incr_op_margin_yoy": -0.831640833778728,
      "rev_growth_yoy": 0.03965999660844497,
      "rev_growth_yoy_accel": 0.011282502333011538,
      "fcf_margin_change": -0.033988212142521956
    },
    {
      "date": "2023-11-26T00:00:00",
      "quarter_label": "2023-11 (Q4)",
      "revenue": 5139400000,
      "gross_profit": 1765900000,
      "operating_income": 811800000,
      "net_income": 595500000,
      "opex": 954100000,
      "cogs": 3373500000,
      "rd": null,
      "sga": 830500000,
      "fcf": 965500000,
      "ocf": 1117700000,
      "capex": -152200000,
      "gross_margin": 0.34360042028252324,
      "op_margin": 0.15795618165544617,
      "fcf_margin": 0.18786239638868352,
      "incr_op_margin_yoy": -0.14760147601476015,
      "rev_growth_yoy": -0.01557262436071791,
      "rev_growth_yoy_accel": -0.055232620969162885,
      "op_leverage_ratio": 0.3540462733790555,
      "fcf_margin_change": 0.13966372980357128
    },
    {
      "date": "2024-02-25T00:00:00",
      "quarter_label": "2024-02 (Q1)",
      "revenue": 5099200000,
      "gross_profit": 1707400000,
      "operating_income": 910700000,
      "net_income": 670100000,
      "opex": 796700000,
      "cogs": 3391800000,
      "rd": null,
      "sga": 790900000,
      "fcf": 751400000,
      "ocf": 943100000,
      "capex": -191700000,
      "gross_margin": 0.33483683715092566,
      "op_margin": 0.1785966426106056,
      "fcf_margin": 0.14735644807028553,
      "incr_op_margin_yoy": -6.760299625468165,
      "rev_growth_yoy": -0.005208841374197702,
      "rev_growth_yoy_accel": 0.010363782986520208,
      "fcf_margin_change": -0.04050594831839799
    },
    {
      "date": "2024-05-26T00:00:00",
      "quarter_label": "2024-05 (Q2)",
      "revenue": 4713900000,
      "gross_profit": 1688300000,
      "operating_income": 779200000,
      "net_income": 557500000,
      "opex": 909100000,
      "cogs": 3025600000,
      "rd": null,
      "sga": 798300000,
      "fcf": 575200000,
      "ocf": 863700000,
      "capex": -288500000,
      "gross_margin": 0.35815354589617937,
      "op_margin": 0.16529837289717644,
      "fcf_margin": 0.12202210483888076,
      "incr_op_margin_yoy": 0.12337867763366023,
      "rev_growth_yoy": -0.06284294234592445,
      "rev_growth_yoy_accel": -0.057634100971726755,
      "fcf_margin_change": -0.025334343231404766
    },
    {
      "date": "2024-08-25T00:00:00",
      "quarter_label": "2024-08 (Q3)",
      "revenue": 4848100000,
      "gross_profit": 1688800000,
      "operating_income": 831500000,
      "net_income": 579900000,
      "opex": 857300000,
      "cogs": 3159300000,
      "rd": null,
      "sga": 855100000,
      "fcf": 483900000,
      "ocf": 624200000,
      "capex": -140300000,
      "gross_margin": 0.34834264969781975,
      "op_margin": 0.1715104886450362,
      "fcf_margin": 0.09981229760112209,
      "incr_op_margin_yoy": 1.7402826855123674,
      "rev_growth_yoy": -0.011539951475115705,
      "rev_growth_yoy_accel": 0.05130299087080875,
      "op_leverage_ratio": Infinity,
      "fcf_margin_change": -0.022209807237758672
    },
    {
      "date": "2024-11-24T00:00:00",
      "quarter_label": "2024-11 (Q4)",
      "revenue": 5240100000,
      "gross_profit": 1931100000,
      "operating_income": 1077900000,
      "net_income": 795700000,
      "opex": 853200000,
      "cogs": 3309000000,
      "rd": null,
      "sga": 852000000,
      "fcf": 989600000,
      "ocf": 1150500000,
      "capex": -160900000,
      "gross_margin": 0.3685235014598958,
      "op_margin": 0.2057021812560829,
      "fcf_margin": 0.1888513577985153,
      "incr_op_margin_yoy": 2.6425024826216483,
      "rev_growth_yoy": 0.019593726894189985,
      "rev_growth_yoy_accel": 0.031133678369305688,
      "op_leverage_ratio": Infinity,
      "fcf_margin_change": 0.08903906019739322
    },
    {
      "date": "2025-02-23T00:00:00",
      "quarter_label": "2025-02 (Q1)",
      "revenue": 4842200000,
      "gross_profit": 1639100000,
      "operating_income": 891400000,
      "net_income": 625600000,
      "opex": 747700000,
      "cogs": 3203100000,
      "rd": null,
      "sga": 844400000,
      "fcf": 428000000,
      "ocf": 531900000,
      "capex": -103900000,
      "gross_margin": 0.3385031597207881,
      "op_margin": 0.18408987650241626,
      "fcf_margin": 0.08838957498657635,
      "incr_op_margin_yoy": 0.07509727626459144,
      "rev_growth_yoy": -0.05040006275494195,
      "rev_growth_yoy_accel": -0.06999378964913194,
      "fcf_margin_change": -0.10046178281193896
    },
    {
      "date": "2025-05-25T00:00:00",
      "quarter_label": "2025-05 (Q2)",
      "revenue": 4556200000,
      "gross_profit": 1474000000,
      "operating_income": 504000000,
      "net_income": 294000000,
      "opex": 970000000,
      "cogs": 3082200000,
      "rd": null,
      "sga": 894300000,
      "fcf": 391400000,
      "ocf": 611600000,
      "capex": -220200000,
      "gross_margin": 0.3235152100434573,
      "op_margin": 0.11061849787103288,
      "fcf_margin": 0.08590492076730609,
      "incr_op_margin_yoy": 1.7450856055802155,
      "rev_growth_yoy": -0.03345425231761386,
      "rev_growth_yoy_accel": 0.01694581043732809,
      "fcf_margin_change": -0.0024846542192702575
    },
    {
      "date": "2025-08-24T00:00:00",
      "quarter_label": "2025-08 (Q3)",
      "revenue": 4517500000,
      "gross_profit": 1532800000,
      "operating_income": 1725800000,
      "net_income": 1204200000,
      "opex": -193000000,
      "cogs": 2984700000,
      "rd": null,
      "sga": 845100000,
      "fcf": 287500000,
      "ocf": 397000000,
      "capex": -109500000,
      "gross_margin": 0.3393027116768124,
      "op_margin": 0.38202545655783066,
      "fcf_margin": 0.06364139457664637,
      "incr_op_margin_yoy": -2.70508166969147,
      "rev_growth_yoy": -0.06819166271322787,
      "rev_growth_yoy_accel": -0.034737410395614,
      "fcf_margin_change": -0.022263526190659716
    },
    {
      "date": "2025-11-23T00:00:00",
      "quarter_label": "2025-11 (Q4)",
      "revenue": 4860800000,
      "gross_profit": 1692500000,
      "operating_income": 728000000,
      "net_income": 413000000,
      "opex": 964500000,
      "cogs": 3168300000,
      "rd": null,
      "sga": 842400000,
      "fcf": 675700000,
      "ocf": 819300000,
      "capex": -143600000,
      "gross_margin": 0.3481937129690586,
      "op_margin": 0.1497695852534562,
      "fcf_margin": 0.13901003949967083,
      "incr_op_margin_yoy": 0.9224887951489587,
      "rev_growth_yoy": -0.07238411480696934,
      "rev_growth_yoy_accel": -0.004192452093741472,
      "op_leverage_ratio": Infinity,
      "fcf_margin_change": 0.07536864492302446
    }
  ],
  "signals": [
    {
      "quarter": "2025-11 (Q4)",
      "signal": "FCF MARGIN EXPANSION",
      "detail": "FCF margin: +6.4% -> +13.9% (+7.5%)",
      "severity": "MEDIUM"
    },
    {
      "quarter": "2025-11 (Q4)",
      "signal": "INCREMENTAL MARGIN (YoY)",
      "detail": "YoY Incr OPM: +92.2% vs year-ago OPM: +20.6%",
      "severity": "HIGH"
    },
    {
      "quarter": "2025-05 (Q2)",
      "signal": "INCREMENTAL MARGIN (YoY)",
      "detail": "YoY Incr OPM: +174.5% vs year-ago OPM: +16.5%",
      "severity": "HIGH"
    },
    {
      "quarter": "2025-02 (Q1)",
      "signal": "YoY REVENUE GROWTH DECELERATION",
      "detail": "YoY growth: -5.0% vs prior quarter YoY: +2.0% (decel: -7.0%)",
      "severity": "WARNING"
    },
    {
      "quarter": "2024-11 (Q4)",
      "signal": "FCF MARGIN EXPANSION",
      "detail": "FCF margin: +10.0% -> +18.9% (+8.9%)",
      "severity": "MEDIUM"
    },
    {
      "quarter": "2024-11 (Q4)",
      "signal": "GROSS MARGIN INFLECTION",
      "detail": "GM: +35.8% -> +34.8% -> +36.9% (reversal +2.0%)",
      "severity": "MEDIUM"
    },
    {
      "quarter": "2024-11 (Q4)",
      "signal": "INCREMENTAL MARGIN (YoY)",
      "detail": "YoY Incr OPM: +264.3% vs year-ago OPM: +15.8%",
      "severity": "HIGH"
    },
    {
      "quarter": "2024-08 (Q3)",
      "signal": "YoY REVENUE GROWTH ACCELERATION",
      "detail": "YoY growth: -1.2% vs prior quarter YoY: -6.3% (accel: +5.1%)",
      "severity": "MEDIUM"
    },
    {
      "quarter": "2024-08 (Q3)",
      "signal": "INCREMENTAL MARGIN (YoY)",
      "detail": "YoY Incr OPM: +174.0% vs year-ago OPM: +19.0%",
      "severity": "HIGH"
    },
    {
      "quarter": "2024-05 (Q2)",
      "signal": "GROSS MARGIN INFLECTION",
      "detail": "GM: +34.4% -> +33.5% -> +35.8% (reversal +2.3%)",
      "severity": "MEDIUM"
    },
    {
      "quarter": "2024-05 (Q2)",
      "signal": "YoY REVENUE GROWTH DECELERATION",
      "detail": "YoY growth: -6.3% vs prior quarter YoY: -0.5% (decel: -5.8%)",
      "severity": "WARNING"
    },
    {
      "quarter": "2023-11 (Q4)",
      "signal": "FCF MARGIN EXPANSION",
      "detail": "FCF margin: +4.8% -> +18.8% (+14.0%)",
      "severity": "MEDIUM"
    },
    {
      "quarter": "2023-11 (Q4)",
      "signal": "YoY REVENUE GROWTH DECELERATION",
      "detail": "YoY growth: -1.6% vs prior quarter YoY: +4.0% (decel: -5.5%)",
      "severity": "WARNING"
    },
    {
      "quarter": "2023-05 (Q2)",
      "signal": "YoY REVENUE GROWTH DECELERATION",
      "detail": "YoY growth: +2.8% vs prior quarter YoY: +13.0% (decel: -10.1%)",
      "severity": "WARNING"
    },
    {
      "quarter": "2023-02 (Q1)",
      "signal": "YoY REVENUE GROWTH ACCELERATION",
      "detail": "YoY growth: +13.0% vs prior quarter YoY: +3.9% (accel: +9.0%)",
      "severity": "MEDIUM"
    },
    {
      "quarter": "2022-11 (Q4)",
      "signal": "FCF MARGIN EXPANSION",
      "detail": "FCF margin: +6.3% -> +13.0% (+6.6%)",
      "severity": "MEDIUM"
    },
    {
      "quarter": "2022-08 (Q3)",
      "signal": "INCREMENTAL MARGIN (YoY)",
      "detail": "YoY Incr OPM: +135.8% vs year-ago OPM: +18.6%",
      "severity": "HIGH"
    },
    {
      "quarter": "2022-05 (Q2)",
      "signal": "GROSS MARGIN INFLECTION",
      "detail": "GM: +32.5% -> +30.9% -> +36.2% (reversal +5.3%)",
      "severity": "HIGH"
    },
    {
      "quarter": "2022-05 (Q2)",
      "signal": "YoY REVENUE GROWTH ACCELERATION",
      "detail": "YoY growth: +8.1% vs prior quarter YoY: +0.4% (accel: +7.7%)",
      "severity": "MEDIUM"
    },
    {
      "quarter": "2022-05 (Q2)",
      "signal": "INCREMENTAL MARGIN (YoY)",
      "detail": "YoY Incr OPM: +127.4% vs year-ago OPM: +12.1%",
      "severity": "HIGH"
    },
    {
      "quarter": "2021-11 (Q4)",
      "signal": "FCF MARGIN EXPANSION",
      "detail": "FCF margin: +5.9% -> +20.1% (+14.2%)",
      "severity": "MEDIUM"
    }
  ],
  "data_quality": {
    "n_quarters": 20,
    "coverage": {
      "revenue": [
        20,
        20
      ],
      "gross_profit": [
        20,
        20
      ],
      "op_income": [
        20,
        20
      ],
      "fcf": [
        20,
        20
      ]
    },
    "gaps": [],
    "warnings": []
  },
  "market_cap": null,
  "source": "SEC EDGAR",
  "last_updated": "2026-02-02T20:14:36.138306",
  "sector": "Consumer Defensive",
  "industry": "Packaged Foods"
}