{
  "ticker": "GKOS",
  "name": "Glaukos Corporation",
  "quarters": [
    {
      "date": "2020-12-31T00:00:00",
      "quarter_label": "2020-12 (Q4)",
      "revenue": 73234000,
      "gross_profit": 53644000,
      "operating_income": -11392000,
      "net_income": -10648000,
      "opex": 65036000,
      "cogs": 19590000,
      "rd": null,
      "sga": 43792000,
      "fcf": 8459000,
      "ocf": 10604000,
      "capex": -2145000,
      "gross_margin": 0.7325012972116777,
      "op_margin": -0.15555616243821177,
      "fcf_margin": 0.11550645874866865
    },
    {
      "date": "2021-03-31T00:00:00",
      "quarter_label": "2021-03 (Q1)",
      "revenue": 67968000,
      "gross_profit": 51335000,
      "operating_income": -11805000,
      "net_income": -16469000,
      "opex": 63140000,
      "cogs": 16633000,
      "rd": 21219000,
      "sga": 41921000,
      "fcf": -13004000,
      "ocf": 4178000,
      "capex": -17182000,
      "gross_margin": 0.7552818973634652,
      "op_margin": -0.17368467514124294,
      "fcf_margin": -0.191325329566855,
      "fcf_margin_change": -0.30683178831552366
    },
    {
      "date": "2021-06-30T00:00:00",
      "quarter_label": "2021-06 (Q2)",
      "revenue": 78093000,
      "gross_profit": 60334000,
      "operating_income": -14222000,
      "net_income": -17482000,
      "opex": 74556000,
      "cogs": 17759000,
      "rd": null,
      "sga": 45300000,
      "fcf": -3969000,
      "ocf": 7391000,
      "capex": -11360000,
      "gross_margin": 0.7725916535412906,
      "op_margin": -0.18211619479338736,
      "fcf_margin": -0.0508240175175752,
      "op_leverage_ratio": 0.8239126267177794,
      "fcf_margin_change": 0.1405013120492798
    },
    {
      "date": "2021-09-30T00:00:00",
      "quarter_label": "2021-09 (Q3)",
      "revenue": 74710000,
      "gross_profit": 59340000,
      "operating_income": 11024000,
      "net_income": 6230000,
      "opex": 48316000,
      "cogs": 15370000,
      "rd": null,
      "sga": 44470000,
      "fcf": 7874000,
      "ocf": 17790000,
      "capex": -9916000,
      "gross_margin": 0.7942711819033597,
      "op_margin": 0.14755722125552134,
      "fcf_margin": 0.1053941908713693,
      "fcf_margin_change": 0.15621820838894449
    },
    {
      "date": "2021-12-31T00:00:00",
      "quarter_label": "2021-12 (Q4)",
      "revenue": 73240000,
      "gross_profit": 56375000,
      "operating_income": -17869000,
      "net_income": -21872000,
      "opex": 74244000,
      "cogs": 16865000,
      "rd": null,
      "sga": 47566000,
      "fcf": -13978000,
      "ocf": -4651000,
      "capex": -9327000,
      "gross_margin": 0.7697296559257236,
      "op_margin": -0.2439787001638449,
      "fcf_margin": -0.19085199344620427,
      "rev_growth_yoy": 8.19291585875413e-05,
      "fcf_margin_change": -0.29624618431757355
    },
    {
      "date": "2022-03-31T00:00:00",
      "quarter_label": "2022-03 (Q1)",
      "revenue": 67681000,
      "gross_profit": 50618000,
      "operating_income": 9792000,
      "net_income": 5377000,
      "opex": 40826000,
      "cogs": 17063000,
      "rd": 26877000,
      "sga": 43949000,
      "fcf": 3170000,
      "ocf": 9774000,
      "capex": -6604000,
      "gross_margin": 0.7478908408563704,
      "op_margin": 0.1446787133759844,
      "fcf_margin": 0.046837369424210636,
      "rev_growth_yoy": -0.004222575329566855,
      "rev_growth_yoy_accel": -0.004304504488154396,
      "fcf_margin_change": 0.2376893628704149
    },
    {
      "date": "2022-06-30T00:00:00",
      "quarter_label": "2022-06 (Q2)",
      "revenue": 72685000,
      "gross_profit": 54852000,
      "operating_income": -36760000,
      "net_income": -45536000,
      "opex": 91612000,
      "cogs": 17833000,
      "rd": null,
      "sga": 49900000,
      "fcf": -21607000,
      "ocf": -12206000,
      "capex": -9401000,
      "gross_margin": 0.7546536424296623,
      "op_margin": -0.5057439636788884,
      "fcf_margin": -0.29726903762812135,
      "incr_op_margin_yoy": 4.167529585798817,
      "rev_growth_yoy": -0.06925076511339044,
      "rev_growth_yoy_accel": -0.06502818978382359,
      "op_leverage_ratio": 0.05943514917323378,
      "fcf_margin_change": -0.344106407052332
    },
    {
      "date": "2022-09-30T00:00:00",
      "quarter_label": "2022-09 (Q3)",
      "revenue": 71269000,
      "gross_profit": 54408000,
      "operating_income": -21611000,
      "net_income": -27576000,
      "opex": 76019000,
      "cogs": 16861000,
      "rd": null,
      "sga": 47149000,
      "fcf": -32554000,
      "ocf": -26515000,
      "capex": -6039000,
      "gross_margin": 0.7634174746383421,
      "op_margin": -0.3032314189900237,
      "fcf_margin": -0.45677643856375144,
      "incr_op_margin_yoy": 9.484161580935774,
      "rev_growth_yoy": -0.04605809128630706,
      "rev_growth_yoy_accel": 0.023192673827083385,
      "fcf_margin_change": -0.1595074009356301
    },
    {
      "date": "2022-12-31T00:00:00",
      "quarter_label": "2022-12 (Q4)",
      "revenue": 71227000,
      "gross_profit": 54005000,
      "operating_income": -33734000,
      "net_income": -31460000,
      "opex": 87739000,
      "cogs": 17222000,
      "rd": null,
      "sga": 51927000,
      "fcf": -12357000,
      "ocf": -4136000,
      "capex": -8221000,
      "gross_margin": 0.7582096676821992,
      "op_margin": -0.47361253457256375,
      "fcf_margin": -0.1734875819562806,
      "incr_op_margin_yoy": 7.88127173373075,
      "rev_growth_yoy": -0.027484980884762426,
      "rev_growth_yoy_accel": 0.01857311040154463,
      "fcf_margin_change": 0.28328885660747083
    },
    {
      "date": "2023-03-31T00:00:00",
      "quarter_label": "2023-03 (Q1)",
      "revenue": 73899000,
      "gross_profit": 55828000,
      "operating_income": -32993000,
      "net_income": -34626000,
      "opex": 88821000,
      "cogs": 18071000,
      "rd": null,
      "sga": 53650000,
      "fcf": -37672000,
      "ocf": -30764000,
      "capex": -6908000,
      "gross_margin": 0.7554635380722338,
      "op_margin": -0.4464607098878199,
      "fcf_margin": -0.5097768576029446,
      "incr_op_margin_yoy": -6.880829848825989,
      "rev_growth_yoy": 0.09187216500938225,
      "rev_growth_yoy_accel": 0.11935714589414467,
      "op_leverage_ratio": 3.0419860669359764,
      "fcf_margin_change": -0.33628927564666394
    },
    {
      "date": "2023-06-30T00:00:00",
      "quarter_label": "2023-06 (Q2)",
      "revenue": 80399000,
      "gross_profit": 60296000,
      "operating_income": -29075000,
      "net_income": -32812000,
      "opex": 89371000,
      "cogs": 20103000,
      "rd": null,
      "sga": 53137000,
      "fcf": -13927000,
      "ocf": -8161000,
      "capex": -5766000,
      "gross_margin": 0.7499595766116494,
      "op_margin": -0.36163385116730307,
      "fcf_margin": -0.17322354755656164,
      "incr_op_margin_yoy": 0.9962406015037594,
      "rev_growth_yoy": 0.10612918759028686,
      "rev_growth_yoy_accel": 0.01425702258090461,
      "op_leverage_ratio": 14.204559294073361,
      "fcf_margin_change": 0.3365533100463829
    },
    {
      "date": "2023-09-30T00:00:00",
      "quarter_label": "2023-09 (Q3)",
      "revenue": 78048000,
      "gross_profit": 59538000,
      "operating_income": -28010000,
      "net_income": -30444000,
      "opex": 87548000,
      "cogs": 18510000,
      "rd": null,
      "sga": 54247000,
      "fcf": -11528000,
      "ocf": -8168000,
      "capex": -3360000,
      "gross_margin": 0.7628382533825339,
      "op_margin": -0.3588817138171382,
      "fcf_margin": -0.1477039770397704,
      "incr_op_margin_yoy": -0.9439445345921227,
      "rev_growth_yoy": 0.09511849471719822,
      "rev_growth_yoy_accel": -0.011010692873088646,
      "fcf_margin_change": 0.02551957051679124
    },
    {
      "date": "2023-12-31T00:00:00",
      "quarter_label": "2023-12 (Q4)",
      "revenue": 82365000,
      "gross_profit": 63474000,
      "operating_income": -38622000,
      "net_income": -36779000,
      "opex": 102096000,
      "cogs": 18891000,
      "rd": null,
      "sga": 63034000,
      "fcf": -14879000,
      "ocf": -10665000,
      "capex": -4214000,
      "gross_margin": 0.7706428701511564,
      "op_margin": -0.46891276634492807,
      "fcf_margin": -0.18064711952892612,
      "incr_op_margin_yoy": -0.4388579637277788,
      "rev_growth_yoy": 0.15637328541143106,
      "rev_growth_yoy_accel": 0.06125479069423284,
      "op_leverage_ratio": 0.33286122480072755,
      "fcf_margin_change": -0.032943142489155725
    },
    {
      "date": "2024-03-31T00:00:00",
      "quarter_label": "2024-03 (Q1)",
      "revenue": 85622000,
      "gross_profit": 65364000,
      "operating_income": -39066000,
      "net_income": -40838000,
      "opex": 104430000,
      "cogs": 20258000,
      "rd": null,
      "sga": 61975000,
      "fcf": -34838000,
      "ocf": -33870000,
      "capex": -968000,
      "gross_margin": 0.7634019294106655,
      "op_margin": -0.45626124126976714,
      "fcf_margin": -0.4068814089836724,
      "incr_op_margin_yoy": -0.5180414569649407,
      "rev_growth_yoy": 0.1586354348502686,
      "rev_growth_yoy_accel": 0.0022621494388375407,
      "op_leverage_ratio": 1.729748375350363,
      "fcf_margin_change": -0.2262342894547463
    },
    {
      "date": "2024-06-30T00:00:00",
      "quarter_label": "2024-06 (Q2)",
      "revenue": 95690000,
      "gross_profit": 73140000,
      "operating_income": -29974000,
      "net_income": -50545000,
      "opex": 103114000,
      "cogs": 22550000,
      "rd": null,
      "sga": 66188000,
      "fcf": -20518000,
      "ocf": -18369000,
      "capex": -2149000,
      "gross_margin": 0.7643431915560664,
      "op_margin": -0.31324067300658376,
      "fcf_margin": -0.21442156965200126,
      "incr_op_margin_yoy": -0.058792753907527306,
      "rev_growth_yoy": 0.1901889326981679,
      "rev_growth_yoy_accel": 0.03155349784789929,
      "op_leverage_ratio": Infinity,
      "fcf_margin_change": 0.19245983933167116
    },
    {
      "date": "2024-09-30T00:00:00",
      "quarter_label": "2024-09 (Q3)",
      "revenue": 96670000,
      "gross_profit": 74086000,
      "operating_income": -24660000,
      "net_income": -21409000,
      "opex": 98746000,
      "cogs": 22584000,
      "rd": null,
      "sga": 64000000,
      "fcf": -11036000,
      "ocf": -9586000,
      "capex": -1450000,
      "gross_margin": 0.766380469638978,
      "op_margin": -0.2550946519085549,
      "fcf_margin": -0.11416158063515051,
      "incr_op_margin_yoy": 0.1798947481473526,
      "rev_growth_yoy": 0.23859676096760968,
      "rev_growth_yoy_accel": 0.04840782826944179,
      "op_leverage_ratio": Infinity,
      "fcf_margin_change": 0.10025998901685075
    },
    {
      "date": "2024-12-31T00:00:00",
      "quarter_label": "2024-12 (Q4)",
      "revenue": 105499000,
      "gross_profit": 76864000,
      "operating_income": -28666000,
      "net_income": -33580000,
      "opex": 105530000,
      "cogs": 28635000,
      "rd": null,
      "sga": 69003000,
      "fcf": -1226000,
      "ocf": 507000,
      "capex": -1733000,
      "gross_margin": 0.7285756263092541,
      "op_margin": -0.271718215338534,
      "fcf_margin": -0.011620963231878976,
      "incr_op_margin_yoy": 0.4303622373994986,
      "rev_growth_yoy": 0.28087172949675226,
      "rev_growth_yoy_accel": 0.04227496852914259,
      "op_leverage_ratio": 1.3293932559173303,
      "fcf_margin_change": 0.10254061740327154
    },
    {
      "date": "2025-03-31T00:00:00",
      "quarter_label": "2025-03 (Q1)",
      "revenue": 106664000,
      "gross_profit": 82348000,
      "operating_income": -20678000,
      "net_income": -18146000,
      "opex": 103026000,
      "cogs": 24316000,
      "rd": null,
      "sga": 70673000,
      "fcf": -20459000,
      "ocf": -18521000,
      "capex": -1938000,
      "gross_margin": 0.7720318007950199,
      "op_margin": -0.19386109652741318,
      "fcf_margin": -0.19180792019800494,
      "incr_op_margin_yoy": 0.8738713050090295,
      "rev_growth_yoy": 0.24575459578145803,
      "rev_growth_yoy_accel": -0.035117133715294235,
      "op_leverage_ratio": Infinity,
      "fcf_margin_change": -0.18018695696612597
    },
    {
      "date": "2025-06-30T00:00:00",
      "quarter_label": "2025-06 (Q2)",
      "revenue": 124120000,
      "gross_profit": 97224000,
      "operating_income": -22689000,
      "net_income": -19657000,
      "opex": 119913000,
      "cogs": 26896000,
      "rd": null,
      "sga": 83375000,
      "fcf": 5800000,
      "ocf": 6979000,
      "capex": -1179000,
      "gross_margin": 0.7833064776023203,
      "op_margin": -0.18279890428617468,
      "fcf_margin": 0.04672897196261682,
      "incr_op_margin_yoy": 0.2562434048540274,
      "rev_growth_yoy": 0.29710523565680846,
      "rev_growth_yoy_accel": 0.051350639875350435,
      "op_leverage_ratio": 0.9984382315189432,
      "fcf_margin_change": 0.23853689216062177
    },
    {
      "date": "2025-09-30T00:00:00",
      "quarter_label": "2025-09 (Q3)",
      "revenue": 133537000,
      "gross_profit": 104706000,
      "operating_income": -16365000,
      "net_income": -16231000,
      "opex": 121071000,
      "cogs": 28831000,
      "rd": null,
      "sga": 82999000,
      "fcf": -11725000,
      "ocf": -10090000,
      "capex": -1635000,
      "gross_margin": 0.7840972913874057,
      "op_margin": -0.1225503044100137,
      "fcf_margin": -0.08780338033653594,
      "incr_op_margin_yoy": 0.22499796566034666,
      "rev_growth_yoy": 0.38136960794455366,
      "rev_growth_yoy_accel": 0.08426437228774519,
      "op_leverage_ratio": 7.856489102974057,
      "fcf_margin_change": -0.13453235229915275
    }
  ],
  "signals": [
    {
      "quarter": "2025-09 (Q3)",
      "signal": "OPERATING LEVERAGE",
      "detail": "Rev growth +7.6% vs OpEx growth +1.0% (leverage: 7.9x)",
      "severity": "MEDIUM"
    },
    {
      "quarter": "2025-09 (Q3)",
      "signal": "YoY REVENUE GROWTH ACCELERATION",
      "detail": "YoY growth: +38.1% vs prior quarter YoY: +29.7% (accel: +8.4%)",
      "severity": "MEDIUM"
    },
    {
      "quarter": "2025-06 (Q2)",
      "signal": "FCF TURNED POSITIVE",
      "detail": "FCF margin: -19.2% -> +4.7%",
      "severity": "HIGH"
    },
    {
      "quarter": "2025-06 (Q2)",
      "signal": "YoY REVENUE GROWTH ACCELERATION",
      "detail": "YoY growth: +29.7% vs prior quarter YoY: +24.6% (accel: +5.1%)",
      "severity": "MEDIUM"
    },
    {
      "quarter": "2025-03 (Q1)",
      "signal": "GROSS MARGIN INFLECTION",
      "detail": "GM: +76.6% -> +72.9% -> +77.2% (reversal +4.3%)",
      "severity": "MEDIUM"
    },
    {
      "quarter": "2024-12 (Q4)",
      "signal": "FCF MARGIN EXPANSION",
      "detail": "FCF margin: -11.4% -> -1.2% (+10.3%)",
      "severity": "MEDIUM"
    },
    {
      "quarter": "2024-09 (Q3)",
      "signal": "FCF MARGIN EXPANSION",
      "detail": "FCF margin: -21.4% -> -11.4% (+10.0%)",
      "severity": "MEDIUM"
    },
    {
      "quarter": "2024-06 (Q2)",
      "signal": "FCF MARGIN EXPANSION",
      "detail": "FCF margin: -40.7% -> -21.4% (+19.2%)",
      "severity": "MEDIUM"
    },
    {
      "quarter": "2024-03 (Q1)",
      "signal": "OPERATING LEVERAGE",
      "detail": "Rev growth +4.0% vs OpEx growth +2.3% (leverage: 1.7x)",
      "severity": "MEDIUM"
    },
    {
      "quarter": "2023-12 (Q4)",
      "signal": "YoY REVENUE GROWTH ACCELERATION",
      "detail": "YoY growth: +15.6% vs prior quarter YoY: +9.5% (accel: +6.1%)",
      "severity": "MEDIUM"
    },
    {
      "quarter": "2023-06 (Q2)",
      "signal": "FCF MARGIN EXPANSION",
      "detail": "FCF margin: -51.0% -> -17.3% (+33.7%)",
      "severity": "MEDIUM"
    },
    {
      "quarter": "2023-06 (Q2)",
      "signal": "OPERATING LEVERAGE",
      "detail": "Rev growth +8.8% vs OpEx growth +0.6% (leverage: 14.2x)",
      "severity": "MEDIUM"
    },
    {
      "quarter": "2023-03 (Q1)",
      "signal": "OPERATING LEVERAGE",
      "detail": "Rev growth +3.8% vs OpEx growth +1.2% (leverage: 3.0x)",
      "severity": "MEDIUM"
    },
    {
      "quarter": "2023-03 (Q1)",
      "signal": "YoY REVENUE GROWTH ACCELERATION",
      "detail": "YoY growth: +9.2% vs prior quarter YoY: -2.7% (accel: +11.9%)",
      "severity": "MEDIUM"
    },
    {
      "quarter": "2022-12 (Q4)",
      "signal": "FCF MARGIN EXPANSION",
      "detail": "FCF margin: -45.7% -> -17.3% (+28.3%)",
      "severity": "MEDIUM"
    },
    {
      "quarter": "2022-06 (Q2)",
      "signal": "YoY REVENUE GROWTH DECELERATION",
      "detail": "YoY growth: -6.9% vs prior quarter YoY: -0.4% (decel: -6.5%)",
      "severity": "WARNING"
    },
    {
      "quarter": "2022-03 (Q1)",
      "signal": "FCF TURNED POSITIVE",
      "detail": "FCF margin: -19.1% -> +4.7%",
      "severity": "HIGH"
    },
    {
      "quarter": "2022-03 (Q1)",
      "signal": "OP MARGIN TURNED POSITIVE (YoY)",
      "detail": "Op margin: -17.4% (year-ago) -> +14.5%",
      "severity": "HIGH"
    },
    {
      "quarter": "2022-03 (Q1)",
      "signal": "OP MARGIN TURNED POSITIVE (QoQ)",
      "detail": "Op margin: -24.4% -> +14.5%",
      "severity": "HIGH"
    },
    {
      "quarter": "2021-09 (Q3)",
      "signal": "FCF TURNED POSITIVE",
      "detail": "FCF margin: -5.1% -> +10.5%",
      "severity": "HIGH"
    },
    {
      "quarter": "2021-09 (Q3)",
      "signal": "OP MARGIN TURNED POSITIVE (QoQ)",
      "detail": "Op margin: -18.2% -> +14.8%",
      "severity": "HIGH"
    },
    {
      "quarter": "2021-06 (Q2)",
      "signal": "FCF MARGIN EXPANSION",
      "detail": "FCF margin: -19.1% -> -5.1% (+14.1%)",
      "severity": "MEDIUM"
    }
  ],
  "data_quality": {
    "n_quarters": 20,
    "coverage": {
      "revenue": [
        20,
        20
      ],
      "gross_profit": [
        20,
        20
      ],
      "op_income": [
        20,
        20
      ],
      "fcf": [
        20,
        20
      ]
    },
    "gaps": [],
    "warnings": []
  },
  "market_cap": null,
  "source": "SEC EDGAR",
  "last_updated": "2026-02-02T20:51:56.332387",
  "sector": "Healthcare",
  "industry": "Medical Devices"
}