{
  "ticker": "GLDD",
  "name": "Great Lakes Dredge & Dock Corporation",
  "sector": "Industrials",
  "industry": "Engineering & Construction",
  "quarters": [
    {
      "date": "2021-03-31T00:00:00",
      "quarter_label": "2021-03 (Q1)",
      "revenue": 177633000,
      "gross_profit": 33076000,
      "operating_income": 16648000,
      "net_income": 8814000,
      "opex": 16428000,
      "cogs": 144557000,
      "rd": null,
      "sga": null,
      "fcf": -36278000,
      "ocf": -9240000,
      "capex": -27038000,
      "gross_margin": 0.18620413999650967,
      "op_margin": 0.09372132430347965,
      "fcf_margin": -0.2042300698631448
    },
    {
      "date": "2021-06-30T00:00:00",
      "quarter_label": "2021-06 (Q2)",
      "revenue": 169914000,
      "gross_profit": 22922000,
      "operating_income": 8836000,
      "net_income": 2105000,
      "opex": 14086000,
      "cogs": 146992000,
      "rd": null,
      "sga": null,
      "fcf": 7051000,
      "ocf": 44841000,
      "capex": -37790000,
      "gross_margin": 0.13490353943759784,
      "op_margin": 0.052002777875866615,
      "fcf_margin": 0.041497463422672645,
      "fcf_margin_change": 0.24572753328581742
    },
    {
      "date": "2021-09-30T00:00:00",
      "quarter_label": "2021-09 (Q3)",
      "revenue": 168638000,
      "gross_profit": 36281000,
      "operating_income": 21405000,
      "net_income": 13806000,
      "opex": 14876000,
      "cogs": 132357000,
      "rd": null,
      "sga": null,
      "fcf": -9766000,
      "ocf": 7207000,
      "capex": -16973000,
      "gross_margin": 0.21514130860185723,
      "op_margin": 0.12692868748443412,
      "fcf_margin": -0.05791102835659816,
      "fcf_margin_change": -0.0994084917792708
    },
    {
      "date": "2021-12-31T00:00:00",
      "quarter_label": "2021-12 (Q4)",
      "revenue": 209964000,
      "gross_profit": 52991000,
      "operating_income": 36541000,
      "net_income": 24707000,
      "opex": 16450000,
      "cogs": 156973000,
      "rd": null,
      "sga": null,
      "fcf": -28658000,
      "ocf": 6199000,
      "capex": -34857000,
      "gross_margin": 0.2523813606142005,
      "op_margin": 0.1740345964070031,
      "fcf_margin": -0.13649006496351757,
      "op_leverage_ratio": 2.3160576749038295,
      "fcf_margin_change": -0.07857903660691941
    },
    {
      "date": "2022-03-31T00:00:00",
      "quarter_label": "2022-03 (Q1)",
      "revenue": 194349000,
      "gross_profit": 33055000,
      "operating_income": 18772000,
      "net_income": 11057000,
      "opex": 14283000,
      "cogs": 161294000,
      "rd": null,
      "sga": null,
      "fcf": -2549000,
      "ocf": 26317000,
      "capex": -28866000,
      "gross_margin": 0.1700806281483311,
      "op_margin": 0.09658912574801003,
      "fcf_margin": -0.013115580733628679,
      "incr_op_margin_yoy": 0.12706389088298636,
      "rev_growth_yoy": 0.09410413605580044,
      "fcf_margin_change": 0.12337448422988889
    },
    {
      "date": "2022-06-30T00:00:00",
      "quarter_label": "2022-06 (Q2)",
      "revenue": 149428000,
      "gross_profit": 10481000,
      "operating_income": -342000,
      "net_income": -4033000,
      "opex": 10823000,
      "cogs": 138947000,
      "rd": null,
      "sga": null,
      "fcf": -68306000,
      "ocf": -25471000,
      "capex": -42835000,
      "gross_margin": 0.0701408035977193,
      "op_margin": -0.002288727681559012,
      "fcf_margin": -0.4571164708086838,
      "incr_op_margin_yoy": 0.4480132773601484,
      "rev_growth_yoy": -0.12056687500735666,
      "rev_growth_yoy_accel": -0.2146710110631571,
      "fcf_margin_change": -0.4440008900750551
    },
    {
      "date": "2022-09-30T00:00:00",
      "quarter_label": "2022-09 (Q3)",
      "revenue": 158346000,
      "gross_profit": 3799000,
      "operating_income": -9453000,
      "net_income": -9910000,
      "opex": 13252000,
      "cogs": 154547000,
      "rd": null,
      "sga": null,
      "fcf": -38364000,
      "ocf": -7497000,
      "capex": -30867000,
      "gross_margin": 0.023991764869336768,
      "op_margin": -0.059698382024174906,
      "fcf_margin": -0.2422795650032208,
      "incr_op_margin_yoy": 2.998251068791294,
      "rev_growth_yoy": -0.06103013555663611,
      "rev_growth_yoy_accel": 0.05953673945072055,
      "op_leverage_ratio": 0.26592283242017456,
      "fcf_margin_change": 0.214836905805463
    },
    {
      "date": "2022-12-31T00:00:00",
      "quarter_label": "2022-12 (Q4)",
      "revenue": 146658000,
      "gross_profit": -16162000,
      "operating_income": -36713000,
      "net_income": -31169000,
      "opex": 20551000,
      "cogs": 162820000,
      "rd": null,
      "sga": null,
      "fcf": -32134000,
      "ocf": 8304000,
      "capex": -40438000,
      "gross_margin": -0.11020196647983745,
      "op_margin": -0.2503307013596258,
      "fcf_margin": -0.2191084018601099,
      "incr_op_margin_yoy": 1.1571415031750545,
      "rev_growth_yoy": -0.30150883008515744,
      "rev_growth_yoy_accel": -0.24047869452852133,
      "fcf_margin_change": 0.02317116314311088
    },
    {
      "date": "2023-03-31T00:00:00",
      "quarter_label": "2023-03 (Q1)",
      "revenue": 158044000,
      "gross_profit": 12135000,
      "operating_income": -864000,
      "net_income": -3231000,
      "opex": 12999000,
      "cogs": 145909000,
      "rd": null,
      "sga": null,
      "fcf": -24309000,
      "ocf": 9320000,
      "capex": -33629000,
      "gross_margin": 0.0767824150236643,
      "op_margin": -0.0054668320214623775,
      "fcf_margin": -0.15381159677051962,
      "incr_op_margin_yoy": 0.5408621402010743,
      "rev_growth_yoy": -0.18680312221827744,
      "rev_growth_yoy_accel": 0.11470570786688,
      "op_leverage_ratio": null,
      "fcf_margin_change": 0.06529680508959029
    },
    {
      "date": "2023-06-30T00:00:00",
      "quarter_label": "2023-06 (Q2)",
      "revenue": 132667000,
      "gross_profit": 17899000,
      "operating_income": 3680000,
      "net_income": 1733000,
      "opex": 14219000,
      "cogs": 114768000,
      "rd": null,
      "sga": null,
      "fcf": 3629000,
      "ocf": 24777000,
      "capex": -21148000,
      "gross_margin": 0.13491674644033558,
      "op_margin": 0.02773862377230208,
      "fcf_margin": 0.02735420262763159,
      "incr_op_margin_yoy": -0.2399618161207565,
      "rev_growth_yoy": -0.11216773295500174,
      "rev_growth_yoy_accel": 0.0746353892632757,
      "fcf_margin_change": 0.1811657993981512
    },
    {
      "date": "2023-09-30T00:00:00",
      "quarter_label": "2023-09 (Q3)",
      "revenue": 117185000,
      "gross_profit": 9030000,
      "operating_income": -5123000,
      "net_income": -6154000,
      "opex": 14153000,
      "cogs": 108155000,
      "rd": null,
      "sga": null,
      "fcf": -27936000,
      "ocf": 15480000,
      "capex": -43416000,
      "gross_margin": 0.07705764389640313,
      "op_margin": -0.04371719930025174,
      "fcf_margin": -0.23839228570209497,
      "incr_op_margin_yoy": -0.10519666674764948,
      "rev_growth_yoy": -0.2599434150531115,
      "rev_growth_yoy_accel": -0.1477756820981098,
      "fcf_margin_change": -0.2657464883297266
    },
    {
      "date": "2023-12-31T00:00:00",
      "quarter_label": "2023-12 (Q4)",
      "revenue": 181729000,
      "gross_profit": 38668000,
      "operating_income": 30526000,
      "net_income": 21558000,
      "opex": 8142000,
      "cogs": 143061000,
      "rd": null,
      "sga": null,
      "fcf": -54799000,
      "ocf": -2152000,
      "capex": -52647000,
      "gross_margin": 0.2127783677894007,
      "op_margin": 0.16797539192974154,
      "fcf_margin": -0.301542406550413,
      "incr_op_margin_yoy": 1.9172250577400132,
      "rev_growth_yoy": 0.2391345852254906,
      "rev_growth_yoy_accel": 0.49907800027860216,
      "op_leverage_ratio": null,
      "fcf_margin_change": -0.063150120848318
    },
    {
      "date": "2024-03-31T00:00:00",
      "quarter_label": "2024-03 (Q1)",
      "revenue": 198660000,
      "gross_profit": 45574000,
      "operating_income": 31479000,
      "net_income": 21024000,
      "opex": 14095000,
      "cogs": 153086000,
      "rd": null,
      "sga": null,
      "fcf": 26529000,
      "ocf": 38441000,
      "capex": -11912000,
      "gross_margin": 0.2294070270814457,
      "op_margin": 0.15845665961945032,
      "fcf_margin": 0.13353971609785564,
      "incr_op_margin_yoy": 0.7963117983060862,
      "rev_growth_yoy": 0.2569917238237453,
      "rev_growth_yoy_accel": 0.01785713859825469,
      "op_leverage_ratio": 0.12742469079117913,
      "fcf_margin_change": 0.4350821226482686
    },
    {
      "date": "2024-06-30T00:00:00",
      "quarter_label": "2024-06 (Q2)",
      "revenue": 170086000,
      "gross_profit": 29840000,
      "operating_income": 14585000,
      "net_income": 7673000,
      "opex": 15255000,
      "cogs": 140246000,
      "rd": null,
      "sga": null,
      "fcf": -33983000,
      "ocf": 18368000,
      "capex": -52351000,
      "gross_margin": 0.1754406594311113,
      "op_margin": 0.08575073786202274,
      "fcf_margin": -0.19979892524957962,
      "incr_op_margin_yoy": 0.29142948769341775,
      "rev_growth_yoy": 0.28205205514559006,
      "rev_growth_yoy_accel": 0.025060331321844764,
      "fcf_margin_change": -0.3333386413474353
    },
    {
      "date": "2024-09-30T00:00:00",
      "quarter_label": "2024-09 (Q3)",
      "revenue": 191173000,
      "gross_profit": 36233000,
      "operating_income": 16694000,
      "net_income": 8852000,
      "opex": 19539000,
      "cogs": 154940000,
      "rd": null,
      "sga": null,
      "fcf": -11497000,
      "ocf": 26772000,
      "capex": -38269000,
      "gross_margin": 0.18952990223514826,
      "op_margin": 0.08732404680577278,
      "fcf_margin": -0.06013924560476636,
      "incr_op_margin_yoy": 0.29487214142833973,
      "rev_growth_yoy": 0.6313777360583692,
      "rev_growth_yoy_accel": 0.34932568091277916,
      "op_leverage_ratio": 0.44147791226129107,
      "fcf_margin_change": 0.13965967964481327
    },
    {
      "date": "2024-12-31T00:00:00",
      "quarter_label": "2024-12 (Q4)",
      "revenue": 202774000,
      "gross_profit": 48929000,
      "operating_income": 30047000,
      "net_income": 19716000,
      "opex": 18882000,
      "cogs": 153845000,
      "rd": null,
      "sga": null,
      "fcf": -36132000,
      "ocf": -13519000,
      "capex": -22613000,
      "gross_margin": 0.24129819404854666,
      "op_margin": 0.1481797469103534,
      "fcf_margin": -0.1781885251560851,
      "incr_op_margin_yoy": -0.022760750772154906,
      "rev_growth_yoy": 0.11580430201013597,
      "rev_growth_yoy_accel": -0.5155734340482332,
      "op_leverage_ratio": null,
      "fcf_margin_change": -0.11804927955131875
    },
    {
      "date": "2025-03-31T00:00:00",
      "quarter_label": "2025-03 (Q1)",
      "revenue": 242865000,
      "gross_profit": 69523000,
      "operating_income": 49945000,
      "net_income": 33416000,
      "opex": 19578000,
      "cogs": 173342000,
      "rd": null,
      "sga": null,
      "fcf": 39604000,
      "ocf": 60854000,
      "capex": -21250000,
      "gross_margin": 0.2862619150556894,
      "op_margin": 0.2056492289955325,
      "fcf_margin": 0.1630700183229366,
      "incr_op_margin_yoy": 0.41773555027711795,
      "rev_growth_yoy": 0.22251585623678646,
      "rev_growth_yoy_accel": 0.10671155422665049,
      "op_leverage_ratio": 5.363809862381186,
      "fcf_margin_change": 0.34125854347902174
    },
    {
      "date": "2025-06-30T00:00:00",
      "quarter_label": "2025-06 (Q2)",
      "revenue": 193755000,
      "gross_profit": 36566000,
      "operating_income": 17087000,
      "net_income": 9695000,
      "opex": 19479000,
      "cogs": 157189000,
      "rd": null,
      "sga": null,
      "fcf": -3672000,
      "ocf": 56917000,
      "capex": -60589000,
      "gross_margin": 0.18872287166782792,
      "op_margin": 0.08818869190472504,
      "fcf_margin": -0.018951768986606797,
      "incr_op_margin_yoy": 0.10570788795470869,
      "rev_growth_yoy": 0.1391590136754348,
      "rev_growth_yoy_accel": -0.08335684256135167,
      "fcf_margin_change": -0.1820217873095434
    },
    {
      "date": "2025-09-30T00:00:00",
      "quarter_label": "2025-09 (Q3)",
      "revenue": 195205000,
      "gross_profit": 43760000,
      "operating_income": 28143000,
      "net_income": 17724000,
      "opex": 15617000,
      "cogs": 151445000,
      "rd": null,
      "sga": null,
      "fcf": 13246000,
      "ocf": 49159000,
      "capex": -35913000,
      "gross_margin": 0.22417458569196486,
      "op_margin": 0.14417151200020492,
      "fcf_margin": 0.06785686842037858,
      "incr_op_margin_yoy": 2.8395337301587302,
      "rev_growth_yoy": 0.021090844418406366,
      "rev_growth_yoy_accel": -0.11806816925702843,
      "fcf_margin_change": 0.08680863740698538
    },
    {
      "date": "2025-12-31T00:00:00",
      "quarter_label": "2025-12 (Q4)",
      "revenue": 256452000,
      "gross_profit": 53636000,
      "operating_income": 32613000,
      "net_income": 12634000,
      "opex": 21023000,
      "cogs": 202816000,
      "rd": null,
      "sga": null,
      "fcf": 50282000,
      "ocf": 79748000,
      "capex": -29466000,
      "gross_margin": 0.20914635097406142,
      "op_margin": 0.12716999672453325,
      "fcf_margin": 0.19606788014911172,
      "incr_op_margin_yoy": 0.047803569432542194,
      "rev_growth_yoy": 0.2647183563967767,
      "rev_growth_yoy_accel": 0.24362751197837035,
      "op_leverage_ratio": 0.9063907240842067,
      "fcf_margin_change": 0.12821101172873314
    }
  ],
  "signals": [
    {
      "quarter": "2025-12 (Q4)",
      "signal": "FCF MARGIN EXPANSION",
      "detail": "FCF margin: +6.8% -> +19.6% (+12.8%)",
      "severity": "MEDIUM"
    },
    {
      "quarter": "2025-12 (Q4)",
      "signal": "YoY REVENUE GROWTH ACCELERATION",
      "detail": "YoY growth: +26.5% vs prior quarter YoY: +2.1% (accel: +24.4%)",
      "severity": "HIGH"
    },
    {
      "quarter": "2025-09 (Q3)",
      "signal": "FCF TURNED POSITIVE",
      "detail": "FCF margin: -1.9% -> +6.8%",
      "severity": "HIGH"
    },
    {
      "quarter": "2025-09 (Q3)",
      "signal": "GROSS MARGIN INFLECTION",
      "detail": "GM: +28.6% -> +18.9% -> +22.4% (reversal +3.5%)",
      "severity": "MEDIUM"
    },
    {
      "quarter": "2025-09 (Q3)",
      "signal": "YoY REVENUE GROWTH DECELERATION",
      "detail": "YoY growth: +2.1% vs prior quarter YoY: +13.9% (decel: -11.8%)",
      "severity": "WARNING"
    },
    {
      "quarter": "2025-09 (Q3)",
      "signal": "INCREMENTAL MARGIN (YoY)",
      "detail": "YoY Incr OPM: +284.0% vs year-ago OPM: +8.7%",
      "severity": "HIGH"
    },
    {
      "quarter": "2025-06 (Q2)",
      "signal": "YoY REVENUE GROWTH DECELERATION",
      "detail": "YoY growth: +13.9% vs prior quarter YoY: +22.3% (decel: -8.3%)",
      "severity": "WARNING"
    },
    {
      "quarter": "2025-03 (Q1)",
      "signal": "FCF TURNED POSITIVE",
      "detail": "FCF margin: -17.8% -> +16.3%",
      "severity": "HIGH"
    },
    {
      "quarter": "2025-03 (Q1)",
      "signal": "OPERATING LEVERAGE",
      "detail": "Rev growth +19.8% vs OpEx growth +3.7% (leverage: 5.4x)",
      "severity": "MEDIUM"
    },
    {
      "quarter": "2025-03 (Q1)",
      "signal": "YoY REVENUE GROWTH ACCELERATION",
      "detail": "YoY growth: +22.3% vs prior quarter YoY: +11.6% (accel: +10.7%)",
      "severity": "MEDIUM"
    },
    {
      "quarter": "2025-03 (Q1)",
      "signal": "INCREMENTAL MARGIN (YoY)",
      "detail": "YoY Incr OPM: +41.8% vs year-ago OPM: +15.8%",
      "severity": "HIGH"
    },
    {
      "quarter": "2024-12 (Q4)",
      "signal": "YoY REVENUE GROWTH DECELERATION",
      "detail": "YoY growth: +11.6% vs prior quarter YoY: +63.1% (decel: -51.6%)",
      "severity": "WARNING"
    },
    {
      "quarter": "2024-09 (Q3)",
      "signal": "FCF MARGIN EXPANSION",
      "detail": "FCF margin: -20.0% -> -6.0% (+14.0%)",
      "severity": "MEDIUM"
    },
    {
      "quarter": "2024-09 (Q3)",
      "signal": "YoY REVENUE GROWTH ACCELERATION",
      "detail": "YoY growth: +63.1% vs prior quarter YoY: +28.2% (accel: +34.9%)",
      "severity": "HIGH"
    },
    {
      "quarter": "2024-09 (Q3)",
      "signal": "OP MARGIN TURNED POSITIVE (YoY)",
      "detail": "Op margin: -4.4% (year-ago) -> +8.7%",
      "severity": "HIGH"
    },
    {
      "quarter": "2024-06 (Q2)",
      "signal": "INCREMENTAL MARGIN (YoY)",
      "detail": "YoY Incr OPM: +29.1% vs year-ago OPM: +2.8%",
      "severity": "HIGH"
    },
    {
      "quarter": "2024-03 (Q1)",
      "signal": "FCF TURNED POSITIVE",
      "detail": "FCF margin: -30.2% -> +13.4%",
      "severity": "HIGH"
    },
    {
      "quarter": "2024-03 (Q1)",
      "signal": "OP MARGIN TURNED POSITIVE (YoY)",
      "detail": "Op margin: -0.5% (year-ago) -> +15.8%",
      "severity": "HIGH"
    },
    {
      "quarter": "2023-12 (Q4)",
      "signal": "GROSS MARGIN INFLECTION",
      "detail": "GM: +13.5% -> +7.7% -> +21.3% (reversal +13.6%)",
      "severity": "HIGH"
    },
    {
      "quarter": "2023-12 (Q4)",
      "signal": "YoY REVENUE GROWTH ACCELERATION",
      "detail": "YoY growth: +23.9% vs prior quarter YoY: -26.0% (accel: +49.9%)",
      "severity": "HIGH"
    },
    {
      "quarter": "2023-12 (Q4)",
      "signal": "OP MARGIN TURNED POSITIVE (YoY)",
      "detail": "Op margin: -25.0% (year-ago) -> +16.8%",
      "severity": "HIGH"
    },
    {
      "quarter": "2023-12 (Q4)",
      "signal": "OP MARGIN TURNED POSITIVE (QoQ)",
      "detail": "Op margin: -4.4% -> +16.8%",
      "severity": "HIGH"
    },
    {
      "quarter": "2023-09 (Q3)",
      "signal": "YoY REVENUE GROWTH DECELERATION",
      "detail": "YoY growth: -26.0% vs prior quarter YoY: -11.2% (decel: -14.8%)",
      "severity": "WARNING"
    },
    {
      "quarter": "2023-06 (Q2)",
      "signal": "FCF TURNED POSITIVE",
      "detail": "FCF margin: -15.4% -> +2.7%",
      "severity": "HIGH"
    },
    {
      "quarter": "2023-06 (Q2)",
      "signal": "YoY REVENUE GROWTH ACCELERATION",
      "detail": "YoY growth: -11.2% vs prior quarter YoY: -18.7% (accel: +7.5%)",
      "severity": "MEDIUM"
    },
    {
      "quarter": "2023-06 (Q2)",
      "signal": "OP MARGIN TURNED POSITIVE (YoY)",
      "detail": "Op margin: -0.2% (year-ago) -> +2.8%",
      "severity": "HIGH"
    },
    {
      "quarter": "2023-06 (Q2)",
      "signal": "OP MARGIN TURNED POSITIVE (QoQ)",
      "detail": "Op margin: -0.5% -> +2.8%",
      "severity": "HIGH"
    },
    {
      "quarter": "2023-03 (Q1)",
      "signal": "FCF MARGIN EXPANSION",
      "detail": "FCF margin: -21.9% -> -15.4% (+6.5%)",
      "severity": "MEDIUM"
    },
    {
      "quarter": "2023-03 (Q1)",
      "signal": "GROSS MARGIN INFLECTION",
      "detail": "GM: +2.4% -> -11.0% -> +7.7% (reversal +18.7%)",
      "severity": "HIGH"
    },
    {
      "quarter": "2023-03 (Q1)",
      "signal": "YoY REVENUE GROWTH ACCELERATION",
      "detail": "YoY growth: -18.7% vs prior quarter YoY: -30.2% (accel: +11.5%)",
      "severity": "MEDIUM"
    },
    {
      "quarter": "2022-12 (Q4)",
      "signal": "YoY REVENUE GROWTH DECELERATION",
      "detail": "YoY growth: -30.2% vs prior quarter YoY: -6.1% (decel: -24.0%)",
      "severity": "WARNING"
    },
    {
      "quarter": "2022-09 (Q3)",
      "signal": "FCF MARGIN EXPANSION",
      "detail": "FCF margin: -45.7% -> -24.2% (+21.5%)",
      "severity": "MEDIUM"
    },
    {
      "quarter": "2022-09 (Q3)",
      "signal": "YoY REVENUE GROWTH ACCELERATION",
      "detail": "YoY growth: -6.1% vs prior quarter YoY: -12.1% (accel: +6.0%)",
      "severity": "MEDIUM"
    },
    {
      "quarter": "2022-06 (Q2)",
      "signal": "YoY REVENUE GROWTH DECELERATION",
      "detail": "YoY growth: -12.1% vs prior quarter YoY: +9.4% (decel: -21.5%)",
      "severity": "WARNING"
    },
    {
      "quarter": "2022-03 (Q1)",
      "signal": "FCF MARGIN EXPANSION",
      "detail": "FCF margin: -13.6% -> -1.3% (+12.3%)",
      "severity": "MEDIUM"
    },
    {
      "quarter": "2021-12 (Q4)",
      "signal": "OPERATING LEVERAGE",
      "detail": "Rev growth +24.5% vs OpEx growth +10.6% (leverage: 2.3x)",
      "severity": "MEDIUM"
    },
    {
      "quarter": "2021-09 (Q3)",
      "signal": "GROSS MARGIN INFLECTION",
      "detail": "GM: +18.6% -> +13.5% -> +21.5% (reversal +8.0%)",
      "severity": "HIGH"
    },
    {
      "quarter": "2021-06 (Q2)",
      "signal": "FCF TURNED POSITIVE",
      "detail": "FCF margin: -20.4% -> +4.1%",
      "severity": "HIGH"
    }
  ],
  "data_quality": {
    "n_quarters": 20,
    "coverage": {
      "revenue": [
        20,
        20
      ],
      "gross_profit": [
        20,
        20
      ],
      "op_income": [
        20,
        20
      ],
      "fcf": [
        20,
        20
      ]
    },
    "gaps": [],
    "warnings": []
  },
  "market_cap": null,
  "source": "SEC EDGAR",
  "last_updated": "2026-02-24T10:07:19.996137"
}