{
  "ticker": "GLGI",
  "name": "GREYSTONE LOGISTICS, INC.",
  "quarters": [
    {
      "date": "2021-02-28T00:00:00",
      "quarter_label": "2021-02 (Q1)",
      "revenue": 14511196,
      "gross_profit": 2556974,
      "operating_income": 1388548,
      "net_income": 782497,
      "opex": 1168426,
      "cogs": 11954222,
      "rd": null,
      "sga": 1168426,
      "fcf": 1800560,
      "ocf": 2762227,
      "capex": -961667,
      "gross_margin": 0.17620697839102994,
      "op_margin": 0.09568804666410681,
      "fcf_margin": 0.12408074427497223
    },
    {
      "date": "2021-05-31T00:00:00",
      "quarter_label": "2021-05 (Q2)",
      "revenue": 17322369,
      "gross_profit": 2841042,
      "operating_income": 1278694,
      "net_income": 810798,
      "opex": 1562348,
      "cogs": 14481327,
      "rd": null,
      "sga": 1562348,
      "fcf": 5964122,
      "ocf": 6617491,
      "capex": -653369,
      "gross_margin": 0.1640100150273903,
      "op_margin": 0.07381750152072156,
      "fcf_margin": 0.34430175226032883,
      "op_leverage_ratio": 0.5746128595497831,
      "fcf_margin_change": 0.2202210079853566
    },
    {
      "date": "2021-08-31T00:00:00",
      "quarter_label": "2021-08 (Q3)",
      "revenue": 14774399,
      "gross_profit": 1462094,
      "operating_income": 243490,
      "net_income": 3122458,
      "opex": 1218604,
      "cogs": 13312305,
      "rd": null,
      "sga": 1218604,
      "fcf": -283636,
      "ocf": 375643,
      "capex": -659279,
      "gross_margin": 0.09896131815581805,
      "op_margin": 0.01648053501194871,
      "fcf_margin": -0.019197802902168812,
      "fcf_margin_change": -0.36349955516249766
    },
    {
      "date": "2021-11-30T00:00:00",
      "quarter_label": "2021-11 (Q4)",
      "revenue": 15844567,
      "gross_profit": 976966,
      "operating_income": -156934,
      "net_income": -229485,
      "opex": 1133900,
      "cogs": 14867601,
      "rd": null,
      "sga": 1133900,
      "fcf": 11223810,
      "ocf": 12103195,
      "capex": -879385,
      "gross_margin": 0.06165936879183887,
      "op_margin": -0.00990459379546314,
      "fcf_margin": 0.7083696260049265,
      "op_leverage_ratio": Infinity,
      "fcf_margin_change": 0.7275674289070952
    },
    {
      "date": "2022-02-28T00:00:00",
      "quarter_label": "2022-02 (Q1)",
      "revenue": 22450682,
      "gross_profit": 2716527,
      "operating_income": 1035548,
      "net_income": 603244,
      "opex": 1680979,
      "cogs": 19734155,
      "rd": null,
      "sga": 1680979,
      "fcf": -6631171,
      "ocf": -3294305,
      "capex": -3336866,
      "gross_margin": 0.12099975403865236,
      "op_margin": 0.04612545846046013,
      "fcf_margin": -0.29536612740762175,
      "incr_op_margin_yoy": -0.044461316513436766,
      "rev_growth_yoy": 0.5471283001070346,
      "op_leverage_ratio": 0.8641526483513617,
      "fcf_margin_change": -1.0037357534125482
    },
    {
      "date": "2022-05-31T00:00:00",
      "quarter_label": "2022-05 (Q2)",
      "revenue": 21100703,
      "gross_profit": 2618972,
      "operating_income": 1452068,
      "net_income": 1050383,
      "opex": 1166904,
      "cogs": 18481731,
      "rd": null,
      "sga": 1166904,
      "fcf": -3802163,
      "ocf": -2547172,
      "capex": -1254991,
      "gross_margin": 0.12411776043670204,
      "op_margin": 0.0688160958428731,
      "fcf_margin": -0.18019129504832138,
      "incr_op_margin_yoy": 0.045886361555119264,
      "rev_growth_yoy": 0.21811878040468946,
      "rev_growth_yoy_accel": -0.32900951970234515,
      "fcf_margin_change": 0.11517483235930037
    },
    {
      "date": "2022-08-31T00:00:00",
      "quarter_label": "2022-08 (Q3)",
      "revenue": 18953599,
      "gross_profit": 2463146,
      "operating_income": 1357555,
      "net_income": 1373741,
      "opex": 1105591,
      "cogs": 16490453,
      "rd": null,
      "sga": 1105591,
      "fcf": -4455993,
      "ocf": -3304209,
      "capex": -1151784,
      "gross_margin": 0.12995663778683933,
      "op_margin": 0.07162518316442171,
      "fcf_margin": -0.235100098931079,
      "incr_op_margin_yoy": 0.2665737461715161,
      "rev_growth_yoy": 0.28286768213042035,
      "rev_growth_yoy_accel": 0.06474890172573089,
      "fcf_margin_change": -0.05490880388275762
    },
    {
      "date": "2022-11-30T00:00:00",
      "quarter_label": "2022-11 (Q4)",
      "revenue": 12101674,
      "gross_profit": 1222374,
      "operating_income": 16386,
      "net_income": -187247,
      "opex": 1205988,
      "cogs": 10879300,
      "rd": null,
      "sga": 1205988,
      "fcf": -659314,
      "ocf": -5703,
      "capex": -653611,
      "gross_margin": 0.10100867037072722,
      "op_margin": 0.001354027550238091,
      "fcf_margin": -0.05448122301096526,
      "incr_op_margin_yoy": -0.04630642660637106,
      "rev_growth_yoy": -0.2362256412560848,
      "rev_growth_yoy_accel": -0.5190933233865052,
      "fcf_margin_change": 0.18061887592011375
    },
    {
      "date": "2023-02-28T00:00:00",
      "quarter_label": "2023-02 (Q1)",
      "revenue": 13578269,
      "gross_profit": 2357478,
      "operating_income": 750852,
      "net_income": 3695496,
      "opex": 1606626,
      "cogs": 11220791,
      "rd": null,
      "sga": 1606626,
      "fcf": 2320703,
      "ocf": 3716495,
      "capex": -1395792,
      "gross_margin": 0.17362139459749987,
      "op_margin": 0.055298064871155524,
      "fcf_margin": 0.1709130228602777,
      "incr_op_margin_yoy": 0.032087775895914675,
      "rev_growth_yoy": -0.39519570051368597,
      "rev_growth_yoy_accel": -0.15897005925760116,
      "op_leverage_ratio": 0.36728804385884556,
      "fcf_margin_change": 0.22539424587124296
    },
    {
      "date": "2023-05-31T00:00:00",
      "quarter_label": "2023-05 (Q2)",
      "revenue": 16125420,
      "gross_profit": 3288555,
      "operating_income": 2106590,
      "net_income": null,
      "opex": 1181965,
      "cogs": 12836865,
      "rd": null,
      "sga": 1181965,
      "fcf": -2513148,
      "ocf": 3465035,
      "capex": -5978183,
      "gross_margin": 0.20393608352526632,
      "op_margin": 0.13063783765012013,
      "fcf_margin": -0.155850080183958,
      "incr_op_margin_yoy": -0.13155472764061862,
      "rev_growth_yoy": -0.2357875469836242,
      "rev_growth_yoy_accel": 0.15940815353006177,
      "op_leverage_ratio": Infinity,
      "fcf_margin_change": -0.3267631030442357
    },
    {
      "date": "2023-08-31T00:00:00",
      "quarter_label": "2023-08 (Q3)",
      "revenue": 17413671,
      "gross_profit": 4044762,
      "operating_income": 2831811,
      "net_income": null,
      "opex": 1212951,
      "cogs": 13368909,
      "rd": null,
      "sga": 1212951,
      "fcf": 4556473,
      "ocf": 5229554,
      "capex": -673081,
      "gross_margin": 0.23227509007147315,
      "op_margin": 0.16261998977699763,
      "fcf_margin": 0.26166068027815614,
      "incr_op_margin_yoy": -0.9573538503098846,
      "rev_growth_yoy": -0.08124726074451612,
      "rev_growth_yoy_accel": 0.1545402862391081,
      "op_leverage_ratio": 3.0473936147583736,
      "fcf_margin_change": 0.4175107604621141
    },
    {
      "date": "2023-11-30T00:00:00",
      "quarter_label": "2023-11 (Q4)",
      "revenue": 15597036,
      "gross_profit": 3137466,
      "operating_income": 1763442,
      "net_income": null,
      "opex": 1374024,
      "cogs": 12459570,
      "rd": null,
      "sga": 1374024,
      "fcf": 1828119,
      "ocf": 2500918,
      "capex": -672799,
      "gross_margin": 0.2011578353733363,
      "op_margin": 0.11306263574694576,
      "fcf_margin": 0.11720938516779726,
      "incr_op_margin_yoy": 0.4998211916247874,
      "rev_growth_yoy": 0.28883293336112015,
      "rev_growth_yoy_accel": 0.37008019410563625,
      "fcf_margin_change": -0.14445129511035887
    },
    {
      "date": "2024-02-29T00:00:00",
      "quarter_label": "2024-02 (Q1)",
      "revenue": 13980009,
      "gross_profit": 1866310,
      "operating_income": 589309,
      "net_income": null,
      "opex": 1277001,
      "cogs": 12113699,
      "rd": null,
      "sga": 1277001,
      "fcf": 847599,
      "ocf": 1542495,
      "capex": -694896,
      "gross_margin": 0.1334984834416058,
      "op_margin": 0.042153692461857496,
      "fcf_margin": 0.06062936010985401,
      "rev_growth_yoy": 0.0295869819636067,
      "rev_growth_yoy_accel": -0.25924595139751344,
      "fcf_margin_change": -0.05658002505794325
    },
    {
      "date": "2024-05-31T00:00:00",
      "quarter_label": "2024-05 (Q2)",
      "revenue": 14789999,
      "gross_profit": 2667093,
      "operating_income": 1956108,
      "net_income": null,
      "opex": 710985,
      "cogs": 12122906,
      "rd": null,
      "sga": 1304632,
      "fcf": 2361403,
      "ocf": 3122005,
      "capex": -760602,
      "gross_margin": 0.18033084383575684,
      "op_margin": 0.13225883247186157,
      "fcf_margin": 0.15966214737404646,
      "incr_op_margin_yoy": 0.11268506336204089,
      "rev_growth_yoy": -0.08281464916882784,
      "rev_growth_yoy_accel": -0.11240163113243454,
      "op_leverage_ratio": Infinity,
      "fcf_margin_change": 0.09903278726419246
    },
    {
      "date": "2024-08-31T00:00:00",
      "quarter_label": "2024-08 (Q3)",
      "revenue": 13460647,
      "gross_profit": 1902894,
      "operating_income": 824524,
      "net_income": 335454,
      "opex": 1078370,
      "cogs": 11557753,
      "rd": null,
      "sga": 1820191,
      "fcf": -1235616,
      "ocf": 2100285,
      "capex": -3335901,
      "gross_margin": 0.14136720174000553,
      "op_margin": 0.061254410727805284,
      "fcf_margin": -0.09179469604990012,
      "incr_op_margin_yoy": 0.5077851791438656,
      "rev_growth_yoy": -0.22700693035948594,
      "rev_growth_yoy_accel": -0.14419228119065808,
      "fcf_margin_change": -0.2514568434239466
    },
    {
      "date": "2024-11-30T00:00:00",
      "quarter_label": "2024-11 (Q4)",
      "revenue": 12135247,
      "gross_profit": 1380534,
      "operating_income": 19577,
      "net_income": -204714,
      "opex": 1360957,
      "cogs": 10754713,
      "rd": null,
      "sga": 1360957,
      "fcf": 1757496,
      "ocf": 2943350,
      "capex": -1185854,
      "gross_margin": 0.1137623321552499,
      "op_margin": 0.0016132345719868742,
      "fcf_margin": 0.1448257295463372,
      "incr_op_margin_yoy": 0.503746762151015,
      "rev_growth_yoy": -0.22195172210925204,
      "rev_growth_yoy_accel": 0.005055208250233895,
      "fcf_margin_change": 0.23662042559623733
    },
    {
      "date": "2025-02-28T00:00:00",
      "quarter_label": "2025-02 (Q1)",
      "revenue": 14315798,
      "gross_profit": 2737818,
      "operating_income": 1362904,
      "net_income": null,
      "opex": 1374914,
      "cogs": 11577980,
      "rd": null,
      "sga": 1374914,
      "fcf": 2311841,
      "ocf": 2853386,
      "capex": -541545,
      "gross_margin": 0.19124452580289272,
      "op_margin": 0.09520279623951107,
      "fcf_margin": 0.1614887972015252,
      "rev_growth_yoy": 0.024019226310941572,
      "rev_growth_yoy_accel": 0.24597094842019362,
      "op_leverage_ratio": 17.521446362705582,
      "fcf_margin_change": 0.01666306765518799
    },
    {
      "date": "2025-05-31T00:00:00",
      "quarter_label": "2025-05 (Q2)",
      "revenue": 17957788,
      "gross_profit": 3457047,
      "operating_income": 2106305,
      "net_income": null,
      "opex": 1350742,
      "cogs": 14500741,
      "rd": null,
      "sga": 1350742,
      "fcf": 1700299,
      "ocf": 2390428,
      "capex": -690129,
      "gross_margin": 0.19250962312284786,
      "op_margin": 0.11729200723385308,
      "fcf_margin": 0.09468309794057041,
      "incr_op_margin_yoy": 0.047413827120430053,
      "rev_growth_yoy": 0.2141845310469595,
      "rev_growth_yoy_accel": 0.19016530473601792,
      "op_leverage_ratio": Infinity,
      "fcf_margin_change": -0.0668056992609548
    },
    {
      "date": "2025-08-31T00:00:00",
      "quarter_label": "2025-08 (Q3)",
      "revenue": 10732573,
      "gross_profit": 318343,
      "operating_income": -1224984,
      "net_income": -1099022,
      "opex": 1543327,
      "cogs": 10414230,
      "rd": null,
      "sga": 1543327,
      "fcf": 1466526,
      "ocf": 1908265,
      "capex": -441739,
      "gross_margin": 0.029661386882716755,
      "op_margin": -0.11413702939639916,
      "fcf_margin": 0.13664253669646598,
      "incr_op_margin_yoy": 0.7512655448495899,
      "rev_growth_yoy": -0.2026703471237304,
      "rev_growth_yoy_accel": -0.4168548781706899,
      "fcf_margin_change": 0.04195943875589557
    },
    {
      "date": "2025-11-30T00:00:00",
      "quarter_label": "2025-11 (Q4)",
      "revenue": 7769044,
      "gross_profit": -350499,
      "operating_income": -1691236,
      "net_income": -2064095,
      "opex": 1340737,
      "cogs": 8119543,
      "rd": null,
      "sga": 1340737,
      "fcf": -1758008,
      "ocf": -759354,
      "capex": -998654,
      "gross_margin": -0.04511481721560594,
      "op_margin": -0.21768907474330176,
      "fcf_margin": -0.22628369719620586,
      "incr_op_margin_yoy": 0.3918308424963292,
      "rev_growth_yoy": -0.3597951487926039,
      "rev_growth_yoy_accel": -0.1571248016688735,
      "fcf_margin_change": -0.36292623389267187
    }
  ],
  "signals": [
    {
      "quarter": "2025-11 (Q4)",
      "signal": "YoY REVENUE GROWTH DECELERATION",
      "detail": "YoY growth: -36.0% vs prior quarter YoY: -20.3% (decel: -15.7%)",
      "severity": "WARNING"
    },
    {
      "quarter": "2025-08 (Q3)",
      "signal": "YoY REVENUE GROWTH DECELERATION",
      "detail": "YoY growth: -20.3% vs prior quarter YoY: +21.4% (decel: -41.7%)",
      "severity": "WARNING"
    },
    {
      "quarter": "2025-05 (Q2)",
      "signal": "YoY REVENUE GROWTH ACCELERATION",
      "detail": "YoY growth: +21.4% vs prior quarter YoY: +2.4% (accel: +19.0%)",
      "severity": "HIGH"
    },
    {
      "quarter": "2025-02 (Q1)",
      "signal": "OPERATING LEVERAGE",
      "detail": "Rev growth +18.0% vs OpEx growth +1.0% (leverage: 17.5x)",
      "severity": "MEDIUM"
    },
    {
      "quarter": "2025-02 (Q1)",
      "signal": "GROSS MARGIN INFLECTION",
      "detail": "GM: +14.1% -> +11.4% -> +19.1% (reversal +7.7%)",
      "severity": "HIGH"
    },
    {
      "quarter": "2025-02 (Q1)",
      "signal": "YoY REVENUE GROWTH ACCELERATION",
      "detail": "YoY growth: +2.4% vs prior quarter YoY: -22.2% (accel: +24.6%)",
      "severity": "HIGH"
    },
    {
      "quarter": "2024-11 (Q4)",
      "signal": "FCF TURNED POSITIVE",
      "detail": "FCF margin: -9.2% -> +14.5%",
      "severity": "HIGH"
    },
    {
      "quarter": "2024-11 (Q4)",
      "signal": "INCREMENTAL MARGIN (YoY)",
      "detail": "YoY Incr OPM: +50.4% vs year-ago OPM: +11.3%",
      "severity": "HIGH"
    },
    {
      "quarter": "2024-08 (Q3)",
      "signal": "YoY REVENUE GROWTH DECELERATION",
      "detail": "YoY growth: -22.7% vs prior quarter YoY: -8.3% (decel: -14.4%)",
      "severity": "WARNING"
    },
    {
      "quarter": "2024-08 (Q3)",
      "signal": "INCREMENTAL MARGIN (YoY)",
      "detail": "YoY Incr OPM: +50.8% vs year-ago OPM: +16.3%",
      "severity": "HIGH"
    },
    {
      "quarter": "2024-05 (Q2)",
      "signal": "FCF MARGIN EXPANSION",
      "detail": "FCF margin: +6.1% -> +16.0% (+9.9%)",
      "severity": "MEDIUM"
    },
    {
      "quarter": "2024-05 (Q2)",
      "signal": "GROSS MARGIN INFLECTION",
      "detail": "GM: +20.1% -> +13.3% -> +18.0% (reversal +4.7%)",
      "severity": "MEDIUM"
    },
    {
      "quarter": "2024-05 (Q2)",
      "signal": "YoY REVENUE GROWTH DECELERATION",
      "detail": "YoY growth: -8.3% vs prior quarter YoY: +3.0% (decel: -11.2%)",
      "severity": "WARNING"
    },
    {
      "quarter": "2024-02 (Q1)",
      "signal": "YoY REVENUE GROWTH DECELERATION",
      "detail": "YoY growth: +3.0% vs prior quarter YoY: +28.9% (decel: -25.9%)",
      "severity": "WARNING"
    },
    {
      "quarter": "2023-11 (Q4)",
      "signal": "YoY REVENUE GROWTH ACCELERATION",
      "detail": "YoY growth: +28.9% vs prior quarter YoY: -8.1% (accel: +37.0%)",
      "severity": "HIGH"
    },
    {
      "quarter": "2023-11 (Q4)",
      "signal": "INCREMENTAL MARGIN (YoY)",
      "detail": "YoY Incr OPM: +50.0% vs year-ago OPM: +0.1%",
      "severity": "HIGH"
    },
    {
      "quarter": "2023-08 (Q3)",
      "signal": "FCF TURNED POSITIVE",
      "detail": "FCF margin: -15.6% -> +26.2%",
      "severity": "HIGH"
    },
    {
      "quarter": "2023-08 (Q3)",
      "signal": "OPERATING LEVERAGE",
      "detail": "Rev growth +8.0% vs OpEx growth +2.6% (leverage: 3.0x)",
      "severity": "MEDIUM"
    },
    {
      "quarter": "2023-08 (Q3)",
      "signal": "YoY REVENUE GROWTH ACCELERATION",
      "detail": "YoY growth: -8.1% vs prior quarter YoY: -23.6% (accel: +15.5%)",
      "severity": "HIGH"
    },
    {
      "quarter": "2023-05 (Q2)",
      "signal": "YoY REVENUE GROWTH ACCELERATION",
      "detail": "YoY growth: -23.6% vs prior quarter YoY: -39.5% (accel: +15.9%)",
      "severity": "HIGH"
    },
    {
      "quarter": "2023-02 (Q1)",
      "signal": "FCF TURNED POSITIVE",
      "detail": "FCF margin: -5.4% -> +17.1%",
      "severity": "HIGH"
    },
    {
      "quarter": "2023-02 (Q1)",
      "signal": "GROSS MARGIN INFLECTION",
      "detail": "GM: +13.0% -> +10.1% -> +17.4% (reversal +7.3%)",
      "severity": "HIGH"
    },
    {
      "quarter": "2023-02 (Q1)",
      "signal": "YoY REVENUE GROWTH DECELERATION",
      "detail": "YoY growth: -39.5% vs prior quarter YoY: -23.6% (decel: -15.9%)",
      "severity": "WARNING"
    },
    {
      "quarter": "2022-11 (Q4)",
      "signal": "FCF MARGIN EXPANSION",
      "detail": "FCF margin: -23.5% -> -5.4% (+18.1%)",
      "severity": "MEDIUM"
    },
    {
      "quarter": "2022-11 (Q4)",
      "signal": "YoY REVENUE GROWTH DECELERATION",
      "detail": "YoY growth: -23.6% vs prior quarter YoY: +28.3% (decel: -51.9%)",
      "severity": "WARNING"
    },
    {
      "quarter": "2022-11 (Q4)",
      "signal": "OP MARGIN TURNED POSITIVE (YoY)",
      "detail": "Op margin: -1.0% (year-ago) -> +0.1%",
      "severity": "HIGH"
    },
    {
      "quarter": "2022-08 (Q3)",
      "signal": "YoY REVENUE GROWTH ACCELERATION",
      "detail": "YoY growth: +28.3% vs prior quarter YoY: +21.8% (accel: +6.5%)",
      "severity": "MEDIUM"
    },
    {
      "quarter": "2022-08 (Q3)",
      "signal": "INCREMENTAL MARGIN (YoY)",
      "detail": "YoY Incr OPM: +26.7% vs year-ago OPM: +1.6%",
      "severity": "HIGH"
    },
    {
      "quarter": "2022-05 (Q2)",
      "signal": "FCF MARGIN EXPANSION",
      "detail": "FCF margin: -29.5% -> -18.0% (+11.5%)",
      "severity": "MEDIUM"
    },
    {
      "quarter": "2022-05 (Q2)",
      "signal": "YoY REVENUE GROWTH DECELERATION",
      "detail": "YoY growth: +21.8% vs prior quarter YoY: +54.7% (decel: -32.9%)",
      "severity": "WARNING"
    },
    {
      "quarter": "2022-02 (Q1)",
      "signal": "GROSS MARGIN INFLECTION",
      "detail": "GM: +9.9% -> +6.2% -> +12.1% (reversal +5.9%)",
      "severity": "HIGH"
    },
    {
      "quarter": "2022-02 (Q1)",
      "signal": "OP MARGIN TURNED POSITIVE (QoQ)",
      "detail": "Op margin: -1.0% -> +4.6%",
      "severity": "HIGH"
    },
    {
      "quarter": "2021-11 (Q4)",
      "signal": "FCF TURNED POSITIVE",
      "detail": "FCF margin: -1.9% -> +70.8%",
      "severity": "HIGH"
    },
    {
      "quarter": "2021-05 (Q2)",
      "signal": "FCF MARGIN EXPANSION",
      "detail": "FCF margin: +12.4% -> +34.4% (+22.0%)",
      "severity": "MEDIUM"
    }
  ],
  "data_quality": {
    "n_quarters": 20,
    "coverage": {
      "revenue": [
        20,
        20
      ],
      "gross_profit": [
        20,
        20
      ],
      "op_income": [
        20,
        20
      ],
      "fcf": [
        20,
        20
      ]
    },
    "gaps": [],
    "warnings": []
  },
  "market_cap": null,
  "source": "SEC EDGAR",
  "last_updated": "2026-02-03T00:13:07.316485",
  "sector": "Basic Materials",
  "industry": "Specialty Chemicals"
}