{
  "ticker": "GLP-PB",
  "name": "GLOBAL PARTNERS LP",
  "quarters": [
    {
      "date": "2020-12-31T00:00:00",
      "quarter_label": "2020-12 (Q4)",
      "revenue": 2195547000,
      "gross_profit": 166212000,
      "operating_income": 32687000,
      "net_income": 4442000,
      "opex": 133525000,
      "cogs": 2029335000,
      "rd": null,
      "sga": 49375000,
      "fcf": 62237000,
      "ocf": 62237000,
      "capex": null,
      "gross_margin": 0.07570414115480106,
      "op_margin": 0.014887861658165368,
      "fcf_margin": 0.028346922202075384
    },
    {
      "date": "2021-03-31T00:00:00",
      "quarter_label": "2021-03 (Q1)",
      "revenue": 2553327000,
      "gross_profit": 145032000,
      "operating_income": 15932000,
      "net_income": -4297000,
      "opex": 129100000,
      "cogs": 2408295000,
      "rd": null,
      "sga": 46324000,
      "fcf": -105983000,
      "ocf": -105983000,
      "capex": null,
      "gross_margin": 0.056801185277091416,
      "op_margin": 0.006239702161141131,
      "fcf_margin": -0.04150780530656669,
      "op_leverage_ratio": Infinity,
      "fcf_margin_change": -0.06985472750864208
    },
    {
      "date": "2021-06-30T00:00:00",
      "quarter_label": "2021-06 (Q2)",
      "revenue": 3279145000,
      "gross_profit": 178045000,
      "operating_income": 32992000,
      "net_income": 12139000,
      "opex": 145053000,
      "cogs": 3101100000,
      "rd": null,
      "sga": 54031000,
      "fcf": 52425000,
      "ocf": 52425000,
      "capex": null,
      "gross_margin": 0.05429616561634207,
      "op_margin": 0.010061159235105492,
      "fcf_margin": 0.015987399154352735,
      "op_leverage_ratio": 2.3004096127532634,
      "fcf_margin_change": 0.05749520446091942
    },
    {
      "date": "2021-09-30T00:00:00",
      "quarter_label": "2021-09 (Q3)",
      "revenue": 3323910000,
      "gross_profit": 203058000,
      "operating_income": 53683000,
      "net_income": 33637000,
      "opex": 149375000,
      "cogs": 3120852000,
      "rd": null,
      "sga": 54674000,
      "fcf": 152615000,
      "ocf": 152615000,
      "capex": null,
      "gross_margin": 0.06109010171755553,
      "op_margin": 0.01615055762640986,
      "fcf_margin": 0.04591429972532349,
      "op_leverage_ratio": 0.4581629015863154,
      "fcf_margin_change": 0.029926900570970753
    },
    {
      "date": "2021-12-31T00:00:00",
      "quarter_label": "2021-12 (Q4)",
      "revenue": 4091895000,
      "gross_profit": 193128000,
      "operating_income": 39611000,
      "net_income": 19317000,
      "opex": 153517000,
      "cogs": 3898767000,
      "rd": null,
      "sga": 57849000,
      "fcf": -48839000,
      "ocf": -48839000,
      "capex": null,
      "gross_margin": 0.04719769202288915,
      "op_margin": 0.009680355923111419,
      "fcf_margin": -0.011935545755695099,
      "incr_op_margin_yoy": 0.0036512285719709674,
      "rev_growth_yoy": 0.8637246207892612,
      "op_leverage_ratio": 8.33242292825652,
      "fcf_margin_change": -0.05784984548101858
    },
    {
      "date": "2022-03-31T00:00:00",
      "quarter_label": "2022-03 (Q1)",
      "revenue": 4500538000,
      "gross_profit": 206238000,
      "operating_income": 53136000,
      "net_income": 30485000,
      "opex": 153102000,
      "cogs": 4294300000,
      "rd": null,
      "sga": 56281000,
      "fcf": 22628000,
      "ocf": 22628000,
      "capex": null,
      "gross_margin": 0.04582518801085559,
      "op_margin": 0.011806588456757836,
      "fcf_margin": 0.0050278433378409424,
      "incr_op_margin_yoy": 0.019106301268840407,
      "rev_growth_yoy": 0.7626171657605939,
      "rev_growth_yoy_accel": -0.10110745502866725,
      "op_leverage_ratio": Infinity,
      "fcf_margin_change": 0.016963389093536042
    },
    {
      "date": "2022-06-30T00:00:00",
      "quarter_label": "2022-06 (Q2)",
      "revenue": 5323650000,
      "gross_profit": 281476000,
      "operating_income": 186813000,
      "net_income": 162807000,
      "opex": 94663000,
      "cogs": 5042174000,
      "rd": null,
      "sga": 60870000,
      "fcf": 362565000,
      "ocf": 362565000,
      "capex": null,
      "gross_margin": 0.0528727470814197,
      "op_margin": 0.03509114986898087,
      "fcf_margin": 0.06810458989602998,
      "incr_op_margin_yoy": 0.0752363041420784,
      "rev_growth_yoy": 0.6234872199917967,
      "rev_growth_yoy_accel": -0.13912994576879723,
      "op_leverage_ratio": Infinity,
      "fcf_margin_change": 0.06307674655818904
    },
    {
      "date": "2022-09-30T00:00:00",
      "quarter_label": "2022-09 (Q3)",
      "revenue": 4626747000,
      "gross_profit": 328379000,
      "operating_income": 141297000,
      "net_income": 111439000,
      "opex": 187082000,
      "cogs": 4298368000,
      "rd": null,
      "sga": 65123000,
      "fcf": 191713000,
      "ocf": 191713000,
      "capex": null,
      "gross_margin": 0.07097405585392934,
      "op_margin": 0.030539167151348454,
      "fcf_margin": 0.0414358079229316,
      "incr_op_margin_yoy": 0.06724862741847215,
      "rev_growth_yoy": 0.3919591685695461,
      "rev_growth_yoy_accel": -0.23152805142225058,
      "fcf_margin_change": -0.026668781973098382
    },
    {
      "date": "2022-12-31T00:00:00",
      "quarter_label": "2022-12 (Q4)",
      "revenue": 4426951000,
      "gross_profit": 281556000,
      "operating_income": 79042000,
      "net_income": 57476000,
      "opex": 202514000,
      "cogs": 4145395000,
      "rd": null,
      "sga": 80838000,
      "fcf": -96910000,
      "ocf": -96910000,
      "capex": null,
      "gross_margin": 0.06360043289388113,
      "op_margin": 0.017854726650464395,
      "fcf_margin": -0.021890913181555432,
      "incr_op_margin_yoy": 0.11768480492813142,
      "rev_growth_yoy": 0.0818828440123708,
      "rev_growth_yoy_accel": -0.3100763245571753,
      "fcf_margin_change": -0.06332672110448703
    },
    {
      "date": "2023-03-31T00:00:00",
      "quarter_label": "2023-03 (Q1)",
      "revenue": 4030327000,
      "gross_profit": 222064000,
      "operating_income": 51499000,
      "net_income": 29031000,
      "opex": 170565000,
      "cogs": 3808263000,
      "rd": null,
      "sga": 62256000,
      "fcf": -19325000,
      "ocf": -19325000,
      "capex": null,
      "gross_margin": 0.05509825877652111,
      "op_margin": 0.012777871373712356,
      "fcf_margin": -0.004794896295015268,
      "incr_op_margin_yoy": 0.003481415789932605,
      "rev_growth_yoy": -0.10447884230729748,
      "rev_growth_yoy_accel": -0.18636168631966826,
      "fcf_margin_change": 0.017096016886540163
    },
    {
      "date": "2023-06-30T00:00:00",
      "quarter_label": "2023-06 (Q2)",
      "revenue": 3831690000,
      "gross_profit": 242659000,
      "operating_income": 62682000,
      "net_income": 41389000,
      "opex": 179977000,
      "cogs": 3589031000,
      "rd": null,
      "sga": 66696000,
      "fcf": 265262000,
      "ocf": 265262000,
      "capex": null,
      "gross_margin": 0.06332949690606494,
      "op_margin": 0.016358839050131926,
      "fcf_margin": 0.06922846054873959,
      "incr_op_margin_yoy": 0.08319995174133354,
      "rev_growth_yoy": -0.2802513313234341,
      "rev_growth_yoy_accel": -0.17577248901613662,
      "fcf_margin_change": 0.07402335684375486
    },
    {
      "date": "2023-09-30T00:00:00",
      "quarter_label": "2023-09 (Q3)",
      "revenue": 4221045000,
      "gross_profit": 228520000,
      "operating_income": 47977000,
      "net_income": 26808000,
      "opex": 180543000,
      "cogs": 3992525000,
      "rd": null,
      "sga": 63479000,
      "fcf": 97088000,
      "ocf": 97088000,
      "capex": null,
      "gross_margin": 0.05413825249434678,
      "op_margin": 0.011366142744273042,
      "fcf_margin": 0.02300093934085043,
      "incr_op_margin_yoy": 0.23002104993320222,
      "rev_growth_yoy": -0.08768622965552256,
      "rev_growth_yoy_accel": 0.19256510166791155,
      "op_leverage_ratio": 32.31141429239718,
      "fcf_margin_change": -0.04622752120788916
    },
    {
      "date": "2023-12-31T00:00:00",
      "quarter_label": "2023-12 (Q4)",
      "revenue": 4409112000,
      "gross_profit": 280397000,
      "operating_income": 81612000,
      "net_income": 55278000,
      "opex": 198785000,
      "cogs": 4128715000,
      "rd": null,
      "sga": 81302000,
      "fcf": 169416000,
      "ocf": 169416000,
      "capex": null,
      "gross_margin": 0.06359489166979655,
      "op_margin": 0.018509849602368914,
      "fcf_margin": 0.03842406362097402,
      "incr_op_margin_yoy": -0.1440663714333763,
      "rev_growth_yoy": -0.004029635747041248,
      "rev_growth_yoy_accel": 0.0836565939084813,
      "op_leverage_ratio": 0.440961646988659,
      "fcf_margin_change": 0.015423124280123587
    },
    {
      "date": "2024-03-31T00:00:00",
      "quarter_label": "2024-03 (Q1)",
      "revenue": 4145392000,
      "gross_profit": 215135000,
      "operating_income": 25836000,
      "net_income": -5602000,
      "opex": 189299000,
      "cogs": 3930257000,
      "rd": null,
      "sga": 69781000,
      "fcf": -182702000,
      "ocf": -182702000,
      "capex": null,
      "gross_margin": 0.051897383890353435,
      "op_margin": 0.006232462454696685,
      "fcf_margin": -0.04407351584602855,
      "incr_op_margin_yoy": -0.22303046104375787,
      "rev_growth_yoy": 0.028549792609880043,
      "rev_growth_yoy_accel": 0.03257942835692129,
      "fcf_margin_change": -0.08249757946700256
    },
    {
      "date": "2024-06-30T00:00:00",
      "quarter_label": "2024-06 (Q2)",
      "revenue": 4409698000,
      "gross_profit": 287884000,
      "operating_income": 83869000,
      "net_income": 46149000,
      "opex": 204015000,
      "cogs": 4121814000,
      "rd": null,
      "sga": 72370000,
      "fcf": 24346000,
      "ocf": 24346000,
      "capex": null,
      "gross_margin": 0.06528428930960806,
      "op_margin": 0.019019216281931324,
      "fcf_margin": 0.005521013003611585,
      "incr_op_margin_yoy": 0.03665520200412451,
      "rev_growth_yoy": 0.1508493641187048,
      "rev_growth_yoy_accel": 0.12229957150882477,
      "op_leverage_ratio": 0.8201625934338604,
      "fcf_margin_change": 0.049594528849640135
    },
    {
      "date": "2024-09-30T00:00:00",
      "quarter_label": "2024-09 (Q3)",
      "revenue": 4422238000,
      "gross_profit": 286049000,
      "operating_income": 83453000,
      "net_income": 45922000,
      "opex": 202596000,
      "cogs": 4136189000,
      "rd": null,
      "sga": 70495000,
      "fcf": 122709000,
      "ocf": 122709000,
      "capex": null,
      "gross_margin": 0.06468421645329808,
      "op_margin": 0.018871214077577914,
      "fcf_margin": 0.02774816733065927,
      "incr_op_margin_yoy": 0.17632820227343893,
      "rev_growth_yoy": 0.04766426323339363,
      "rev_growth_yoy_accel": -0.10318510088531119,
      "fcf_margin_change": 0.022227154327047687
    },
    {
      "date": "2024-12-31T00:00:00",
      "quarter_label": "2024-12 (Q4)",
      "revenue": 4186238000,
      "gross_profit": 268828000,
      "operating_income": 58065000,
      "net_income": 23858000,
      "opex": 210763000,
      "cogs": 3917410000,
      "rd": null,
      "sga": 79427000,
      "fcf": 67247000,
      "ocf": 67247000,
      "capex": null,
      "gross_margin": 0.06421708464736119,
      "op_margin": 0.013870448837357073,
      "fcf_margin": 0.016063826280302267,
      "incr_op_margin_yoy": 0.10565162378743147,
      "rev_growth_yoy": -0.05054850046902869,
      "rev_growth_yoy_accel": -0.09821276370242232,
      "fcf_margin_change": -0.011684341050357004
    },
    {
      "date": "2025-03-31T00:00:00",
      "quarter_label": "2025-03 (Q1)",
      "revenue": 4592197000,
      "gross_profit": 255241000,
      "operating_income": 55887000,
      "net_income": 18684000,
      "opex": 199354000,
      "cogs": 4336956000,
      "rd": null,
      "sga": 73717000,
      "fcf": -51590000,
      "ocf": -51590000,
      "capex": null,
      "gross_margin": 0.05558145698017746,
      "op_margin": 0.012169991836151629,
      "fcf_margin": -0.011234274139371635,
      "incr_op_margin_yoy": 0.06725752845200926,
      "rev_growth_yoy": 0.10778353410244436,
      "rev_growth_yoy_accel": 0.15833203457147305,
      "op_leverage_ratio": Infinity,
      "fcf_margin_change": -0.027298100419673902
    },
    {
      "date": "2025-06-30T00:00:00",
      "quarter_label": "2025-06 (Q2)",
      "revenue": 4626925000,
      "gross_profit": 272362000,
      "operating_income": 60066000,
      "net_income": 25210000,
      "opex": 212296000,
      "cogs": 4354563000,
      "rd": null,
      "sga": 74775000,
      "fcf": 216320000,
      "ocf": 216320000,
      "capex": null,
      "gross_margin": 0.05886458068803795,
      "op_margin": 0.012981839990922697,
      "fcf_margin": 0.04675243277122495,
      "incr_op_margin_yoy": -0.10957661800789037,
      "rev_growth_yoy": 0.04926119657173802,
      "rev_growth_yoy_accel": -0.05852233753070634,
      "fcf_margin_change": 0.05798670691059658
    },
    {
      "date": "2025-09-30T00:00:00",
      "quarter_label": "2025-09 (Q3)",
      "revenue": 4694416000,
      "gross_profit": 271368000,
      "operating_income": 61415000,
      "net_income": 29025000,
      "opex": 209953000,
      "cogs": 4423048000,
      "rd": null,
      "sga": 76289000,
      "fcf": 19026000,
      "ocf": 19026000,
      "capex": null,
      "gross_margin": 0.05780655144324662,
      "op_margin": 0.013082564476603692,
      "fcf_margin": 0.004052900296863338,
      "incr_op_margin_yoy": -0.08096907171042479,
      "rev_growth_yoy": 0.06154756935289327,
      "rev_growth_yoy_accel": 0.012286372781155248,
      "op_leverage_ratio": Infinity,
      "fcf_margin_change": -0.04269953247436161
    }
  ],
  "signals": [
    {
      "quarter": "2025-06 (Q2)",
      "signal": "FCF TURNED POSITIVE",
      "detail": "FCF margin: -1.1% -> +4.7%",
      "severity": "HIGH"
    },
    {
      "quarter": "2025-06 (Q2)",
      "signal": "YoY REVENUE GROWTH DECELERATION",
      "detail": "YoY growth: +4.9% vs prior quarter YoY: +10.8% (decel: -5.9%)",
      "severity": "WARNING"
    },
    {
      "quarter": "2025-03 (Q1)",
      "signal": "YoY REVENUE GROWTH ACCELERATION",
      "detail": "YoY growth: +10.8% vs prior quarter YoY: -5.1% (accel: +15.8%)",
      "severity": "HIGH"
    },
    {
      "quarter": "2024-12 (Q4)",
      "signal": "YoY REVENUE GROWTH DECELERATION",
      "detail": "YoY growth: -5.1% vs prior quarter YoY: +4.8% (decel: -9.8%)",
      "severity": "WARNING"
    },
    {
      "quarter": "2024-09 (Q3)",
      "signal": "YoY REVENUE GROWTH DECELERATION",
      "detail": "YoY growth: +4.8% vs prior quarter YoY: +15.1% (decel: -10.3%)",
      "severity": "WARNING"
    },
    {
      "quarter": "2024-09 (Q3)",
      "signal": "INCREMENTAL MARGIN (YoY)",
      "detail": "YoY Incr OPM: +17.6% vs year-ago OPM: +1.1%",
      "severity": "MEDIUM"
    },
    {
      "quarter": "2024-06 (Q2)",
      "signal": "FCF TURNED POSITIVE",
      "detail": "FCF margin: -4.4% -> +0.6%",
      "severity": "HIGH"
    },
    {
      "quarter": "2024-06 (Q2)",
      "signal": "YoY REVENUE GROWTH ACCELERATION",
      "detail": "YoY growth: +15.1% vs prior quarter YoY: +2.9% (accel: +12.2%)",
      "severity": "MEDIUM"
    },
    {
      "quarter": "2023-12 (Q4)",
      "signal": "YoY REVENUE GROWTH ACCELERATION",
      "detail": "YoY growth: -0.4% vs prior quarter YoY: -8.8% (accel: +8.4%)",
      "severity": "MEDIUM"
    },
    {
      "quarter": "2023-09 (Q3)",
      "signal": "OPERATING LEVERAGE",
      "detail": "Rev growth +10.2% vs OpEx growth +0.3% (leverage: 32.3x)",
      "severity": "MEDIUM"
    },
    {
      "quarter": "2023-09 (Q3)",
      "signal": "YoY REVENUE GROWTH ACCELERATION",
      "detail": "YoY growth: -8.8% vs prior quarter YoY: -28.0% (accel: +19.3%)",
      "severity": "HIGH"
    },
    {
      "quarter": "2023-09 (Q3)",
      "signal": "INCREMENTAL MARGIN (YoY)",
      "detail": "YoY Incr OPM: +23.0% vs year-ago OPM: +3.1%",
      "severity": "MEDIUM"
    },
    {
      "quarter": "2023-06 (Q2)",
      "signal": "FCF TURNED POSITIVE",
      "detail": "FCF margin: -0.5% -> +6.9%",
      "severity": "HIGH"
    },
    {
      "quarter": "2023-06 (Q2)",
      "signal": "YoY REVENUE GROWTH DECELERATION",
      "detail": "YoY growth: -28.0% vs prior quarter YoY: -10.4% (decel: -17.6%)",
      "severity": "WARNING"
    },
    {
      "quarter": "2023-03 (Q1)",
      "signal": "YoY REVENUE GROWTH DECELERATION",
      "detail": "YoY growth: -10.4% vs prior quarter YoY: +8.2% (decel: -18.6%)",
      "severity": "WARNING"
    },
    {
      "quarter": "2022-12 (Q4)",
      "signal": "YoY REVENUE GROWTH DECELERATION",
      "detail": "YoY growth: +8.2% vs prior quarter YoY: +39.2% (decel: -31.0%)",
      "severity": "WARNING"
    },
    {
      "quarter": "2022-12 (Q4)",
      "signal": "INCREMENTAL MARGIN (YoY)",
      "detail": "YoY Incr OPM: +11.8% vs year-ago OPM: +1.0%",
      "severity": "MEDIUM"
    },
    {
      "quarter": "2022-09 (Q3)",
      "signal": "YoY REVENUE GROWTH DECELERATION",
      "detail": "YoY growth: +39.2% vs prior quarter YoY: +62.3% (decel: -23.2%)",
      "severity": "WARNING"
    },
    {
      "quarter": "2022-06 (Q2)",
      "signal": "FCF MARGIN EXPANSION",
      "detail": "FCF margin: +0.5% -> +6.8% (+6.3%)",
      "severity": "MEDIUM"
    },
    {
      "quarter": "2022-06 (Q2)",
      "signal": "YoY REVENUE GROWTH DECELERATION",
      "detail": "YoY growth: +62.3% vs prior quarter YoY: +76.3% (decel: -13.9%)",
      "severity": "WARNING"
    },
    {
      "quarter": "2022-03 (Q1)",
      "signal": "FCF TURNED POSITIVE",
      "detail": "FCF margin: -1.2% -> +0.5%",
      "severity": "HIGH"
    },
    {
      "quarter": "2022-03 (Q1)",
      "signal": "YoY REVENUE GROWTH DECELERATION",
      "detail": "YoY growth: +76.3% vs prior quarter YoY: +86.4% (decel: -10.1%)",
      "severity": "WARNING"
    },
    {
      "quarter": "2021-12 (Q4)",
      "signal": "OPERATING LEVERAGE",
      "detail": "Rev growth +23.1% vs OpEx growth +2.8% (leverage: 8.3x)",
      "severity": "MEDIUM"
    },
    {
      "quarter": "2021-06 (Q2)",
      "signal": "FCF TURNED POSITIVE",
      "detail": "FCF margin: -4.2% -> +1.6%",
      "severity": "HIGH"
    },
    {
      "quarter": "2021-06 (Q2)",
      "signal": "OPERATING LEVERAGE",
      "detail": "Rev growth +28.4% vs OpEx growth +12.4% (leverage: 2.3x)",
      "severity": "MEDIUM"
    }
  ],
  "data_quality": {
    "n_quarters": 20,
    "coverage": {
      "revenue": [
        20,
        20
      ],
      "gross_profit": [
        20,
        20
      ],
      "op_income": [
        20,
        20
      ],
      "fcf": [
        20,
        20
      ]
    },
    "gaps": [],
    "warnings": []
  },
  "market_cap": null,
  "source": "SEC EDGAR",
  "last_updated": "2026-02-03T01:17:18.649366",
  "sector": "Energy",
  "industry": "Oil & Gas Midstream"
}