{
  "ticker": "GLW",
  "name": "CORNING INC /NY",
  "quarters": [
    {
      "date": "2020-12-31T00:00:00",
      "quarter_label": "2020-12 (Q4)",
      "revenue": 3350000000,
      "gross_profit": 1213000000,
      "operating_income": 476000000,
      "net_income": 252000000,
      "opex": 737000000,
      "cogs": 2137000000,
      "rd": null,
      "sga": 471000000,
      "fcf": 774000000,
      "ocf": 774000000,
      "capex": null,
      "gross_margin": 0.36208955223880596,
      "op_margin": 0.14208955223880598,
      "fcf_margin": 0.231044776119403
    },
    {
      "date": "2021-03-31T00:00:00",
      "quarter_label": "2021-03 (Q1)",
      "revenue": 3290000000,
      "gross_profit": 1156000000,
      "operating_income": 502000000,
      "net_income": 599000000,
      "opex": 654000000,
      "cogs": 2134000000,
      "rd": null,
      "sga": 400000000,
      "fcf": 723000000,
      "ocf": 723000000,
      "capex": null,
      "gross_margin": 0.3513677811550152,
      "op_margin": 0.15258358662613983,
      "fcf_margin": 0.21975683890577508,
      "fcf_margin_change": -0.011287937213627919
    },
    {
      "date": "2021-06-30T00:00:00",
      "quarter_label": "2021-06 (Q2)",
      "revenue": 3501000000,
      "gross_profit": 1315000000,
      "operating_income": 575000000,
      "net_income": 449000000,
      "opex": 740000000,
      "cogs": 2186000000,
      "rd": null,
      "sga": 465000000,
      "fcf": 771000000,
      "ocf": 771000000,
      "capex": null,
      "gross_margin": 0.37560696943730365,
      "op_margin": 0.16423878891745217,
      "fcf_margin": 0.22022279348757498,
      "op_leverage_ratio": 0.48771470983247334,
      "fcf_margin_change": 0.00046595458179990445
    },
    {
      "date": "2021-09-30T00:00:00",
      "quarter_label": "2021-09 (Q3)",
      "revenue": 3615000000,
      "gross_profit": 1321000000,
      "operating_income": 552000000,
      "net_income": 371000000,
      "opex": 769000000,
      "cogs": 2294000000,
      "rd": null,
      "sga": 486000000,
      "fcf": 895000000,
      "ocf": 895000000,
      "capex": null,
      "gross_margin": 0.36542185338865835,
      "op_margin": 0.15269709543568466,
      "fcf_margin": 0.2475795297372061,
      "op_leverage_ratio": 0.8308956061814851,
      "fcf_margin_change": 0.027356736249631114
    },
    {
      "date": "2021-12-31T00:00:00",
      "quarter_label": "2021-12 (Q4)",
      "revenue": 3676000000,
      "gross_profit": 1271000000,
      "operating_income": 483000000,
      "net_income": 487000000,
      "opex": 788000000,
      "cogs": 2405000000,
      "rd": null,
      "sga": 476000000,
      "fcf": 1023000000,
      "ocf": 1023000000,
      "capex": null,
      "gross_margin": 0.3457562568008705,
      "op_margin": 0.13139281828073993,
      "fcf_margin": 0.27829162132752994,
      "incr_op_margin_yoy": 0.02147239263803681,
      "rev_growth_yoy": 0.09731343283582089,
      "op_leverage_ratio": 0.6829584334279682,
      "fcf_margin_change": 0.030712091590323842
    },
    {
      "date": "2022-03-31T00:00:00",
      "quarter_label": "2022-03 (Q1)",
      "revenue": 3680000000,
      "gross_profit": 1283000000,
      "operating_income": 570000000,
      "net_income": 581000000,
      "opex": 713000000,
      "cogs": 2397000000,
      "rd": null,
      "sga": 434000000,
      "fcf": 534000000,
      "ocf": 534000000,
      "capex": null,
      "gross_margin": 0.3486413043478261,
      "op_margin": 0.15489130434782608,
      "fcf_margin": 0.1451086956521739,
      "incr_op_margin_yoy": 0.17435897435897435,
      "rev_growth_yoy": 0.11854103343465046,
      "rev_growth_yoy_accel": 0.02122760059882957,
      "fcf_margin_change": -0.13318292567535603
    },
    {
      "date": "2022-06-30T00:00:00",
      "quarter_label": "2022-06 (Q2)",
      "revenue": 3615000000,
      "gross_profit": 1246000000,
      "operating_income": 490000000,
      "net_income": 563000000,
      "opex": 756000000,
      "cogs": 2369000000,
      "rd": null,
      "sga": 486000000,
      "fcf": 758000000,
      "ocf": 758000000,
      "capex": null,
      "gross_margin": 0.3446749654218534,
      "op_margin": 0.1355463347164592,
      "fcf_margin": 0.20968188105117566,
      "incr_op_margin_yoy": -0.7456140350877193,
      "rev_growth_yoy": 0.032562125107112254,
      "rev_growth_yoy_accel": -0.08597890832753821,
      "fcf_margin_change": 0.06457318539900175
    },
    {
      "date": "2022-09-30T00:00:00",
      "quarter_label": "2022-09 (Q3)",
      "revenue": 3488000000,
      "gross_profit": 1062000000,
      "operating_income": 292000000,
      "net_income": 208000000,
      "opex": 770000000,
      "cogs": 2426000000,
      "rd": null,
      "sga": 461000000,
      "fcf": 706000000,
      "ocf": 706000000,
      "capex": null,
      "gross_margin": 0.3044724770642202,
      "op_margin": 0.08371559633027523,
      "fcf_margin": 0.20240825688073394,
      "incr_op_margin_yoy": 2.047244094488189,
      "rev_growth_yoy": -0.0351313969571231,
      "rev_growth_yoy_accel": -0.06769352206423535,
      "fcf_margin_change": -0.007273624170441723
    },
    {
      "date": "2022-12-31T00:00:00",
      "quarter_label": "2022-12 (Q4)",
      "revenue": 3406000000,
      "gross_profit": 915000000,
      "operating_income": 86000000,
      "net_income": -36000000,
      "opex": 829000000,
      "cogs": 2491000000,
      "rd": null,
      "sga": 517000000,
      "fcf": 617000000,
      "ocf": 617000000,
      "capex": null,
      "gross_margin": 0.2686435701702877,
      "op_margin": 0.02524955960070464,
      "fcf_margin": 0.18115091015854376,
      "incr_op_margin_yoy": 1.4703703703703703,
      "rev_growth_yoy": -0.07344940152339499,
      "rev_growth_yoy_accel": -0.03831800456627189,
      "fcf_margin_change": -0.02125734672219018
    },
    {
      "date": "2023-03-31T00:00:00",
      "quarter_label": "2023-03 (Q1)",
      "revenue": 3178000000,
      "gross_profit": 1003000000,
      "operating_income": 297000000,
      "net_income": 176000000,
      "opex": 706000000,
      "cogs": 2175000000,
      "rd": null,
      "sga": 421000000,
      "fcf": -49000000,
      "ocf": -49000000,
      "capex": null,
      "gross_margin": 0.315607300188798,
      "op_margin": 0.0934550031466331,
      "fcf_margin": -0.015418502202643172,
      "incr_op_margin_yoy": 0.5438247011952191,
      "rev_growth_yoy": -0.13641304347826086,
      "rev_growth_yoy_accel": -0.06296364195486587,
      "fcf_margin_change": -0.19656941236118694
    },
    {
      "date": "2023-06-30T00:00:00",
      "quarter_label": "2023-06 (Q2)",
      "revenue": 3243000000,
      "gross_profit": 1013000000,
      "operating_income": 279000000,
      "net_income": 281000000,
      "opex": 734000000,
      "cogs": 2230000000,
      "rd": null,
      "sga": 440000000,
      "fcf": 619000000,
      "ocf": 619000000,
      "capex": null,
      "gross_margin": 0.3123650940487203,
      "op_margin": 0.08603145235892692,
      "fcf_margin": 0.19087264878199198,
      "incr_op_margin_yoy": 0.5672043010752689,
      "rev_growth_yoy": -0.10290456431535269,
      "rev_growth_yoy_accel": 0.03350847916290817,
      "op_leverage_ratio": 0.5157106895621685,
      "fcf_margin_change": 0.20629115098463516
    },
    {
      "date": "2023-09-30T00:00:00",
      "quarter_label": "2023-09 (Q3)",
      "revenue": 3173000000,
      "gross_profit": 1004000000,
      "operating_income": 236000000,
      "net_income": 164000000,
      "opex": 768000000,
      "cogs": 2169000000,
      "rd": null,
      "sga": 468000000,
      "fcf": 722000000,
      "ocf": 722000000,
      "capex": null,
      "gross_margin": 0.31641979199495746,
      "op_margin": 0.07437756066813742,
      "fcf_margin": 0.2275449101796407,
      "incr_op_margin_yoy": 0.17777777777777778,
      "rev_growth_yoy": -0.09030963302752294,
      "rev_growth_yoy_accel": 0.01259493128782975,
      "fcf_margin_change": 0.03667226139764873
    },
    {
      "date": "2023-12-31T00:00:00",
      "quarter_label": "2023-12 (Q4)",
      "revenue": 2994000000,
      "gross_profit": 911000000,
      "operating_income": 78000000,
      "net_income": -40000000,
      "opex": 833000000,
      "cogs": 2083000000,
      "rd": null,
      "sga": 514000000,
      "fcf": 713000000,
      "ocf": 713000000,
      "capex": null,
      "gross_margin": 0.3042752171008684,
      "op_margin": 0.026052104208416832,
      "fcf_margin": 0.23814295257181028,
      "incr_op_margin_yoy": 0.019417475728155338,
      "rev_growth_yoy": -0.12096300645918967,
      "rev_growth_yoy_accel": -0.030653373431666728,
      "fcf_margin_change": 0.010598042392169577
    },
    {
      "date": "2024-03-31T00:00:00",
      "quarter_label": "2024-03 (Q1)",
      "revenue": 2975000000,
      "gross_profit": 993000000,
      "operating_income": 254000000,
      "net_income": 209000000,
      "opex": 739000000,
      "cogs": 1982000000,
      "rd": null,
      "sga": 451000000,
      "fcf": 96000000,
      "ocf": 96000000,
      "capex": null,
      "gross_margin": 0.333781512605042,
      "op_margin": 0.0853781512605042,
      "fcf_margin": 0.03226890756302521,
      "incr_op_margin_yoy": 0.21182266009852216,
      "rev_growth_yoy": -0.06387665198237885,
      "rev_growth_yoy_accel": 0.05708635447681082,
      "fcf_margin_change": -0.2058740450087851
    },
    {
      "date": "2024-06-30T00:00:00",
      "quarter_label": "2024-06 (Q2)",
      "revenue": 3251000000,
      "gross_profit": 949000000,
      "operating_income": 186000000,
      "net_income": 104000000,
      "opex": 763000000,
      "cogs": 2302000000,
      "rd": null,
      "sga": 471000000,
      "fcf": 521000000,
      "ocf": 521000000,
      "capex": null,
      "gross_margin": 0.2919101814826207,
      "op_margin": 0.05721316517994463,
      "fcf_margin": 0.16025838203629653,
      "incr_op_margin_yoy": -11.625,
      "rev_growth_yoy": 0.002466851680542707,
      "rev_growth_yoy_accel": 0.06634350366292156,
      "op_leverage_ratio": 2.856638655462185,
      "fcf_margin_change": 0.1279894744732713
    },
    {
      "date": "2024-09-30T00:00:00",
      "quarter_label": "2024-09 (Q3)",
      "revenue": 3391000000,
      "gross_profit": 1137000000,
      "operating_income": 302000000,
      "net_income": -117000000,
      "opex": 835000000,
      "cogs": 2254000000,
      "rd": null,
      "sga": 510000000,
      "fcf": 699000000,
      "ocf": 699000000,
      "capex": null,
      "gross_margin": 0.3352993217340018,
      "op_margin": 0.08905927455028015,
      "fcf_margin": 0.20613388381008552,
      "incr_op_margin_yoy": 0.30275229357798167,
      "rev_growth_yoy": 0.06870469587141506,
      "rev_growth_yoy_accel": 0.06623784419087235,
      "op_leverage_ratio": 0.4563553094774258,
      "fcf_margin_change": 0.04587550177378899
    },
    {
      "date": "2024-12-31T00:00:00",
      "quarter_label": "2024-12 (Q4)",
      "revenue": 3501000000,
      "gross_profit": 1197000000,
      "operating_income": 393000000,
      "net_income": 310000000,
      "opex": 804000000,
      "cogs": 2304000000,
      "rd": null,
      "sga": 499000000,
      "fcf": 623000000,
      "ocf": 623000000,
      "capex": null,
      "gross_margin": 0.34190231362467866,
      "op_margin": 0.11225364181662383,
      "fcf_margin": 0.17794915738360467,
      "incr_op_margin_yoy": 0.621301775147929,
      "rev_growth_yoy": 0.16933867735470942,
      "rev_growth_yoy_accel": 0.10063398148329436,
      "op_leverage_ratio": Infinity,
      "fcf_margin_change": -0.028184726426480844
    },
    {
      "date": "2025-03-31T00:00:00",
      "quarter_label": "2025-03 (Q1)",
      "revenue": 3452000000,
      "gross_profit": 1214000000,
      "operating_income": 445000000,
      "net_income": 157000000,
      "opex": 769000000,
      "cogs": 2238000000,
      "rd": null,
      "sga": 471000000,
      "fcf": 151000000,
      "ocf": 151000000,
      "capex": null,
      "gross_margin": 0.35168018539976825,
      "op_margin": 0.12891077636152956,
      "fcf_margin": 0.04374275782155272,
      "incr_op_margin_yoy": 0.40041928721174,
      "rev_growth_yoy": 0.1603361344537815,
      "rev_growth_yoy_accel": -0.009002542900927918,
      "fcf_margin_change": -0.13420639956205194
    },
    {
      "date": "2025-06-30T00:00:00",
      "quarter_label": "2025-06 (Q2)",
      "revenue": 3862000000,
      "gross_profit": 1392000000,
      "operating_income": 573000000,
      "net_income": 469000000,
      "opex": 819000000,
      "cogs": 2470000000,
      "rd": null,
      "sga": 515000000,
      "fcf": 708000000,
      "ocf": 708000000,
      "capex": null,
      "gross_margin": 0.36043500776799586,
      "op_margin": 0.14836872087001554,
      "fcf_margin": 0.18332470222682548,
      "incr_op_margin_yoy": 0.6333878887070377,
      "rev_growth_yoy": 0.18794217163949553,
      "rev_growth_yoy_accel": 0.027606037185714027,
      "op_leverage_ratio": 1.8267091541135572,
      "fcf_margin_change": 0.13958194440527277
    },
    {
      "date": "2025-09-30T00:00:00",
      "quarter_label": "2025-09 (Q3)",
      "revenue": 4100000000,
      "gross_profit": 1520000000,
      "operating_income": 589000000,
      "net_income": 430000000,
      "opex": 931000000,
      "cogs": 2580000000,
      "rd": null,
      "sga": 624000000,
      "fcf": 784000000,
      "ocf": 784000000,
      "capex": null,
      "gross_margin": 0.37073170731707317,
      "op_margin": 0.14365853658536584,
      "fcf_margin": 0.19121951219512195,
      "incr_op_margin_yoy": 0.40479548660084624,
      "rev_growth_yoy": 0.20908286641108817,
      "rev_growth_yoy_accel": 0.02114069477159264,
      "op_leverage_ratio": 0.45064085965820816,
      "fcf_margin_change": 0.007894809968296473
    }
  ],
  "signals": [
    {
      "quarter": "2025-09 (Q3)",
      "signal": "INCREMENTAL MARGIN (YoY)",
      "detail": "YoY Incr OPM: +40.5% vs year-ago OPM: +8.9%",
      "severity": "HIGH"
    },
    {
      "quarter": "2025-06 (Q2)",
      "signal": "FCF MARGIN EXPANSION",
      "detail": "FCF margin: +4.4% -> +18.3% (+14.0%)",
      "severity": "MEDIUM"
    },
    {
      "quarter": "2025-06 (Q2)",
      "signal": "OPERATING LEVERAGE",
      "detail": "Rev growth +11.9% vs OpEx growth +6.5% (leverage: 1.8x)",
      "severity": "MEDIUM"
    },
    {
      "quarter": "2025-06 (Q2)",
      "signal": "INCREMENTAL MARGIN (YoY)",
      "detail": "YoY Incr OPM: +63.3% vs year-ago OPM: +5.7%",
      "severity": "HIGH"
    },
    {
      "quarter": "2025-03 (Q1)",
      "signal": "INCREMENTAL MARGIN (YoY)",
      "detail": "YoY Incr OPM: +40.0% vs year-ago OPM: +8.5%",
      "severity": "HIGH"
    },
    {
      "quarter": "2024-12 (Q4)",
      "signal": "YoY REVENUE GROWTH ACCELERATION",
      "detail": "YoY growth: +16.9% vs prior quarter YoY: +6.9% (accel: +10.1%)",
      "severity": "MEDIUM"
    },
    {
      "quarter": "2024-12 (Q4)",
      "signal": "INCREMENTAL MARGIN (YoY)",
      "detail": "YoY Incr OPM: +62.1% vs year-ago OPM: +2.6%",
      "severity": "HIGH"
    },
    {
      "quarter": "2024-09 (Q3)",
      "signal": "GROSS MARGIN INFLECTION",
      "detail": "GM: +33.4% -> +29.2% -> +33.5% (reversal +4.3%)",
      "severity": "MEDIUM"
    },
    {
      "quarter": "2024-09 (Q3)",
      "signal": "YoY REVENUE GROWTH ACCELERATION",
      "detail": "YoY growth: +6.9% vs prior quarter YoY: +0.2% (accel: +6.6%)",
      "severity": "MEDIUM"
    },
    {
      "quarter": "2024-09 (Q3)",
      "signal": "INCREMENTAL MARGIN (YoY)",
      "detail": "YoY Incr OPM: +30.3% vs year-ago OPM: +7.4%",
      "severity": "HIGH"
    },
    {
      "quarter": "2024-06 (Q2)",
      "signal": "FCF MARGIN EXPANSION",
      "detail": "FCF margin: +3.2% -> +16.0% (+12.8%)",
      "severity": "MEDIUM"
    },
    {
      "quarter": "2024-06 (Q2)",
      "signal": "OPERATING LEVERAGE",
      "detail": "Rev growth +9.3% vs OpEx growth +3.2% (leverage: 2.9x)",
      "severity": "MEDIUM"
    },
    {
      "quarter": "2024-06 (Q2)",
      "signal": "YoY REVENUE GROWTH ACCELERATION",
      "detail": "YoY growth: +0.2% vs prior quarter YoY: -6.4% (accel: +6.6%)",
      "severity": "MEDIUM"
    },
    {
      "quarter": "2024-03 (Q1)",
      "signal": "GROSS MARGIN INFLECTION",
      "detail": "GM: +31.6% -> +30.4% -> +33.4% (reversal +3.0%)",
      "severity": "MEDIUM"
    },
    {
      "quarter": "2024-03 (Q1)",
      "signal": "YoY REVENUE GROWTH ACCELERATION",
      "detail": "YoY growth: -6.4% vs prior quarter YoY: -12.1% (accel: +5.7%)",
      "severity": "MEDIUM"
    },
    {
      "quarter": "2024-03 (Q1)",
      "signal": "INCREMENTAL MARGIN (YoY)",
      "detail": "YoY Incr OPM: +21.2% vs year-ago OPM: +9.3%",
      "severity": "MEDIUM"
    },
    {
      "quarter": "2023-06 (Q2)",
      "signal": "FCF TURNED POSITIVE",
      "detail": "FCF margin: -1.5% -> +19.1%",
      "severity": "HIGH"
    },
    {
      "quarter": "2023-06 (Q2)",
      "signal": "INCREMENTAL MARGIN (YoY)",
      "detail": "YoY Incr OPM: +56.7% vs year-ago OPM: +13.6%",
      "severity": "HIGH"
    },
    {
      "quarter": "2023-03 (Q1)",
      "signal": "GROSS MARGIN INFLECTION",
      "detail": "GM: +30.4% -> +26.9% -> +31.6% (reversal +4.7%)",
      "severity": "MEDIUM"
    },
    {
      "quarter": "2023-03 (Q1)",
      "signal": "YoY REVENUE GROWTH DECELERATION",
      "detail": "YoY growth: -13.6% vs prior quarter YoY: -7.3% (decel: -6.3%)",
      "severity": "WARNING"
    },
    {
      "quarter": "2023-03 (Q1)",
      "signal": "INCREMENTAL MARGIN (YoY)",
      "detail": "YoY Incr OPM: +54.4% vs year-ago OPM: +15.5%",
      "severity": "HIGH"
    },
    {
      "quarter": "2022-12 (Q4)",
      "signal": "INCREMENTAL MARGIN (YoY)",
      "detail": "YoY Incr OPM: +147.0% vs year-ago OPM: +13.1%",
      "severity": "HIGH"
    },
    {
      "quarter": "2022-09 (Q3)",
      "signal": "YoY REVENUE GROWTH DECELERATION",
      "detail": "YoY growth: -3.5% vs prior quarter YoY: +3.3% (decel: -6.8%)",
      "severity": "WARNING"
    },
    {
      "quarter": "2022-09 (Q3)",
      "signal": "INCREMENTAL MARGIN (YoY)",
      "detail": "YoY Incr OPM: +204.7% vs year-ago OPM: +15.3%",
      "severity": "HIGH"
    },
    {
      "quarter": "2022-06 (Q2)",
      "signal": "FCF MARGIN EXPANSION",
      "detail": "FCF margin: +14.5% -> +21.0% (+6.5%)",
      "severity": "MEDIUM"
    },
    {
      "quarter": "2022-06 (Q2)",
      "signal": "YoY REVENUE GROWTH DECELERATION",
      "detail": "YoY growth: +3.3% vs prior quarter YoY: +11.9% (decel: -8.6%)",
      "severity": "WARNING"
    },
    {
      "quarter": "2021-06 (Q2)",
      "signal": "GROSS MARGIN INFLECTION",
      "detail": "GM: +36.2% -> +35.1% -> +37.6% (reversal +2.4%)",
      "severity": "MEDIUM"
    }
  ],
  "data_quality": {
    "n_quarters": 20,
    "coverage": {
      "revenue": [
        20,
        20
      ],
      "gross_profit": [
        20,
        20
      ],
      "op_income": [
        20,
        20
      ],
      "fcf": [
        20,
        20
      ]
    },
    "gaps": [],
    "warnings": []
  },
  "market_cap": null,
  "source": "SEC EDGAR",
  "last_updated": "2026-02-02T19:50:55.497293",
  "sector": "Technology",
  "industry": "Electronic Components"
}