{
  "ticker": "GLXZ",
  "name": "Galaxy Gaming, Inc.",
  "quarters": [
    {
      "date": "2020-12-31T00:00:00",
      "quarter_label": "2020-12 (Q4)",
      "revenue": 3274194,
      "gross_profit": 3242365,
      "operating_income": 498211,
      "net_income": 1178588,
      "opex": 2775983,
      "cogs": 31829,
      "rd": 96346,
      "sga": 1700520,
      "fcf": -396081,
      "ocf": -371999,
      "capex": -24082,
      "gross_margin": 0.9902788289270581,
      "op_margin": 0.15216294452924903,
      "fcf_margin": -0.12097053503854689
    },
    {
      "date": "2021-03-31T00:00:00",
      "quarter_label": "2021-03 (Q1)",
      "revenue": 4282901,
      "gross_profit": 4268597,
      "operating_income": 404950,
      "net_income": 88737,
      "opex": 3877951,
      "cogs": 14304,
      "rd": 118701,
      "sga": 2711052,
      "fcf": 735937,
      "ocf": 767829,
      "capex": -31892,
      "gross_margin": 0.9966602076489743,
      "op_margin": 0.09455039936715791,
      "fcf_margin": 0.17183142921118186,
      "op_leverage_ratio": 0.7760834912744607,
      "fcf_margin_change": 0.29280196424972876
    },
    {
      "date": "2021-06-30T00:00:00",
      "quarter_label": "2021-06 (Q2)",
      "revenue": 4749330,
      "gross_profit": 4729731,
      "operating_income": 905285,
      "net_income": 550455,
      "opex": 3844045,
      "cogs": 19599,
      "rd": 129859,
      "sga": 2532655,
      "fcf": 232860,
      "ocf": 241831,
      "capex": -8971,
      "gross_margin": 0.9958733126567326,
      "op_margin": 0.19061320228326942,
      "fcf_margin": 0.04903007371566095,
      "op_leverage_ratio": Infinity,
      "fcf_margin_change": -0.1228013554955209
    },
    {
      "date": "2021-09-30T00:00:00",
      "quarter_label": "2021-09 (Q3)",
      "revenue": 5281788,
      "gross_profit": 5255478,
      "operating_income": 1186343,
      "net_income": 874236,
      "opex": 4095445,
      "cogs": 26310,
      "rd": 156768,
      "sga": 2740328,
      "fcf": 2191453,
      "ocf": 2210659,
      "capex": -19206,
      "gross_margin": 0.995018732292928,
      "op_margin": 0.22461011309049134,
      "fcf_margin": 0.41490741392876807,
      "op_leverage_ratio": 1.7142580570352224,
      "fcf_margin_change": 0.36587734021310714
    },
    {
      "date": "2021-12-31T00:00:00",
      "quarter_label": "2021-12 (Q4)",
      "revenue": 5670251,
      "gross_profit": 5649630,
      "operating_income": 1848439,
      "net_income": 598384,
      "opex": 3821812,
      "cogs": 20621,
      "rd": 115122,
      "sga": 2662489,
      "fcf": 3251163,
      "ocf": 3251161,
      "capex": 2,
      "gross_margin": 0.9963633003195097,
      "op_margin": 0.3259889200672069,
      "fcf_margin": 0.5733719724223848,
      "incr_op_margin_yoy": 0.5635208177434844,
      "rev_growth_yoy": 0.731800559160514,
      "op_leverage_ratio": Infinity,
      "fcf_margin_change": 0.15846455849361674
    },
    {
      "date": "2022-03-31T00:00:00",
      "quarter_label": "2022-03 (Q1)",
      "revenue": 5918599,
      "gross_profit": 5866009,
      "operating_income": 1589116,
      "net_income": -13962,
      "opex": 4329483,
      "cogs": 52590,
      "rd": 199070,
      "sga": 3043359,
      "fcf": 1470815,
      "ocf": 1476946,
      "capex": -6131,
      "gross_margin": 0.9911144512409102,
      "op_margin": 0.26849529762026453,
      "fcf_margin": 0.24850729032326738,
      "incr_op_margin_yoy": 0.7239514873772542,
      "rev_growth_yoy": 0.3819135674628015,
      "rev_growth_yoy_accel": -0.34988699169771253,
      "op_leverage_ratio": 0.32972004246677333,
      "fcf_margin_change": -0.32486468209911745
    },
    {
      "date": "2022-06-30T00:00:00",
      "quarter_label": "2022-06 (Q2)",
      "revenue": 5676195,
      "gross_profit": 5625756,
      "operating_income": 949150,
      "net_income": -1115641,
      "opex": 4727045,
      "cogs": 50439,
      "rd": 152022,
      "sga": 3483918,
      "fcf": 552956,
      "ocf": 565258,
      "capex": -12302,
      "gross_margin": 0.9911139416457679,
      "op_margin": 0.16721589022223515,
      "fcf_margin": 0.0974166673273205,
      "rev_growth_yoy": 0.19515700109278572,
      "rev_growth_yoy_accel": -0.18675656637001575,
      "fcf_margin_change": -0.1510906229959469
    },
    {
      "date": "2022-09-30T00:00:00",
      "quarter_label": "2022-09 (Q3)",
      "revenue": 5906989,
      "gross_profit": 5835626,
      "operating_income": 1297952,
      "net_income": -698690,
      "opex": 4609037,
      "cogs": 71363,
      "rd": 127774,
      "sga": 3340691,
      "fcf": 2965939,
      "ocf": 2972456,
      "capex": -6517,
      "gross_margin": 0.9879188872706551,
      "op_margin": 0.21973157559629788,
      "fcf_margin": 0.5021067416919178,
      "rev_growth_yoy": 0.11836919618886635,
      "rev_growth_yoy_accel": -0.07678780490391937,
      "op_leverage_ratio": Infinity,
      "fcf_margin_change": 0.4046900743645973
    },
    {
      "date": "2022-12-31T00:00:00",
      "quarter_label": "2022-12 (Q4)",
      "revenue": 5940523,
      "gross_profit": 5916384,
      "operating_income": 2235584,
      "net_income": 55104,
      "opex": 3704939,
      "cogs": 24139,
      "rd": 105647,
      "sga": 2680065,
      "fcf": 1284317,
      "ocf": 1376380,
      "capex": -92063,
      "gross_margin": 0.9959365530610689,
      "op_margin": 0.37632780817446543,
      "fcf_margin": 0.2161959477305281,
      "rev_growth_yoy": 0.04766490936644604,
      "rev_growth_yoy_accel": -0.0707042868224203,
      "fcf_margin_change": -0.28591079396138974
    },
    {
      "date": "2023-03-31T00:00:00",
      "quarter_label": "2023-03 (Q1)",
      "revenue": 7422534,
      "gross_profit": 7070524,
      "operating_income": 2257842,
      "net_income": 110694,
      "opex": 5164692,
      "cogs": 352010,
      "rd": 206760,
      "sga": 3784657,
      "fcf": -659126,
      "ocf": -652218,
      "capex": -6908,
      "gross_margin": 0.9525754951071965,
      "op_margin": 0.30418749176494175,
      "fcf_margin": -0.08880067103768066,
      "incr_op_margin_yoy": 0.4446508658951351,
      "rev_growth_yoy": 0.25410320922231766,
      "rev_growth_yoy_accel": 0.20643829985587162,
      "op_leverage_ratio": 0.6331818113609304,
      "fcf_margin_change": -0.30499661876820877
    },
    {
      "date": "2023-06-30T00:00:00",
      "quarter_label": "2023-06 (Q2)",
      "revenue": 7525336,
      "gross_profit": 7025746,
      "operating_income": 2451633,
      "net_income": 356769,
      "opex": 5073703,
      "cogs": 499590,
      "rd": 199665,
      "sga": 3634178,
      "fcf": 3138032,
      "ocf": 3146618,
      "capex": -8586,
      "gross_margin": 0.933612266615072,
      "op_margin": 0.32578385868750576,
      "fcf_margin": 0.41699559993068747,
      "incr_op_margin_yoy": 0.8125302505325446,
      "rev_growth_yoy": 0.3257712252662215,
      "rev_growth_yoy_accel": 0.07166801604390383,
      "op_leverage_ratio": Infinity,
      "fcf_margin_change": 0.5057962709683681
    },
    {
      "date": "2023-09-30T00:00:00",
      "quarter_label": "2023-09 (Q3)",
      "revenue": 6103861,
      "gross_profit": 5916020,
      "operating_income": 710123,
      "net_income": -1455158,
      "opex": 5393738,
      "cogs": 187841,
      "rd": 226405,
      "sga": 4185893,
      "fcf": -2094950,
      "ocf": -2094950,
      "capex": null,
      "gross_margin": 0.9692258719521955,
      "op_margin": 0.11633996907858812,
      "fcf_margin": -0.34321718662990525,
      "rev_growth_yoy": 0.03332865525904991,
      "rev_growth_yoy_accel": -0.29244257000717155,
      "fcf_margin_change": -0.7602127865605928
    },
    {
      "date": "2023-12-31T00:00:00",
      "quarter_label": "2023-12 (Q4)",
      "revenue": 6737353,
      "gross_profit": 6513523,
      "operating_income": 1309984,
      "net_income": -819891,
      "opex": 5427369,
      "cogs": 223830,
      "rd": 190359,
      "sga": 4071899,
      "fcf": 2330027,
      "ocf": 2330027,
      "capex": null,
      "gross_margin": 0.9667777538151853,
      "op_margin": 0.19443600476329503,
      "fcf_margin": 0.3458371559275579,
      "rev_growth_yoy": 0.13413465447402526,
      "rev_growth_yoy_accel": 0.10080599921497535,
      "op_leverage_ratio": 16.645106012561833,
      "fcf_margin_change": 0.6890543425574631
    },
    {
      "date": "2024-03-31T00:00:00",
      "quarter_label": "2024-03 (Q1)",
      "revenue": 8001066,
      "gross_profit": 7594686,
      "operating_income": 2310537,
      "net_income": 208908,
      "opex": 5690529,
      "cogs": 406380,
      "rd": 251886,
      "sga": 4204828,
      "fcf": 1366629,
      "ocf": 1366629,
      "capex": null,
      "gross_margin": 0.949209267865057,
      "op_margin": 0.28877864524552105,
      "fcf_margin": 0.17080586511847295,
      "rev_growth_yoy": 0.07794265408551851,
      "rev_growth_yoy_accel": -0.056192000388506746,
      "op_leverage_ratio": 3.8683754868238416,
      "fcf_margin_change": -0.17503129080908497
    },
    {
      "date": "2024-06-30T00:00:00",
      "quarter_label": "2024-06 (Q2)",
      "revenue": 8522502,
      "gross_profit": 7923806,
      "operating_income": 2343984,
      "net_income": 242697,
      "opex": 6178518,
      "cogs": 598696,
      "rd": 269479,
      "sga": 4413733,
      "fcf": 2506718,
      "ocf": 2506718,
      "capex": null,
      "gross_margin": 0.9297511458489538,
      "op_margin": 0.2750347257178702,
      "fcf_margin": 0.2941293530937276,
      "rev_growth_yoy": 0.1325078375237996,
      "rev_growth_yoy_accel": 0.054565183438281095,
      "op_leverage_ratio": 0.7599688073660604,
      "fcf_margin_change": 0.12332348797525466
    },
    {
      "date": "2024-09-30T00:00:00",
      "quarter_label": "2024-09 (Q3)",
      "revenue": 7646298,
      "gross_profit": 7303433,
      "operating_income": -123937,
      "net_income": -2197914,
      "opex": 7770235,
      "cogs": 342865,
      "rd": 261493,
      "sga": 6260283,
      "fcf": -845891,
      "ocf": -845891,
      "capex": null,
      "gross_margin": 0.9551593463922018,
      "op_margin": -0.01620875880066406,
      "fcf_margin": -0.11062752197207067,
      "incr_op_margin_yoy": -0.5407416964193675,
      "rev_growth_yoy": 0.25269857881757135,
      "rev_growth_yoy_accel": 0.12019074129377175,
      "fcf_margin_change": -0.40475687506579827
    },
    {
      "date": "2024-12-31T00:00:00",
      "quarter_label": "2024-12 (Q4)",
      "revenue": 7567600,
      "gross_profit": 7405765,
      "operating_income": 1171310,
      "net_income": -880801,
      "opex": 6396290,
      "cogs": 161835,
      "rd": 274325,
      "sga": 4806613,
      "fcf": 1071178,
      "ocf": 1071178,
      "capex": null,
      "gross_margin": 0.978614752365347,
      "op_margin": 0.1547795866589143,
      "fcf_margin": 0.14154791479465087,
      "rev_growth_yoy": 0.12323044376626845,
      "rev_growth_yoy_accel": -0.1294681350513029,
      "fcf_margin_change": 0.25217543676672155
    },
    {
      "date": "2025-03-31T00:00:00",
      "quarter_label": "2025-03 (Q1)",
      "revenue": 7784933,
      "gross_profit": 7596931,
      "operating_income": 1975296,
      "net_income": -2021282,
      "opex": 5809637,
      "cogs": 188002,
      "rd": 362776,
      "sga": 4312781,
      "fcf": 1075009,
      "ocf": 1168692,
      "capex": -93683,
      "gross_margin": 0.9758505307624356,
      "op_margin": 0.25373320489720336,
      "fcf_margin": 0.13808840744037232,
      "rev_growth_yoy": -0.02701302551435021,
      "rev_growth_yoy_accel": -0.15024346928061866,
      "op_leverage_ratio": Infinity,
      "fcf_margin_change": -0.0034595073542785515
    },
    {
      "date": "2025-06-30T00:00:00",
      "quarter_label": "2025-06 (Q2)",
      "revenue": 7527691,
      "gross_profit": 7339680,
      "operating_income": 1943991,
      "net_income": 950357,
      "opex": 5583700,
      "cogs": 188011,
      "rd": 243162,
      "sga": 4213470,
      "fcf": 3177099,
      "ocf": 3177099,
      "capex": null,
      "gross_margin": 0.9750240810894071,
      "op_margin": 0.2582453238317035,
      "fcf_margin": 0.42205491697254843,
      "rev_growth_yoy": -0.11672757600995576,
      "rev_growth_yoy_accel": -0.08971455049560555,
      "fcf_margin_change": 0.2839665095321761
    },
    {
      "date": "2025-09-30T00:00:00",
      "quarter_label": "2025-09 (Q3)",
      "revenue": 7325142,
      "gross_profit": 7084003,
      "operating_income": 1903652,
      "net_income": 1039139,
      "opex": 5421490,
      "cogs": 241139,
      "rd": 230545,
      "sga": 4021121,
      "fcf": 1123947,
      "ocf": 1123947,
      "capex": null,
      "gross_margin": 0.967080638163738,
      "op_margin": 0.2598791941507755,
      "fcf_margin": 0.15343688900501862,
      "rev_growth_yoy": -0.04200150190327397,
      "rev_growth_yoy_accel": 0.07472607410668178,
      "fcf_margin_change": -0.2686180279675298
    }
  ],
  "signals": [
    {
      "quarter": "2025-09 (Q3)",
      "signal": "YoY REVENUE GROWTH ACCELERATION",
      "detail": "YoY growth: -4.2% vs prior quarter YoY: -11.7% (accel: +7.5%)",
      "severity": "MEDIUM"
    },
    {
      "quarter": "2025-09 (Q3)",
      "signal": "OP MARGIN TURNED POSITIVE (YoY)",
      "detail": "Op margin: -1.6% (year-ago) -> +26.0%",
      "severity": "HIGH"
    },
    {
      "quarter": "2025-06 (Q2)",
      "signal": "FCF MARGIN EXPANSION",
      "detail": "FCF margin: +13.8% -> +42.2% (+28.4%)",
      "severity": "MEDIUM"
    },
    {
      "quarter": "2025-06 (Q2)",
      "signal": "YoY REVENUE GROWTH DECELERATION",
      "detail": "YoY growth: -11.7% vs prior quarter YoY: -2.7% (decel: -9.0%)",
      "severity": "WARNING"
    },
    {
      "quarter": "2025-03 (Q1)",
      "signal": "YoY REVENUE GROWTH DECELERATION",
      "detail": "YoY growth: -2.7% vs prior quarter YoY: +12.3% (decel: -15.0%)",
      "severity": "WARNING"
    },
    {
      "quarter": "2024-12 (Q4)",
      "signal": "FCF TURNED POSITIVE",
      "detail": "FCF margin: -11.1% -> +14.2%",
      "severity": "HIGH"
    },
    {
      "quarter": "2024-12 (Q4)",
      "signal": "YoY REVENUE GROWTH DECELERATION",
      "detail": "YoY growth: +12.3% vs prior quarter YoY: +25.3% (decel: -12.9%)",
      "severity": "WARNING"
    },
    {
      "quarter": "2024-12 (Q4)",
      "signal": "OP MARGIN TURNED POSITIVE (QoQ)",
      "detail": "Op margin: -1.6% -> +15.5%",
      "severity": "HIGH"
    },
    {
      "quarter": "2024-09 (Q3)",
      "signal": "GROSS MARGIN INFLECTION",
      "detail": "GM: +94.9% -> +93.0% -> +95.5% (reversal +2.5%)",
      "severity": "MEDIUM"
    },
    {
      "quarter": "2024-09 (Q3)",
      "signal": "YoY REVENUE GROWTH ACCELERATION",
      "detail": "YoY growth: +25.3% vs prior quarter YoY: +13.3% (accel: +12.0%)",
      "severity": "MEDIUM"
    },
    {
      "quarter": "2024-06 (Q2)",
      "signal": "FCF MARGIN EXPANSION",
      "detail": "FCF margin: +17.1% -> +29.4% (+12.3%)",
      "severity": "MEDIUM"
    },
    {
      "quarter": "2024-06 (Q2)",
      "signal": "YoY REVENUE GROWTH ACCELERATION",
      "detail": "YoY growth: +13.3% vs prior quarter YoY: +7.8% (accel: +5.5%)",
      "severity": "MEDIUM"
    },
    {
      "quarter": "2024-03 (Q1)",
      "signal": "OPERATING LEVERAGE",
      "detail": "Rev growth +18.8% vs OpEx growth +4.8% (leverage: 3.9x)",
      "severity": "MEDIUM"
    },
    {
      "quarter": "2024-03 (Q1)",
      "signal": "YoY REVENUE GROWTH DECELERATION",
      "detail": "YoY growth: +7.8% vs prior quarter YoY: +13.4% (decel: -5.6%)",
      "severity": "WARNING"
    },
    {
      "quarter": "2023-12 (Q4)",
      "signal": "FCF TURNED POSITIVE",
      "detail": "FCF margin: -34.3% -> +34.6%",
      "severity": "HIGH"
    },
    {
      "quarter": "2023-12 (Q4)",
      "signal": "OPERATING LEVERAGE",
      "detail": "Rev growth +10.4% vs OpEx growth +0.6% (leverage: 16.6x)",
      "severity": "MEDIUM"
    },
    {
      "quarter": "2023-12 (Q4)",
      "signal": "YoY REVENUE GROWTH ACCELERATION",
      "detail": "YoY growth: +13.4% vs prior quarter YoY: +3.3% (accel: +10.1%)",
      "severity": "MEDIUM"
    },
    {
      "quarter": "2023-09 (Q3)",
      "signal": "GROSS MARGIN INFLECTION",
      "detail": "GM: +95.3% -> +93.4% -> +96.9% (reversal +3.6%)",
      "severity": "MEDIUM"
    },
    {
      "quarter": "2023-09 (Q3)",
      "signal": "YoY REVENUE GROWTH DECELERATION",
      "detail": "YoY growth: +3.3% vs prior quarter YoY: +32.6% (decel: -29.2%)",
      "severity": "WARNING"
    },
    {
      "quarter": "2023-06 (Q2)",
      "signal": "FCF TURNED POSITIVE",
      "detail": "FCF margin: -8.9% -> +41.7%",
      "severity": "HIGH"
    },
    {
      "quarter": "2023-06 (Q2)",
      "signal": "YoY REVENUE GROWTH ACCELERATION",
      "detail": "YoY growth: +32.6% vs prior quarter YoY: +25.4% (accel: +7.2%)",
      "severity": "MEDIUM"
    },
    {
      "quarter": "2023-06 (Q2)",
      "signal": "INCREMENTAL MARGIN (YoY)",
      "detail": "YoY Incr OPM: +81.3% vs year-ago OPM: +16.7%",
      "severity": "HIGH"
    },
    {
      "quarter": "2023-03 (Q1)",
      "signal": "YoY REVENUE GROWTH ACCELERATION",
      "detail": "YoY growth: +25.4% vs prior quarter YoY: +4.8% (accel: +20.6%)",
      "severity": "HIGH"
    },
    {
      "quarter": "2023-03 (Q1)",
      "signal": "INCREMENTAL MARGIN (YoY)",
      "detail": "YoY Incr OPM: +44.5% vs year-ago OPM: +26.8%",
      "severity": "MEDIUM"
    },
    {
      "quarter": "2022-12 (Q4)",
      "signal": "YoY REVENUE GROWTH DECELERATION",
      "detail": "YoY growth: +4.8% vs prior quarter YoY: +11.8% (decel: -7.1%)",
      "severity": "WARNING"
    },
    {
      "quarter": "2022-09 (Q3)",
      "signal": "FCF MARGIN EXPANSION",
      "detail": "FCF margin: +9.7% -> +50.2% (+40.5%)",
      "severity": "MEDIUM"
    },
    {
      "quarter": "2022-09 (Q3)",
      "signal": "YoY REVENUE GROWTH DECELERATION",
      "detail": "YoY growth: +11.8% vs prior quarter YoY: +19.5% (decel: -7.7%)",
      "severity": "WARNING"
    },
    {
      "quarter": "2022-06 (Q2)",
      "signal": "YoY REVENUE GROWTH DECELERATION",
      "detail": "YoY growth: +19.5% vs prior quarter YoY: +38.2% (decel: -18.7%)",
      "severity": "WARNING"
    },
    {
      "quarter": "2022-03 (Q1)",
      "signal": "YoY REVENUE GROWTH DECELERATION",
      "detail": "YoY growth: +38.2% vs prior quarter YoY: +73.2% (decel: -35.0%)",
      "severity": "WARNING"
    },
    {
      "quarter": "2022-03 (Q1)",
      "signal": "INCREMENTAL MARGIN (YoY)",
      "detail": "YoY Incr OPM: +72.4% vs year-ago OPM: +9.5%",
      "severity": "HIGH"
    },
    {
      "quarter": "2021-12 (Q4)",
      "signal": "FCF MARGIN EXPANSION",
      "detail": "FCF margin: +41.5% -> +57.3% (+15.8%)",
      "severity": "MEDIUM"
    },
    {
      "quarter": "2021-12 (Q4)",
      "signal": "INCREMENTAL MARGIN (YoY)",
      "detail": "YoY Incr OPM: +56.4% vs year-ago OPM: +15.2%",
      "severity": "HIGH"
    },
    {
      "quarter": "2021-09 (Q3)",
      "signal": "FCF MARGIN EXPANSION",
      "detail": "FCF margin: +4.9% -> +41.5% (+36.6%)",
      "severity": "MEDIUM"
    },
    {
      "quarter": "2021-09 (Q3)",
      "signal": "OPERATING LEVERAGE",
      "detail": "Rev growth +11.2% vs OpEx growth +6.5% (leverage: 1.7x)",
      "severity": "MEDIUM"
    },
    {
      "quarter": "2021-03 (Q1)",
      "signal": "FCF TURNED POSITIVE",
      "detail": "FCF margin: -12.1% -> +17.2%",
      "severity": "HIGH"
    }
  ],
  "data_quality": {
    "n_quarters": 20,
    "coverage": {
      "revenue": [
        20,
        20
      ],
      "gross_profit": [
        20,
        20
      ],
      "op_income": [
        20,
        20
      ],
      "fcf": [
        20,
        20
      ]
    },
    "gaps": [],
    "warnings": []
  },
  "market_cap": null,
  "source": "SEC EDGAR",
  "last_updated": "2026-02-02T23:31:26.739262",
  "sector": "Consumer Cyclical",
  "industry": "Gambling"
}