{
  "ticker": "GME-WT",
  "name": "GameStop Corp.",
  "quarters": [
    {
      "date": "2021-01-30T00:00:00",
      "quarter_label": "2021-01 (Q1)",
      "revenue": 2122100000,
      "gross_profit": 448600000,
      "operating_income": 18800000,
      "net_income": 80500000,
      "opex": 429800000,
      "cogs": 1673500000,
      "rd": null,
      "sga": 419100000,
      "fcf": 137400000,
      "ocf": 164800000,
      "capex": -27400000,
      "gross_margin": 0.21139437349795015,
      "op_margin": 0.00885914895622261,
      "fcf_margin": 0.06474718439281843
    },
    {
      "date": "2021-05-01T00:00:00",
      "quarter_label": "2021-05 (Q2)",
      "revenue": 1276800000,
      "gross_profit": 330100000,
      "operating_income": -40800000,
      "net_income": -66800000,
      "opex": 370900000,
      "cogs": 946700000,
      "rd": null,
      "sga": 370300000,
      "fcf": -33500000,
      "ocf": -18800000,
      "capex": -14700000,
      "gross_margin": 0.25853696741854637,
      "op_margin": -0.03195488721804511,
      "fcf_margin": -0.0262374686716792,
      "fcf_margin_change": -0.09098465306449763
    },
    {
      "date": "2021-07-31T00:00:00",
      "quarter_label": "2021-07 (Q3)",
      "revenue": 1183400000,
      "gross_profit": 320900000,
      "operating_income": -58000000,
      "net_income": -61600000,
      "opex": 378900000,
      "cogs": 862500000,
      "rd": null,
      "sga": 378900000,
      "fcf": -25000000,
      "ocf": -11500000,
      "capex": -13500000,
      "gross_margin": 0.27116782153118135,
      "op_margin": -0.04901132330572926,
      "fcf_margin": -0.02112557039040054,
      "fcf_margin_change": 0.005111898281278657
    },
    {
      "date": "2021-10-30T00:00:00",
      "quarter_label": "2021-10 (Q4)",
      "revenue": 1296600000,
      "gross_profit": 318600000,
      "operating_income": -102900000,
      "net_income": -105400000,
      "opex": 421500000,
      "cogs": 978000000,
      "rd": null,
      "sga": 421500000,
      "fcf": -306200000,
      "ocf": -293700000,
      "capex": -12500000,
      "gross_margin": 0.24571957427117075,
      "op_margin": -0.07936140675613142,
      "fcf_margin": -0.23615610057072342,
      "op_leverage_ratio": 0.8508046759516029,
      "fcf_margin_change": -0.21503053018032287
    },
    {
      "date": "2022-01-29T00:00:00",
      "quarter_label": "2022-01 (Q1)",
      "revenue": 2253900000,
      "gross_profit": 378200000,
      "operating_income": -166800000,
      "net_income": -147500000,
      "opex": 545000000,
      "cogs": 1875700000,
      "rd": null,
      "sga": 538900000,
      "fcf": -131600000,
      "ocf": -110300000,
      "capex": -21300000,
      "gross_margin": 0.16779803895470075,
      "op_margin": -0.07400505789964062,
      "fcf_margin": -0.05838768357069968,
      "incr_op_margin_yoy": -1.4081942336874052,
      "rev_growth_yoy": 0.06210828895905,
      "op_leverage_ratio": 2.5198382440278246,
      "fcf_margin_change": 0.17776841700002374
    },
    {
      "date": "2022-04-30T00:00:00",
      "quarter_label": "2022-04 (Q2)",
      "revenue": 1378400000,
      "gross_profit": 298500000,
      "operating_income": -153700000,
      "net_income": -157900000,
      "opex": 452200000,
      "cogs": 1079900000,
      "rd": null,
      "sga": 452200000,
      "fcf": -314700000,
      "ocf": -303900000,
      "capex": -10800000,
      "gross_margin": 0.2165554265815438,
      "op_margin": -0.11150609402205455,
      "fcf_margin": -0.2283081834010447,
      "incr_op_margin_yoy": -1.111220472440945,
      "rev_growth_yoy": 0.07957393483709273,
      "rev_growth_yoy_accel": 0.01746564587804273,
      "fcf_margin_change": -0.16992049983034502
    },
    {
      "date": "2022-07-30T00:00:00",
      "quarter_label": "2022-07 (Q3)",
      "revenue": 1136000000,
      "gross_profit": 282200000,
      "operating_income": -107800000,
      "net_income": -108700000,
      "opex": 390000000,
      "cogs": 853800000,
      "rd": null,
      "sga": 387500000,
      "fcf": -123900000,
      "ocf": -103400000,
      "capex": -20500000,
      "gross_margin": 0.24841549295774648,
      "op_margin": -0.0948943661971831,
      "fcf_margin": -0.1090669014084507,
      "incr_op_margin_yoy": 1.0506329113924051,
      "rev_growth_yoy": -0.040054081460199426,
      "rev_growth_yoy_accel": -0.11962801629729215,
      "fcf_margin_change": 0.119241281992594
    },
    {
      "date": "2022-10-29T00:00:00",
      "quarter_label": "2022-10 (Q4)",
      "revenue": 1186400000,
      "gross_profit": 291600000,
      "operating_income": -96300000,
      "net_income": -94700000,
      "opex": 387900000,
      "cogs": 894800000,
      "rd": null,
      "sga": 387900000,
      "fcf": 164300000,
      "ocf": 177300000,
      "capex": -13000000,
      "gross_margin": 0.24578556979096425,
      "op_margin": -0.08116992582602832,
      "fcf_margin": 0.13848617666891436,
      "incr_op_margin_yoy": -0.05989110707803993,
      "rev_growth_yoy": -0.08499151627333025,
      "rev_growth_yoy_accel": -0.044937434813130825,
      "op_leverage_ratio": Infinity,
      "fcf_margin_change": 0.24755307807736504
    },
    {
      "date": "2023-01-28T00:00:00",
      "quarter_label": "2023-01 (Q1)",
      "revenue": 2226400000,
      "gross_profit": 499800000,
      "operating_income": 46200000,
      "net_income": 48200000,
      "opex": 453600000,
      "cogs": 1726600000,
      "rd": null,
      "sga": 453400000,
      "fcf": 326600000,
      "ocf": 338200000,
      "capex": -11600000,
      "gross_margin": 0.2244879626302551,
      "op_margin": 0.020750988142292492,
      "fcf_margin": 0.14669421487603307,
      "incr_op_margin_yoy": -7.745454545454545,
      "rev_growth_yoy": -0.012201073694485115,
      "rev_growth_yoy_accel": 0.07279044257884514,
      "op_leverage_ratio": 5.175551224378573,
      "fcf_margin_change": 0.008208038207118712
    },
    {
      "date": "2023-04-29T00:00:00",
      "quarter_label": "2023-04 (Q2)",
      "revenue": 1237100000,
      "gross_profit": 287300000,
      "operating_income": -58400000,
      "net_income": -50500000,
      "opex": 345700000,
      "cogs": 949800000,
      "rd": null,
      "sga": 345700000,
      "fcf": -111800000,
      "ocf": -102700000,
      "capex": -9100000,
      "gross_margin": 0.2322366825640611,
      "op_margin": -0.04720717807776251,
      "fcf_margin": -0.09037264570366178,
      "incr_op_margin_yoy": -0.6744515215852795,
      "rev_growth_yoy": -0.10251015670342425,
      "rev_growth_yoy_accel": -0.09030908300893914,
      "fcf_margin_change": -0.23706686057969484
    },
    {
      "date": "2023-07-29T00:00:00",
      "quarter_label": "2023-07 (Q3)",
      "revenue": 1163800000,
      "gross_profit": 305900000,
      "operating_income": -16600000,
      "net_income": -2800000,
      "opex": 322500000,
      "cogs": 857900000,
      "rd": null,
      "sga": 322500000,
      "fcf": -119200000,
      "ocf": -109100000,
      "capex": -10100000,
      "gross_margin": 0.2628458498023715,
      "op_margin": -0.014263619178553016,
      "fcf_margin": -0.10242309675201924,
      "incr_op_margin_yoy": 3.2805755395683454,
      "rev_growth_yoy": 0.02447183098591549,
      "rev_growth_yoy_accel": 0.12698198768933974,
      "fcf_margin_change": -0.01205045104835746
    },
    {
      "date": "2023-10-28T00:00:00",
      "quarter_label": "2023-10 (Q4)",
      "revenue": 1078300000,
      "gross_profit": 281800000,
      "operating_income": -14700000,
      "net_income": -3100000,
      "opex": 296500000,
      "cogs": 796500000,
      "rd": null,
      "sga": 296500000,
      "fcf": 11100000,
      "ocf": 19100000,
      "capex": -8000000,
      "gross_margin": 0.26133729017898544,
      "op_margin": -0.013632569785773903,
      "fcf_margin": 0.010293981266808866,
      "incr_op_margin_yoy": -0.7548566142460684,
      "rev_growth_yoy": -0.09111598111935267,
      "rev_growth_yoy_accel": -0.11558781210526815,
      "fcf_margin_change": 0.1127170780188281
    },
    {
      "date": "2024-02-03T00:00:00",
      "quarter_label": "2024-02 (Q1)",
      "revenue": 1793600000,
      "gross_profit": 419200000,
      "operating_income": 55200000,
      "net_income": 63100000,
      "opex": 364000000,
      "cogs": 1374400000,
      "rd": null,
      "sga": 359200000,
      "fcf": -18700000,
      "ocf": -11000000,
      "capex": -7700000,
      "gross_margin": 0.23371989295272078,
      "op_margin": 0.030776092774308653,
      "fcf_margin": -0.010425958965209633,
      "incr_op_margin_yoy": -0.020794824399260628,
      "rev_growth_yoy": -0.19439453826805606,
      "rev_growth_yoy_accel": -0.10327855714870339,
      "op_leverage_ratio": 2.9138657901154423,
      "fcf_margin_change": -0.0207199402320185
    },
    {
      "date": "2024-05-04T00:00:00",
      "quarter_label": "2024-05 (Q2)",
      "revenue": 881800000,
      "gross_profit": 244500000,
      "operating_income": -50600000,
      "net_income": -32300000,
      "opex": 295100000,
      "cogs": 637300000,
      "rd": null,
      "sga": 295100000,
      "fcf": -114700000,
      "ocf": -109800000,
      "capex": -4900000,
      "gross_margin": 0.277273758221819,
      "op_margin": -0.0573826264459061,
      "fcf_margin": -0.13007484690405988,
      "incr_op_margin_yoy": -0.02195327891922319,
      "rev_growth_yoy": -0.287203944709401,
      "rev_growth_yoy_accel": -0.09280940644134497,
      "fcf_margin_change": -0.11964888793885024
    },
    {
      "date": "2024-08-03T00:00:00",
      "quarter_label": "2024-08 (Q3)",
      "revenue": 798300000,
      "gross_profit": 248800000,
      "operating_income": -22000000,
      "net_income": 14800000,
      "opex": 270800000,
      "cogs": 549500000,
      "rd": null,
      "sga": 270800000,
      "fcf": 65500000,
      "ocf": 68600000,
      "capex": -3100000,
      "gross_margin": 0.3116622823499937,
      "op_margin": -0.02755856194413128,
      "fcf_margin": 0.08204935487911813,
      "incr_op_margin_yoy": 0.014774281805745554,
      "rev_growth_yoy": -0.3140573981783812,
      "rev_growth_yoy_accel": -0.02685345346898016,
      "fcf_margin_change": 0.212124201783178
    },
    {
      "date": "2024-11-02T00:00:00",
      "quarter_label": "2024-11 (Q4)",
      "revenue": 860300000,
      "gross_profit": 257200000,
      "operating_income": -33400000,
      "net_income": 17400000,
      "opex": 290600000,
      "cogs": 603100000,
      "rd": null,
      "sga": 282000000,
      "fcf": 20000000,
      "ocf": 24600000,
      "capex": -4600000,
      "gross_margin": 0.2989654771591305,
      "op_margin": -0.038823666162966404,
      "fcf_margin": 0.02324770428920144,
      "incr_op_margin_yoy": 0.08577981651376147,
      "rev_growth_yoy": -0.20217008253732727,
      "rev_growth_yoy_accel": 0.11188731564105392,
      "op_leverage_ratio": 1.0622066841533209,
      "fcf_margin_change": -0.05880165058991669
    },
    {
      "date": "2025-02-01T00:00:00",
      "quarter_label": "2025-02 (Q1)",
      "revenue": 1282600000,
      "gross_profit": 363400000,
      "operating_income": 79800000,
      "net_income": 131300000,
      "opex": 283600000,
      "cogs": 919200000,
      "rd": null,
      "sga": 282500000,
      "fcf": 158800000,
      "ocf": 162300000,
      "capex": -3500000,
      "gross_margin": 0.28333073444565726,
      "op_margin": 0.062217370965226886,
      "fcf_margin": 0.12381100888819585,
      "incr_op_margin_yoy": -0.04814090019569472,
      "rev_growth_yoy": -0.28490187332738626,
      "rev_growth_yoy_accel": -0.08273179079005899,
      "op_leverage_ratio": Infinity,
      "fcf_margin_change": 0.1005633045989944
    },
    {
      "date": "2025-05-03T00:00:00",
      "quarter_label": "2025-05 (Q2)",
      "revenue": 732400000,
      "gross_profit": 252800000,
      "operating_income": -10800000,
      "net_income": 44800000,
      "opex": 263600000,
      "cogs": 479600000,
      "rd": null,
      "sga": 228100000,
      "fcf": 189600000,
      "ocf": 192500000,
      "capex": -2900000,
      "gross_margin": 0.3451665756417258,
      "op_margin": -0.01474604041507373,
      "fcf_margin": 0.2588749317312944,
      "incr_op_margin_yoy": -0.26639892904953144,
      "rev_growth_yoy": -0.16942617373554095,
      "rev_growth_yoy_accel": 0.11547569959184531,
      "fcf_margin_change": 0.13506392284309854
    },
    {
      "date": "2025-08-02T00:00:00",
      "quarter_label": "2025-08 (Q3)",
      "revenue": 972200000,
      "gross_profit": 283100000,
      "operating_income": 66400000,
      "net_income": 168600000,
      "opex": 216700000,
      "cogs": 689100000,
      "rd": null,
      "sga": 218800000,
      "fcf": 113300000,
      "ocf": 117400000,
      "capex": -4100000,
      "gross_margin": 0.2911952273194816,
      "op_margin": 0.06829870397037646,
      "fcf_margin": 0.1165398066241514,
      "incr_op_margin_yoy": 0.5083381253594019,
      "rev_growth_yoy": 0.21783790554929225,
      "rev_growth_yoy_accel": 0.3872640792848332,
      "op_leverage_ratio": Infinity,
      "fcf_margin_change": -0.14233512510714297
    },
    {
      "date": "2025-11-01T00:00:00",
      "quarter_label": "2025-11 (Q4)",
      "revenue": 821000000,
      "gross_profit": 273400000,
      "operating_income": 41300000,
      "net_income": 77100000,
      "opex": 232100000,
      "cogs": 547600000,
      "rd": null,
      "sga": 221400000,
      "fcf": 107000000,
      "ocf": 111300000,
      "capex": -4300000,
      "gross_margin": 0.33300852618757615,
      "op_margin": 0.050304506699147385,
      "fcf_margin": 0.13032886723507917,
      "incr_op_margin_yoy": -1.900763358778626,
      "rev_growth_yoy": -0.045681738928280834,
      "rev_growth_yoy_accel": -0.2635196444775731,
      "fcf_margin_change": 0.013789060610927759
    }
  ],
  "signals": [
    {
      "quarter": "2025-11 (Q4)",
      "signal": "GROSS MARGIN INFLECTION",
      "detail": "GM: +34.5% -> +29.1% -> +33.3% (reversal +4.2%)",
      "severity": "MEDIUM"
    },
    {
      "quarter": "2025-11 (Q4)",
      "signal": "YoY REVENUE GROWTH DECELERATION",
      "detail": "YoY growth: -4.6% vs prior quarter YoY: +21.8% (decel: -26.4%)",
      "severity": "WARNING"
    },
    {
      "quarter": "2025-11 (Q4)",
      "signal": "OP MARGIN TURNED POSITIVE (YoY)",
      "detail": "Op margin: -3.9% (year-ago) -> +5.0%",
      "severity": "HIGH"
    },
    {
      "quarter": "2025-08 (Q3)",
      "signal": "YoY REVENUE GROWTH ACCELERATION",
      "detail": "YoY growth: +21.8% vs prior quarter YoY: -16.9% (accel: +38.7%)",
      "severity": "HIGH"
    },
    {
      "quarter": "2025-08 (Q3)",
      "signal": "OP MARGIN TURNED POSITIVE (YoY)",
      "detail": "Op margin: -2.8% (year-ago) -> +6.8%",
      "severity": "HIGH"
    },
    {
      "quarter": "2025-08 (Q3)",
      "signal": "OP MARGIN TURNED POSITIVE (QoQ)",
      "detail": "Op margin: -1.5% -> +6.8%",
      "severity": "HIGH"
    },
    {
      "quarter": "2025-05 (Q2)",
      "signal": "FCF MARGIN EXPANSION",
      "detail": "FCF margin: +12.4% -> +25.9% (+13.5%)",
      "severity": "MEDIUM"
    },
    {
      "quarter": "2025-05 (Q2)",
      "signal": "GROSS MARGIN INFLECTION",
      "detail": "GM: +29.9% -> +28.3% -> +34.5% (reversal +6.2%)",
      "severity": "HIGH"
    },
    {
      "quarter": "2025-05 (Q2)",
      "signal": "YoY REVENUE GROWTH ACCELERATION",
      "detail": "YoY growth: -16.9% vs prior quarter YoY: -28.5% (accel: +11.5%)",
      "severity": "MEDIUM"
    },
    {
      "quarter": "2025-02 (Q1)",
      "signal": "FCF MARGIN EXPANSION",
      "detail": "FCF margin: +2.3% -> +12.4% (+10.1%)",
      "severity": "MEDIUM"
    },
    {
      "quarter": "2025-02 (Q1)",
      "signal": "YoY REVENUE GROWTH DECELERATION",
      "detail": "YoY growth: -28.5% vs prior quarter YoY: -20.2% (decel: -8.3%)",
      "severity": "WARNING"
    },
    {
      "quarter": "2025-02 (Q1)",
      "signal": "OP MARGIN TURNED POSITIVE (QoQ)",
      "detail": "Op margin: -3.9% -> +6.2%",
      "severity": "HIGH"
    },
    {
      "quarter": "2024-11 (Q4)",
      "signal": "YoY REVENUE GROWTH ACCELERATION",
      "detail": "YoY growth: -20.2% vs prior quarter YoY: -31.4% (accel: +11.2%)",
      "severity": "MEDIUM"
    },
    {
      "quarter": "2024-08 (Q3)",
      "signal": "FCF TURNED POSITIVE",
      "detail": "FCF margin: -13.0% -> +8.2%",
      "severity": "HIGH"
    },
    {
      "quarter": "2024-05 (Q2)",
      "signal": "GROSS MARGIN INFLECTION",
      "detail": "GM: +26.1% -> +23.4% -> +27.7% (reversal +4.4%)",
      "severity": "MEDIUM"
    },
    {
      "quarter": "2024-05 (Q2)",
      "signal": "YoY REVENUE GROWTH DECELERATION",
      "detail": "YoY growth: -28.7% vs prior quarter YoY: -19.4% (decel: -9.3%)",
      "severity": "WARNING"
    },
    {
      "quarter": "2024-02 (Q1)",
      "signal": "OPERATING LEVERAGE",
      "detail": "Rev growth +66.3% vs OpEx growth +22.8% (leverage: 2.9x)",
      "severity": "MEDIUM"
    },
    {
      "quarter": "2024-02 (Q1)",
      "signal": "YoY REVENUE GROWTH DECELERATION",
      "detail": "YoY growth: -19.4% vs prior quarter YoY: -9.1% (decel: -10.3%)",
      "severity": "WARNING"
    },
    {
      "quarter": "2024-02 (Q1)",
      "signal": "OP MARGIN TURNED POSITIVE (QoQ)",
      "detail": "Op margin: -1.4% -> +3.1%",
      "severity": "HIGH"
    },
    {
      "quarter": "2023-10 (Q4)",
      "signal": "FCF TURNED POSITIVE",
      "detail": "FCF margin: -10.2% -> +1.0%",
      "severity": "HIGH"
    },
    {
      "quarter": "2023-10 (Q4)",
      "signal": "YoY REVENUE GROWTH DECELERATION",
      "detail": "YoY growth: -9.1% vs prior quarter YoY: +2.4% (decel: -11.6%)",
      "severity": "WARNING"
    },
    {
      "quarter": "2023-07 (Q3)",
      "signal": "YoY REVENUE GROWTH ACCELERATION",
      "detail": "YoY growth: +2.4% vs prior quarter YoY: -10.3% (accel: +12.7%)",
      "severity": "MEDIUM"
    },
    {
      "quarter": "2023-04 (Q2)",
      "signal": "YoY REVENUE GROWTH DECELERATION",
      "detail": "YoY growth: -10.3% vs prior quarter YoY: -1.2% (decel: -9.0%)",
      "severity": "WARNING"
    },
    {
      "quarter": "2023-01 (Q1)",
      "signal": "OPERATING LEVERAGE",
      "detail": "Rev growth +87.7% vs OpEx growth +16.9% (leverage: 5.2x)",
      "severity": "MEDIUM"
    },
    {
      "quarter": "2023-01 (Q1)",
      "signal": "YoY REVENUE GROWTH ACCELERATION",
      "detail": "YoY growth: -1.2% vs prior quarter YoY: -8.5% (accel: +7.3%)",
      "severity": "MEDIUM"
    },
    {
      "quarter": "2023-01 (Q1)",
      "signal": "OP MARGIN TURNED POSITIVE (YoY)",
      "detail": "Op margin: -7.4% (year-ago) -> +2.1%",
      "severity": "HIGH"
    },
    {
      "quarter": "2023-01 (Q1)",
      "signal": "OP MARGIN TURNED POSITIVE (QoQ)",
      "detail": "Op margin: -8.1% -> +2.1%",
      "severity": "HIGH"
    },
    {
      "quarter": "2022-10 (Q4)",
      "signal": "FCF TURNED POSITIVE",
      "detail": "FCF margin: -10.9% -> +13.8%",
      "severity": "HIGH"
    },
    {
      "quarter": "2022-07 (Q3)",
      "signal": "FCF MARGIN EXPANSION",
      "detail": "FCF margin: -22.8% -> -10.9% (+11.9%)",
      "severity": "MEDIUM"
    },
    {
      "quarter": "2022-07 (Q3)",
      "signal": "YoY REVENUE GROWTH DECELERATION",
      "detail": "YoY growth: -4.0% vs prior quarter YoY: +8.0% (decel: -12.0%)",
      "severity": "WARNING"
    },
    {
      "quarter": "2022-04 (Q2)",
      "signal": "GROSS MARGIN INFLECTION",
      "detail": "GM: +24.6% -> +16.8% -> +21.7% (reversal +4.9%)",
      "severity": "MEDIUM"
    },
    {
      "quarter": "2022-01 (Q1)",
      "signal": "FCF MARGIN EXPANSION",
      "detail": "FCF margin: -23.6% -> -5.8% (+17.8%)",
      "severity": "MEDIUM"
    },
    {
      "quarter": "2022-01 (Q1)",
      "signal": "OPERATING LEVERAGE",
      "detail": "Rev growth +73.8% vs OpEx growth +29.3% (leverage: 2.5x)",
      "severity": "MEDIUM"
    }
  ],
  "data_quality": {
    "n_quarters": 20,
    "coverage": {
      "revenue": [
        20,
        20
      ],
      "gross_profit": [
        20,
        20
      ],
      "op_income": [
        20,
        20
      ],
      "fcf": [
        20,
        20
      ]
    },
    "gaps": [],
    "warnings": []
  },
  "market_cap": null,
  "source": "SEC EDGAR",
  "last_updated": "2026-02-03T01:08:08.613725"
}