{
  "ticker": "GMED",
  "name": "GLOBUS MEDICAL, INC.",
  "quarters": [
    {
      "date": "2020-12-31T00:00:00",
      "quarter_label": "2020-12 (Q4)",
      "revenue": 233445000,
      "gross_profit": 172586000,
      "operating_income": 58535000,
      "net_income": 52957000,
      "opex": 114051000,
      "cogs": 60859000,
      "rd": 15241000,
      "sga": 92047000,
      "fcf": 66121000,
      "ocf": 80184000,
      "capex": -14063000,
      "gross_margin": 0.7393004776285634,
      "op_margin": 0.25074428666281134,
      "fcf_margin": 0.2832401636359742
    },
    {
      "date": "2021-03-31T00:00:00",
      "quarter_label": "2021-03 (Q1)",
      "revenue": 227344000,
      "gross_profit": 172317000,
      "operating_income": 54548000,
      "net_income": 45329000,
      "opex": 117769000,
      "cogs": 55027000,
      "rd": 14924000,
      "sga": 97891000,
      "fcf": 49898000,
      "ocf": 63570000,
      "capex": -13672000,
      "gross_margin": 0.7579571046519812,
      "op_margin": 0.239935956084172,
      "fcf_margin": 0.21948237032866494,
      "fcf_margin_change": -0.06375779330730927
    },
    {
      "date": "2021-06-30T00:00:00",
      "quarter_label": "2021-06 (Q2)",
      "revenue": 251016000,
      "gross_profit": 187170000,
      "operating_income": 45876000,
      "net_income": 41545000,
      "opex": 141294000,
      "cogs": 63846000,
      "rd": 15547000,
      "sga": 107254000,
      "fcf": 50803000,
      "ocf": 59189000,
      "capex": -8386000,
      "gross_margin": 0.7456496797016923,
      "op_margin": 0.18276125824648629,
      "fcf_margin": 0.20238948911623164,
      "op_leverage_ratio": 0.5212580926204964,
      "fcf_margin_change": -0.017092881212433297
    },
    {
      "date": "2021-09-30T00:00:00",
      "quarter_label": "2021-09 (Q3)",
      "revenue": 229721000,
      "gross_profit": 171167000,
      "operating_income": 53329000,
      "net_income": 47211000,
      "opex": 117838000,
      "cogs": 58554000,
      "rd": 15853000,
      "sga": 96444000,
      "fcf": 59467000,
      "ocf": 77262000,
      "capex": -17795000,
      "gross_margin": 0.7451081964644068,
      "op_margin": 0.23214682157922,
      "fcf_margin": 0.25886618985639104,
      "fcf_margin_change": 0.0564767007401594
    },
    {
      "date": "2021-12-31T00:00:00",
      "quarter_label": "2021-12 (Q4)",
      "revenue": 250021000,
      "gross_profit": 188225000,
      "operating_income": 18200000,
      "net_income": 15106000,
      "opex": 170025000,
      "cogs": 61796000,
      "rd": 51022000,
      "sga": 106560000,
      "fcf": 59208000,
      "ocf": 76253000,
      "capex": -17045000,
      "gross_margin": 0.7528367617120162,
      "op_margin": 0.07279388531363365,
      "fcf_margin": 0.23681210778294623,
      "incr_op_margin_yoy": -2.4333373552123554,
      "rev_growth_yoy": 0.07100601854826619,
      "op_leverage_ratio": 0.19953467166476888,
      "fcf_margin_change": -0.02205408207344481
    },
    {
      "date": "2022-03-31T00:00:00",
      "quarter_label": "2022-03 (Q1)",
      "revenue": 230549000,
      "gross_profit": 171382000,
      "operating_income": 46445000,
      "net_income": 38084000,
      "opex": 124937000,
      "cogs": 59167000,
      "rd": 17412000,
      "sga": 100748000,
      "fcf": 24719000,
      "ocf": 44690000,
      "capex": -19971000,
      "gross_margin": 0.7433647510941275,
      "op_margin": 0.2014539208584726,
      "fcf_margin": 0.10721798836689814,
      "incr_op_margin_yoy": -2.5282371294851793,
      "rev_growth_yoy": 0.014097578999225842,
      "rev_growth_yoy_accel": -0.056908439549040346,
      "fcf_margin_change": -0.1295941194160481
    },
    {
      "date": "2022-06-30T00:00:00",
      "quarter_label": "2022-06 (Q2)",
      "revenue": 263648000,
      "gross_profit": 195178000,
      "operating_income": 67776000,
      "net_income": 54590000,
      "opex": 127402000,
      "cogs": 68470000,
      "rd": 17395000,
      "sga": 106718000,
      "fcf": 13130000,
      "ocf": 36883000,
      "capex": -23753000,
      "gross_margin": 0.7402976696200996,
      "op_margin": 0.25707003277096735,
      "fcf_margin": 0.04980125015171744,
      "incr_op_margin_yoy": 1.733692210259658,
      "rev_growth_yoy": 0.05032348535551519,
      "rev_growth_yoy_accel": 0.03622590635628935,
      "op_leverage_ratio": 7.276554389440138,
      "fcf_margin_change": -0.057416738215180695
    },
    {
      "date": "2022-09-30T00:00:00",
      "quarter_label": "2022-09 (Q3)",
      "revenue": 254148000,
      "gross_profit": 188651000,
      "operating_income": 59702000,
      "net_income": 47431000,
      "opex": 128949000,
      "cogs": 65497000,
      "rd": 18701000,
      "sga": 106576000,
      "fcf": 20937000,
      "ocf": 32920000,
      "capex": -11983000,
      "gross_margin": 0.7422879581975856,
      "op_margin": 0.23491036718762295,
      "fcf_margin": 0.08238113225364749,
      "incr_op_margin_yoy": 0.2608998239652843,
      "rev_growth_yoy": 0.10633333478436886,
      "rev_growth_yoy_accel": 0.056009849428853675,
      "fcf_margin_change": 0.032579882101930045
    },
    {
      "date": "2022-12-31T00:00:00",
      "quarter_label": "2022-12 (Q4)",
      "revenue": 274498000,
      "gross_profit": 203907000,
      "operating_income": 54028000,
      "net_income": 50065000,
      "opex": 149879000,
      "cogs": 70591000,
      "rd": 19507000,
      "sga": 118075000,
      "fcf": 45635000,
      "ocf": 63975000,
      "capex": -18340000,
      "gross_margin": 0.7428360133771467,
      "op_margin": 0.1968247491785004,
      "fcf_margin": 0.16624893441846572,
      "incr_op_margin_yoy": 1.46374147158557,
      "rev_growth_yoy": 0.09789977641878082,
      "rev_growth_yoy_accel": -0.00843355836558804,
      "op_leverage_ratio": 0.49331743798627525,
      "fcf_margin_change": 0.08386780216481823
    },
    {
      "date": "2023-03-31T00:00:00",
      "quarter_label": "2023-03 (Q1)",
      "revenue": 276688000,
      "gross_profit": 205863000,
      "operating_income": 56403000,
      "net_income": 49129000,
      "opex": 149460000,
      "cogs": 70825000,
      "rd": 21082000,
      "sga": 122416000,
      "fcf": 37322000,
      "ocf": 53313000,
      "capex": -15991000,
      "gross_margin": 0.7440257618689643,
      "op_margin": 0.20385054646388712,
      "fcf_margin": 0.13488839414792111,
      "incr_op_margin_yoy": 0.21582609072585016,
      "rev_growth_yoy": 0.20012665420366169,
      "rev_growth_yoy_accel": 0.10222687778488086,
      "fcf_margin_change": -0.03136054027054461
    },
    {
      "date": "2023-06-30T00:00:00",
      "quarter_label": "2023-06 (Q2)",
      "revenue": 291615000,
      "gross_profit": 215142000,
      "operating_income": 66212000,
      "net_income": 57712000,
      "opex": 148930000,
      "cogs": 76473000,
      "rd": 21347000,
      "sga": 120069000,
      "fcf": 17160000,
      "ocf": 35028000,
      "capex": -17868000,
      "gross_margin": 0.7377604032714367,
      "op_margin": 0.2270527922089056,
      "fcf_margin": 0.05884470963427807,
      "incr_op_margin_yoy": -0.05592305216862731,
      "rev_growth_yoy": 0.10607704211676175,
      "rev_growth_yoy_accel": -0.09404961208689994,
      "op_leverage_ratio": Infinity,
      "fcf_margin_change": -0.07604368451364305
    },
    {
      "date": "2023-09-30T00:00:00",
      "quarter_label": "2023-09 (Q3)",
      "revenue": 383639000,
      "gross_profit": 248249000,
      "operating_income": 404000,
      "net_income": 998000,
      "opex": 247845000,
      "cogs": 135390000,
      "rd": 29329000,
      "sga": 156206000,
      "fcf": 28950000,
      "ocf": 50484000,
      "capex": -21534000,
      "gross_margin": 0.6470901029353116,
      "op_margin": 0.001053073331960515,
      "fcf_margin": 0.07546156673330918,
      "incr_op_margin_yoy": -0.4579314392506043,
      "rev_growth_yoy": 0.5095102066512426,
      "rev_growth_yoy_accel": 0.40343316453448086,
      "op_leverage_ratio": 0.47512871860100453,
      "fcf_margin_change": 0.016616857099031115
    },
    {
      "date": "2023-12-31T00:00:00",
      "quarter_label": "2023-12 (Q4)",
      "revenue": 616534000,
      "gross_profit": 351048000,
      "operating_income": 10123000,
      "net_income": 15034000,
      "opex": 340925000,
      "cogs": 265486000,
      "rd": 52252000,
      "sga": 244719000,
      "fcf": 81793000,
      "ocf": 104674000,
      "capex": -22881000,
      "gross_margin": 0.5693895227189417,
      "op_margin": 0.016419208024212775,
      "fcf_margin": 0.13266583838036508,
      "incr_op_margin_yoy": -0.1283636810160334,
      "rev_growth_yoy": 1.246041865514503,
      "rev_growth_yoy_accel": 0.7365316588632603,
      "op_leverage_ratio": 1.6164460035396697,
      "fcf_margin_change": 0.057204271647055896
    },
    {
      "date": "2024-03-31T00:00:00",
      "quarter_label": "2024-03 (Q1)",
      "revenue": 606666000,
      "gross_profit": 365179000,
      "operating_income": 7997000,
      "net_income": -7117000,
      "opex": 357182000,
      "cogs": 241487000,
      "rd": 57268000,
      "sga": 248710000,
      "fcf": 23819000,
      "ocf": 52387000,
      "capex": -28568000,
      "gross_margin": 0.6019440680704045,
      "op_margin": 0.013181882617453426,
      "fcf_margin": 0.039262131057286875,
      "incr_op_margin_yoy": -0.1466946281267236,
      "rev_growth_yoy": 1.1925996067773088,
      "rev_growth_yoy_accel": -0.053442258737194104,
      "fcf_margin_change": -0.0934037073230782
    },
    {
      "date": "2024-06-30T00:00:00",
      "quarter_label": "2024-06 (Q2)",
      "revenue": 629691000,
      "gross_profit": 369651000,
      "operating_income": 49622000,
      "net_income": 31760000,
      "opex": 320029000,
      "cogs": 260040000,
      "rd": 37698000,
      "sga": 238119000,
      "fcf": 26460000,
      "ocf": 54258000,
      "capex": -27798000,
      "gross_margin": 0.5870355460058981,
      "op_margin": 0.07880373071871759,
      "fcf_margin": 0.042020610108767634,
      "incr_op_margin_yoy": -0.049071806339402974,
      "rev_growth_yoy": 1.1593230800884728,
      "rev_growth_yoy_accel": -0.03327652668883596,
      "op_leverage_ratio": Infinity,
      "fcf_margin_change": 0.0027584790514807583
    },
    {
      "date": "2024-09-30T00:00:00",
      "quarter_label": "2024-09 (Q3)",
      "revenue": 625705000,
      "gross_profit": 355190000,
      "operating_income": 48098000,
      "net_income": 51836000,
      "opex": 307092000,
      "cogs": 270515000,
      "rd": 35380000,
      "sga": 240738000,
      "fcf": 161702000,
      "ocf": 203654000,
      "capex": -41952000,
      "gross_margin": 0.567663675374178,
      "op_margin": 0.07687009053787328,
      "fcf_margin": 0.2584316890547462,
      "incr_op_margin_yoy": 0.19702890947097074,
      "rev_growth_yoy": 0.6309733890454308,
      "rev_growth_yoy_accel": -0.5283496910430421,
      "fcf_margin_change": 0.2164110789459786
    },
    {
      "date": "2024-12-31T00:00:00",
      "quarter_label": "2024-12 (Q4)",
      "revenue": 657293000,
      "gross_profit": 393856000,
      "operating_income": 60274000,
      "net_income": 26505000,
      "opex": 333582000,
      "cogs": 263437000,
      "rd": 33408000,
      "sga": 253481000,
      "fcf": 193228000,
      "ocf": 210339000,
      "capex": -17111000,
      "gross_margin": 0.5992091806850217,
      "op_margin": 0.09170035281069477,
      "fcf_margin": 0.29397544169799467,
      "incr_op_margin_yoy": 1.23042763561422,
      "rev_growth_yoy": 0.06610989823756679,
      "rev_growth_yoy_accel": -0.564863490807864,
      "op_leverage_ratio": 0.5852468009742995,
      "fcf_margin_change": 0.03554375264324844
    },
    {
      "date": "2025-03-31T00:00:00",
      "quarter_label": "2025-03 (Q1)",
      "revenue": 598121000,
      "gross_profit": 402724000,
      "operating_income": 97004000,
      "net_income": 75462000,
      "opex": 305720000,
      "cogs": 195397000,
      "rd": 33062000,
      "sga": 242799000,
      "fcf": 141197000,
      "ocf": 177300000,
      "capex": -36103000,
      "gross_margin": 0.67331526564023,
      "op_margin": 0.16218123088806446,
      "fcf_margin": 0.2360676184250344,
      "incr_op_margin_yoy": -10.416266822703335,
      "rev_growth_yoy": -0.01408518031338496,
      "rev_growth_yoy_accel": -0.08019507855095175,
      "fcf_margin_change": -0.05790782327296026
    },
    {
      "date": "2025-06-30T00:00:00",
      "quarter_label": "2025-06 (Q2)",
      "revenue": 745342000,
      "gross_profit": 496577000,
      "operating_income": 76109000,
      "net_income": 202846000,
      "opex": 420468000,
      "cogs": 248765000,
      "rd": 39954000,
      "sga": 303622000,
      "fcf": 31303000,
      "ocf": 77865000,
      "capex": -46562000,
      "gross_margin": 0.6662404641090935,
      "op_margin": 0.10211285557502461,
      "fcf_margin": 0.04199816996761219,
      "incr_op_margin_yoy": 0.22902525702328558,
      "rev_growth_yoy": 0.18366309824977647,
      "rev_growth_yoy_accel": 0.19774827856316143,
      "op_leverage_ratio": 0.6557819197741883,
      "fcf_margin_change": -0.19406944845742222
    },
    {
      "date": "2025-09-30T00:00:00",
      "quarter_label": "2025-09 (Q3)",
      "revenue": 769048000,
      "gross_profit": 516515000,
      "operating_income": 137363000,
      "net_income": 118966000,
      "opex": 379152000,
      "cogs": 252533000,
      "rd": 38067000,
      "sga": 313597000,
      "fcf": 213878000,
      "ocf": 249695000,
      "capex": -35817000,
      "gross_margin": 0.6716290790691868,
      "op_margin": 0.178614338766891,
      "fcf_margin": 0.27810747833685284,
      "incr_op_margin_yoy": 0.6227370712207781,
      "rev_growth_yoy": 0.22909038604454177,
      "rev_growth_yoy_accel": 0.04542728779476529,
      "op_leverage_ratio": Infinity,
      "fcf_margin_change": 0.23610930836924066
    }
  ],
  "signals": [
    {
      "quarter": "2025-09 (Q3)",
      "signal": "FCF MARGIN EXPANSION",
      "detail": "FCF margin: +4.2% -> +27.8% (+23.6%)",
      "severity": "MEDIUM"
    },
    {
      "quarter": "2025-09 (Q3)",
      "signal": "INCREMENTAL MARGIN (YoY)",
      "detail": "YoY Incr OPM: +62.3% vs year-ago OPM: +7.7%",
      "severity": "HIGH"
    },
    {
      "quarter": "2025-06 (Q2)",
      "signal": "YoY REVENUE GROWTH ACCELERATION",
      "detail": "YoY growth: +18.4% vs prior quarter YoY: -1.4% (accel: +19.8%)",
      "severity": "HIGH"
    },
    {
      "quarter": "2025-06 (Q2)",
      "signal": "INCREMENTAL MARGIN (YoY)",
      "detail": "YoY Incr OPM: +22.9% vs year-ago OPM: +7.9%",
      "severity": "MEDIUM"
    },
    {
      "quarter": "2025-03 (Q1)",
      "signal": "YoY REVENUE GROWTH DECELERATION",
      "detail": "YoY growth: -1.4% vs prior quarter YoY: +6.6% (decel: -8.0%)",
      "severity": "WARNING"
    },
    {
      "quarter": "2024-12 (Q4)",
      "signal": "GROSS MARGIN INFLECTION",
      "detail": "GM: +58.7% -> +56.8% -> +59.9% (reversal +3.2%)",
      "severity": "MEDIUM"
    },
    {
      "quarter": "2024-12 (Q4)",
      "signal": "YoY REVENUE GROWTH DECELERATION",
      "detail": "YoY growth: +6.6% vs prior quarter YoY: +63.1% (decel: -56.5%)",
      "severity": "WARNING"
    },
    {
      "quarter": "2024-12 (Q4)",
      "signal": "INCREMENTAL MARGIN (YoY)",
      "detail": "YoY Incr OPM: +123.0% vs year-ago OPM: +1.6%",
      "severity": "HIGH"
    },
    {
      "quarter": "2024-09 (Q3)",
      "signal": "FCF MARGIN EXPANSION",
      "detail": "FCF margin: +4.2% -> +25.8% (+21.6%)",
      "severity": "MEDIUM"
    },
    {
      "quarter": "2024-09 (Q3)",
      "signal": "YoY REVENUE GROWTH DECELERATION",
      "detail": "YoY growth: +63.1% vs prior quarter YoY: +115.9% (decel: -52.8%)",
      "severity": "WARNING"
    },
    {
      "quarter": "2024-09 (Q3)",
      "signal": "INCREMENTAL MARGIN (YoY)",
      "detail": "YoY Incr OPM: +19.7% vs year-ago OPM: +0.1%",
      "severity": "MEDIUM"
    },
    {
      "quarter": "2024-03 (Q1)",
      "signal": "GROSS MARGIN INFLECTION",
      "detail": "GM: +64.7% -> +56.9% -> +60.2% (reversal +3.3%)",
      "severity": "MEDIUM"
    },
    {
      "quarter": "2024-03 (Q1)",
      "signal": "YoY REVENUE GROWTH DECELERATION",
      "detail": "YoY growth: +119.3% vs prior quarter YoY: +124.6% (decel: -5.3%)",
      "severity": "WARNING"
    },
    {
      "quarter": "2023-12 (Q4)",
      "signal": "FCF MARGIN EXPANSION",
      "detail": "FCF margin: +7.5% -> +13.3% (+5.7%)",
      "severity": "MEDIUM"
    },
    {
      "quarter": "2023-12 (Q4)",
      "signal": "OPERATING LEVERAGE",
      "detail": "Rev growth +60.7% vs OpEx growth +37.6% (leverage: 1.6x)",
      "severity": "MEDIUM"
    },
    {
      "quarter": "2023-12 (Q4)",
      "signal": "YoY REVENUE GROWTH ACCELERATION",
      "detail": "YoY growth: +124.6% vs prior quarter YoY: +51.0% (accel: +73.7%)",
      "severity": "HIGH"
    },
    {
      "quarter": "2023-09 (Q3)",
      "signal": "YoY REVENUE GROWTH ACCELERATION",
      "detail": "YoY growth: +51.0% vs prior quarter YoY: +10.6% (accel: +40.3%)",
      "severity": "HIGH"
    },
    {
      "quarter": "2023-06 (Q2)",
      "signal": "YoY REVENUE GROWTH DECELERATION",
      "detail": "YoY growth: +10.6% vs prior quarter YoY: +20.0% (decel: -9.4%)",
      "severity": "WARNING"
    },
    {
      "quarter": "2023-03 (Q1)",
      "signal": "YoY REVENUE GROWTH ACCELERATION",
      "detail": "YoY growth: +20.0% vs prior quarter YoY: +9.8% (accel: +10.2%)",
      "severity": "MEDIUM"
    },
    {
      "quarter": "2022-12 (Q4)",
      "signal": "FCF MARGIN EXPANSION",
      "detail": "FCF margin: +8.2% -> +16.6% (+8.4%)",
      "severity": "MEDIUM"
    },
    {
      "quarter": "2022-12 (Q4)",
      "signal": "INCREMENTAL MARGIN (YoY)",
      "detail": "YoY Incr OPM: +146.4% vs year-ago OPM: +7.3%",
      "severity": "HIGH"
    },
    {
      "quarter": "2022-09 (Q3)",
      "signal": "YoY REVENUE GROWTH ACCELERATION",
      "detail": "YoY growth: +10.6% vs prior quarter YoY: +5.0% (accel: +5.6%)",
      "severity": "MEDIUM"
    },
    {
      "quarter": "2022-06 (Q2)",
      "signal": "OPERATING LEVERAGE",
      "detail": "Rev growth +14.4% vs OpEx growth +2.0% (leverage: 7.3x)",
      "severity": "MEDIUM"
    },
    {
      "quarter": "2022-06 (Q2)",
      "signal": "INCREMENTAL MARGIN (YoY)",
      "detail": "YoY Incr OPM: +173.4% vs year-ago OPM: +18.3%",
      "severity": "HIGH"
    },
    {
      "quarter": "2022-03 (Q1)",
      "signal": "YoY REVENUE GROWTH DECELERATION",
      "detail": "YoY growth: +1.4% vs prior quarter YoY: +7.1% (decel: -5.7%)",
      "severity": "WARNING"
    },
    {
      "quarter": "2021-09 (Q3)",
      "signal": "FCF MARGIN EXPANSION",
      "detail": "FCF margin: +20.2% -> +25.9% (+5.6%)",
      "severity": "MEDIUM"
    }
  ],
  "data_quality": {
    "n_quarters": 20,
    "coverage": {
      "revenue": [
        20,
        20
      ],
      "gross_profit": [
        20,
        20
      ],
      "op_income": [
        20,
        20
      ],
      "fcf": [
        20,
        20
      ]
    },
    "gaps": [],
    "warnings": []
  },
  "market_cap": null,
  "source": "SEC EDGAR",
  "last_updated": "2026-02-02T20:32:21.579966",
  "sector": "Healthcare",
  "industry": "Medical Devices"
}