{
  "ticker": "GMGI",
  "name": "Golden Matrix Group, Inc.",
  "quarters": [
    {
      "date": "2021-10-31T00:00:00",
      "quarter_label": "2021-10 (Q4)",
      "revenue": 3443460,
      "gross_profit": 928958,
      "operating_income": null,
      "net_income": null,
      "opex": null,
      "cogs": 2514502,
      "rd": null,
      "sga": null,
      "fcf": -101215,
      "ocf": -101215,
      "capex": null,
      "gross_margin": 0.2697745871884674,
      "op_margin": null,
      "fcf_margin": -0.029393400823590227
    },
    {
      "date": "2022-01-31T00:00:00",
      "quarter_label": "2022-01 (Q1)",
      "revenue": 8877105,
      "gross_profit": 2024103,
      "operating_income": 403958,
      "net_income": 413671,
      "opex": 1620145,
      "cogs": 6853002,
      "rd": 20212,
      "sga": null,
      "fcf": 1841399,
      "ocf": 1841399,
      "capex": null,
      "gross_margin": 0.228013862627512,
      "op_margin": 0.045505601206699706,
      "fcf_margin": 0.20743237801062395,
      "fcf_margin_change": 0.23682577883421418
    },
    {
      "date": "2022-04-30T00:00:00",
      "quarter_label": "2022-04 (Q2)",
      "revenue": 8482743,
      "gross_profit": 2540562,
      "operating_income": 758534,
      "net_income": 701449,
      "opex": 1782028,
      "cogs": 8273169,
      "rd": 1200,
      "sga": null,
      "fcf": 764397,
      "ocf": 764397,
      "capex": null,
      "gross_margin": 0.2994976978555168,
      "op_margin": 0.08942083946195234,
      "fcf_margin": 0.09011200740137948,
      "fcf_margin_change": -0.11732037060924447
    },
    {
      "date": "2022-07-31T00:00:00",
      "quarter_label": "2022-07 (Q3)",
      "revenue": 9101541,
      "gross_profit": 2481024,
      "operating_income": 729312,
      "net_income": 628332,
      "opex": 1751712,
      "cogs": 6620517,
      "rd": 570,
      "sga": null,
      "fcf": 50630,
      "ocf": 54536,
      "capex": -3906,
      "gross_margin": 0.27259383877960885,
      "op_margin": 0.08013060645444546,
      "fcf_margin": 0.005562794256489093,
      "op_leverage_ratio": Infinity,
      "fcf_margin_change": -0.08454921314489039
    },
    {
      "date": "2022-10-31T00:00:00",
      "quarter_label": "2022-10 (Q4)",
      "revenue": 9573467,
      "gross_profit": 2116938,
      "operating_income": -1699312,
      "net_income": -1814733,
      "opex": 3816250,
      "cogs": 7456529,
      "rd": 1110,
      "sga": null,
      "fcf": 110069,
      "ocf": 111086,
      "capex": -1017,
      "gross_margin": 0.22112553372774985,
      "op_margin": -0.17750225701932226,
      "fcf_margin": 0.011497297687452205,
      "rev_growth_yoy": 1.7801882408972372,
      "op_leverage_ratio": 0.04399454181917943,
      "fcf_margin_change": 0.005934503430963111
    },
    {
      "date": "2023-01-31T00:00:00",
      "quarter_label": "2023-01 (Q1)",
      "revenue": 10777679,
      "gross_profit": 2443034,
      "operating_income": -328955,
      "net_income": -443521,
      "opex": 2771989,
      "cogs": 8334645,
      "rd": null,
      "sga": null,
      "fcf": 399720,
      "ocf": 401653,
      "capex": -1933,
      "gross_margin": 0.22667533519972158,
      "op_margin": -0.03052187766957988,
      "fcf_margin": 0.03708776258784475,
      "incr_op_margin_yoy": -0.3856271842085601,
      "rev_growth_yoy": 0.21409840257606505,
      "rev_growth_yoy_accel": -1.566089838321172,
      "op_leverage_ratio": Infinity,
      "fcf_margin_change": 0.025590464900392546
    },
    {
      "date": "2023-04-30T00:00:00",
      "quarter_label": "2023-04 (Q2)",
      "revenue": 10308359,
      "gross_profit": 2059982,
      "operating_income": -490733,
      "net_income": -533753,
      "opex": 2550715,
      "cogs": 8248377,
      "rd": null,
      "sga": null,
      "fcf": 324838,
      "ocf": 335471,
      "capex": -10633,
      "gross_margin": 0.1998360747816408,
      "op_margin": -0.04760534630196717,
      "fcf_margin": 0.03151209615419874,
      "incr_op_margin_yoy": -0.6842988887038677,
      "rev_growth_yoy": 0.21521529062002703,
      "rev_growth_yoy_accel": 0.0011168880439619833,
      "fcf_margin_change": -0.005575666433646008
    },
    {
      "date": "2023-06-30T00:00:00",
      "quarter_label": "2023-06 (Q2)",
      "revenue": 22578810,
      "gross_profit": 16537896,
      "operating_income": 3927591,
      "net_income": 3716340,
      "opex": 12610305,
      "cogs": 6040914,
      "rd": null,
      "sga": 12610305,
      "fcf": null,
      "ocf": null,
      "capex": null,
      "gross_margin": 0.7324520645685048,
      "op_margin": 0.17395031004734085,
      "fcf_margin": null,
      "incr_op_margin_yoy": 0.23730913139746634,
      "rev_growth_yoy": 1.4807678172300713,
      "rev_growth_yoy_accel": 1.2655525266100442,
      "op_leverage_ratio": 0.3018232187173412
    },
    {
      "date": "2023-07-31T00:00:00",
      "quarter_label": "2023-07 (Q3)",
      "revenue": 11307026,
      "gross_profit": 2135177,
      "operating_income": -892099,
      "net_income": -965628,
      "opex": 3027276,
      "cogs": 9171849,
      "rd": null,
      "sga": null,
      "fcf": 321498,
      "ocf": 321507,
      "capex": -9,
      "gross_margin": 0.18883630408208135,
      "op_margin": -0.07889775790734009,
      "fcf_margin": 0.028433471365503185,
      "incr_op_margin_yoy": -0.7351720823310972,
      "rev_growth_yoy": 0.24231995439014117,
      "rev_growth_yoy_accel": -1.2384478628399302
    },
    {
      "date": "2023-09-30T00:00:00",
      "quarter_label": "2023-09 (Q3)",
      "revenue": 22209657,
      "gross_profit": 16092969,
      "operating_income": 3229707,
      "net_income": 3478289,
      "opex": 12863262,
      "cogs": 6116688,
      "rd": null,
      "sga": 12863262,
      "fcf": 4395615,
      "ocf": 5162074,
      "capex": -766459,
      "gross_margin": 0.7245933154213052,
      "op_margin": 0.1454190400148908,
      "fcf_margin": 0.1979145828321437,
      "incr_op_margin_yoy": 0.39007161177538485,
      "rev_growth_yoy": 1.3199178521219115,
      "rev_growth_yoy_accel": 1.0775978977317704,
      "op_leverage_ratio": 0.296767978726463,
      "fcf_margin_change": 0.16948111146664052
    },
    {
      "date": "2023-10-31T00:00:00",
      "quarter_label": "2023-10 (Q4)",
      "revenue": 11780988,
      "gross_profit": 3230678,
      "operating_income": 1185540,
      "net_income": 770152,
      "opex": 2045138,
      "cogs": 8550310,
      "rd": null,
      "sga": null,
      "fcf": 1147846,
      "ocf": 1147736,
      "capex": 110,
      "gross_margin": 0.2742281037889182,
      "op_margin": 0.1006316278397024,
      "fcf_margin": 0.09743206596933976,
      "incr_op_margin_yoy": 1.3068287912096872,
      "rev_growth_yoy": 0.2305874141520517,
      "rev_growth_yoy_accel": -1.0893304379698598,
      "fcf_margin_change": -0.10048251686280393
    },
    {
      "date": "2023-12-31T00:00:00",
      "quarter_label": "2023-12 (Q4)",
      "revenue": 25268742,
      "gross_profit": 18461709,
      "operating_income": 1774734,
      "net_income": 1987645,
      "opex": 16686975,
      "cogs": 6807033,
      "rd": null,
      "sga": 16686975,
      "fcf": 6096531,
      "ocf": 8370107,
      "capex": -2273576,
      "gross_margin": 0.7306144880500977,
      "op_margin": 0.07023436307197248,
      "fcf_margin": 0.24126768954307262,
      "incr_op_margin_yoy": 0.14517147568815345,
      "rev_growth_yoy": 1.3445439412326161,
      "rev_growth_yoy_accel": 1.1139565270805645,
      "op_leverage_ratio": 0.15991344275106595,
      "fcf_margin_change": 0.14383562357373286
    },
    {
      "date": "2024-01-31T00:00:00",
      "quarter_label": "2024-01 (Q1)",
      "revenue": 11843882,
      "gross_profit": 3375260,
      "operating_income": 279204,
      "net_income": 74505,
      "opex": 3096056,
      "cogs": 8468622,
      "rd": null,
      "sga": null,
      "fcf": 6664,
      "ocf": 8175,
      "capex": -1511,
      "gross_margin": 0.2849791985431804,
      "op_margin": 0.023573689775024775,
      "fcf_margin": 0.0005626533597683597,
      "incr_op_margin_yoy": 0.5703970069489581,
      "rev_growth_yoy": 0.0989269582068644,
      "rev_growth_yoy_accel": -1.2456169830257517,
      "fcf_margin_change": -0.24070503618330427
    },
    {
      "date": "2024-03-31T00:00:00",
      "quarter_label": "2024-03 (Q1)",
      "revenue": 24850587,
      "gross_profit": 17691930,
      "operating_income": 3694121,
      "net_income": 3990734,
      "opex": 13997809,
      "cogs": 7158657,
      "rd": null,
      "sga": 13997809,
      "fcf": 3525629,
      "ocf": 4457874,
      "capex": -932245,
      "gross_margin": 0.7119320762926042,
      "op_margin": 0.14865326923665828,
      "fcf_margin": 0.14187306722372392,
      "incr_op_margin_yoy": 0.28777254764538146,
      "rev_growth_yoy": 1.4107219199486554,
      "rev_growth_yoy_accel": 1.311794961741791,
      "op_leverage_ratio": 0.31187868023815185,
      "fcf_margin_change": 0.14131041386395557
    },
    {
      "date": "2024-06-30T00:00:00",
      "quarter_label": "2024-06 (Q2)",
      "revenue": 39415242,
      "gross_profit": 21685542,
      "operating_income": 125112,
      "net_income": 15626,
      "opex": 21560430,
      "cogs": 17729700,
      "rd": null,
      "sga": 21560430,
      "fcf": -2495728,
      "ocf": -1904480,
      "capex": -591248,
      "gross_margin": 0.5501816277063578,
      "op_margin": 0.003174203522586516,
      "fcf_margin": -0.063318855177903,
      "incr_op_margin_yoy": -0.22584826761394575,
      "rev_growth_yoy": 0.7456740191356409,
      "rev_growth_yoy_accel": -0.6650479008130145,
      "op_leverage_ratio": 1.0848039976592,
      "fcf_margin_change": -0.20519192240162692
    },
    {
      "date": "2024-09-30T00:00:00",
      "quarter_label": "2024-09 (Q3)",
      "revenue": 40992329,
      "gross_profit": 22403167,
      "operating_income": -976383,
      "net_income": -3405564,
      "opex": 23379550,
      "cogs": 18589162,
      "rd": null,
      "sga": 23379550,
      "fcf": 2307565,
      "ocf": 4763705,
      "capex": -2456140,
      "gross_margin": 0.5465209600557216,
      "op_margin": -0.02381867592836699,
      "fcf_margin": 0.056292605379899247,
      "incr_op_margin_yoy": -0.22393459247970682,
      "rev_growth_yoy": 0.845698427490348,
      "rev_growth_yoy_accel": 0.10002440835470705,
      "op_leverage_ratio": 0.4742283618363337,
      "fcf_margin_change": 0.11961146055780225
    },
    {
      "date": "2024-12-31T00:00:00",
      "quarter_label": "2024-12 (Q4)",
      "revenue": 45857374,
      "gross_profit": 26791486,
      "operating_income": -99146,
      "net_income": -2130344,
      "opex": 26890632,
      "cogs": 19065888,
      "rd": null,
      "sga": 26890632,
      "fcf": 13414227,
      "ocf": 16599327,
      "capex": -3185100,
      "gross_margin": 0.5842350676251109,
      "op_margin": -0.0021620514074791983,
      "fcf_margin": 0.2925206096624722,
      "incr_op_margin_yoy": -0.09101527483710428,
      "rev_growth_yoy": 0.8147865849435638,
      "rev_growth_yoy_accel": -0.03091184254678414,
      "op_leverage_ratio": 0.7902771835993037,
      "fcf_margin_change": 0.23622800428257293
    },
    {
      "date": "2025-03-31T00:00:00",
      "quarter_label": "2025-03 (Q1)",
      "revenue": 42723053,
      "gross_profit": 24195961,
      "operating_income": -106017,
      "net_income": -231608,
      "opex": 24301978,
      "cogs": 18527092,
      "rd": null,
      "sga": 24301978,
      "fcf": 6632213,
      "ocf": 7739637,
      "capex": -1107424,
      "gross_margin": 0.566344380866227,
      "op_margin": -0.002481494007462435,
      "fcf_margin": 0.15523733755637734,
      "incr_op_margin_yoy": -0.21262527510193613,
      "rev_growth_yoy": 0.7191969348651603,
      "rev_growth_yoy_accel": -0.09558965007840348,
      "fcf_margin_change": -0.13728327210609484
    },
    {
      "date": "2025-06-30T00:00:00",
      "quarter_label": "2025-06 (Q2)",
      "revenue": 43245368,
      "gross_profit": 24377019,
      "operating_income": -2304850,
      "net_income": -3584345,
      "opex": 26681869,
      "cogs": 18868349,
      "rd": null,
      "sga": 26681869,
      "fcf": -89363,
      "ocf": 2377530,
      "capex": -2466893,
      "gross_margin": 0.5636908674242291,
      "op_margin": -0.053297037500062434,
      "fcf_margin": -0.002066417841559355,
      "incr_op_margin_yoy": -0.6344339585695092,
      "rev_growth_yoy": 0.09717372786903097,
      "rev_growth_yoy_accel": -0.6220232069961293,
      "op_leverage_ratio": 0.12484029177582129,
      "fcf_margin_change": -0.1573037553979367
    },
    {
      "date": "2025-09-30T00:00:00",
      "quarter_label": "2025-09 (Q3)",
      "revenue": 47316308,
      "gross_profit": 26386423,
      "operating_income": -387621,
      "net_income": 566014,
      "opex": 26774044,
      "cogs": 20929885,
      "rd": null,
      "sga": 26774044,
      "fcf": 6182488,
      "ocf": 7032428,
      "capex": -849940,
      "gross_margin": 0.557660225730207,
      "op_margin": -0.008192122682099373,
      "fcf_margin": 0.1306629418339233,
      "incr_op_margin_yoy": 0.09309992964872274,
      "rev_growth_yoy": 0.15427225420639065,
      "rev_growth_yoy_accel": 0.05709852633735968,
      "op_leverage_ratio": 27.249479161079417,
      "fcf_margin_change": 0.13272935967548266
    }
  ],
  "signals": [
    {
      "quarter": "2025-09 (Q3)",
      "signal": "FCF TURNED POSITIVE",
      "detail": "FCF margin: -0.2% -> +13.1%",
      "severity": "HIGH"
    },
    {
      "quarter": "2025-09 (Q3)",
      "signal": "OPERATING LEVERAGE",
      "detail": "Rev growth +9.4% vs OpEx growth +0.3% (leverage: 27.2x)",
      "severity": "MEDIUM"
    },
    {
      "quarter": "2025-09 (Q3)",
      "signal": "YoY REVENUE GROWTH ACCELERATION",
      "detail": "YoY growth: +15.4% vs prior quarter YoY: +9.7% (accel: +5.7%)",
      "severity": "MEDIUM"
    },
    {
      "quarter": "2025-06 (Q2)",
      "signal": "YoY REVENUE GROWTH DECELERATION",
      "detail": "YoY growth: +9.7% vs prior quarter YoY: +71.9% (decel: -62.2%)",
      "severity": "WARNING"
    },
    {
      "quarter": "2025-03 (Q1)",
      "signal": "YoY REVENUE GROWTH DECELERATION",
      "detail": "YoY growth: +71.9% vs prior quarter YoY: +81.5% (decel: -9.6%)",
      "severity": "WARNING"
    },
    {
      "quarter": "2024-12 (Q4)",
      "signal": "FCF MARGIN EXPANSION",
      "detail": "FCF margin: +5.6% -> +29.3% (+23.6%)",
      "severity": "MEDIUM"
    },
    {
      "quarter": "2024-12 (Q4)",
      "signal": "GROSS MARGIN INFLECTION",
      "detail": "GM: +55.0% -> +54.7% -> +58.4% (reversal +3.8%)",
      "severity": "MEDIUM"
    },
    {
      "quarter": "2024-09 (Q3)",
      "signal": "FCF TURNED POSITIVE",
      "detail": "FCF margin: -6.3% -> +5.6%",
      "severity": "HIGH"
    },
    {
      "quarter": "2024-09 (Q3)",
      "signal": "YoY REVENUE GROWTH ACCELERATION",
      "detail": "YoY growth: +84.6% vs prior quarter YoY: +74.6% (accel: +10.0%)",
      "severity": "MEDIUM"
    },
    {
      "quarter": "2024-06 (Q2)",
      "signal": "YoY REVENUE GROWTH DECELERATION",
      "detail": "YoY growth: +74.6% vs prior quarter YoY: +141.1% (decel: -66.5%)",
      "severity": "WARNING"
    },
    {
      "quarter": "2024-03 (Q1)",
      "signal": "FCF MARGIN EXPANSION",
      "detail": "FCF margin: +0.1% -> +14.2% (+14.1%)",
      "severity": "MEDIUM"
    },
    {
      "quarter": "2024-03 (Q1)",
      "signal": "GROSS MARGIN INFLECTION",
      "detail": "GM: +73.1% -> +28.5% -> +71.2% (reversal +42.7%)",
      "severity": "HIGH"
    },
    {
      "quarter": "2024-03 (Q1)",
      "signal": "YoY REVENUE GROWTH ACCELERATION",
      "detail": "YoY growth: +141.1% vs prior quarter YoY: +9.9% (accel: +131.2%)",
      "severity": "HIGH"
    },
    {
      "quarter": "2024-03 (Q1)",
      "signal": "OP MARGIN TURNED POSITIVE (YoY)",
      "detail": "Op margin: -4.8% (year-ago) -> +14.9%",
      "severity": "HIGH"
    },
    {
      "quarter": "2024-01 (Q1)",
      "signal": "YoY REVENUE GROWTH DECELERATION",
      "detail": "YoY growth: +9.9% vs prior quarter YoY: +134.5% (decel: -124.6%)",
      "severity": "WARNING"
    },
    {
      "quarter": "2024-01 (Q1)",
      "signal": "OP MARGIN TURNED POSITIVE (YoY)",
      "detail": "Op margin: -3.1% (year-ago) -> +2.4%",
      "severity": "HIGH"
    },
    {
      "quarter": "2023-12 (Q4)",
      "signal": "FCF MARGIN EXPANSION",
      "detail": "FCF margin: +9.7% -> +24.1% (+14.4%)",
      "severity": "MEDIUM"
    },
    {
      "quarter": "2023-12 (Q4)",
      "signal": "GROSS MARGIN INFLECTION",
      "detail": "GM: +72.5% -> +27.4% -> +73.1% (reversal +45.6%)",
      "severity": "HIGH"
    },
    {
      "quarter": "2023-12 (Q4)",
      "signal": "YoY REVENUE GROWTH ACCELERATION",
      "detail": "YoY growth: +134.5% vs prior quarter YoY: +23.1% (accel: +111.4%)",
      "severity": "HIGH"
    },
    {
      "quarter": "2023-12 (Q4)",
      "signal": "OP MARGIN TURNED POSITIVE (YoY)",
      "detail": "Op margin: -3.1% (year-ago) -> +7.0%",
      "severity": "HIGH"
    },
    {
      "quarter": "2023-10 (Q4)",
      "signal": "YoY REVENUE GROWTH DECELERATION",
      "detail": "YoY growth: +23.1% vs prior quarter YoY: +132.0% (decel: -108.9%)",
      "severity": "WARNING"
    },
    {
      "quarter": "2023-10 (Q4)",
      "signal": "OP MARGIN TURNED POSITIVE (YoY)",
      "detail": "Op margin: -17.8% (year-ago) -> +10.1%",
      "severity": "HIGH"
    },
    {
      "quarter": "2023-09 (Q3)",
      "signal": "FCF MARGIN EXPANSION",
      "detail": "FCF margin: +2.8% -> +19.8% (+16.9%)",
      "severity": "MEDIUM"
    },
    {
      "quarter": "2023-09 (Q3)",
      "signal": "GROSS MARGIN INFLECTION",
      "detail": "GM: +73.2% -> +18.9% -> +72.5% (reversal +53.6%)",
      "severity": "HIGH"
    },
    {
      "quarter": "2023-09 (Q3)",
      "signal": "YoY REVENUE GROWTH ACCELERATION",
      "detail": "YoY growth: +132.0% vs prior quarter YoY: +24.2% (accel: +107.8%)",
      "severity": "HIGH"
    },
    {
      "quarter": "2023-09 (Q3)",
      "signal": "OP MARGIN TURNED POSITIVE (YoY)",
      "detail": "Op margin: -17.8% (year-ago) -> +14.5%",
      "severity": "HIGH"
    },
    {
      "quarter": "2023-09 (Q3)",
      "signal": "OP MARGIN TURNED POSITIVE (QoQ)",
      "detail": "Op margin: -7.9% -> +14.5%",
      "severity": "HIGH"
    },
    {
      "quarter": "2023-07 (Q3)",
      "signal": "YoY REVENUE GROWTH DECELERATION",
      "detail": "YoY growth: +24.2% vs prior quarter YoY: +148.1% (decel: -123.8%)",
      "severity": "WARNING"
    },
    {
      "quarter": "2023-06 (Q2)",
      "signal": "GROSS MARGIN INFLECTION",
      "detail": "GM: +22.7% -> +20.0% -> +73.2% (reversal +53.3%)",
      "severity": "HIGH"
    },
    {
      "quarter": "2023-06 (Q2)",
      "signal": "YoY REVENUE GROWTH ACCELERATION",
      "detail": "YoY growth: +148.1% vs prior quarter YoY: +21.5% (accel: +126.6%)",
      "severity": "HIGH"
    },
    {
      "quarter": "2023-06 (Q2)",
      "signal": "INCREMENTAL MARGIN (YoY)",
      "detail": "YoY Incr OPM: +23.7% vs year-ago OPM: +8.0%",
      "severity": "MEDIUM"
    },
    {
      "quarter": "2023-06 (Q2)",
      "signal": "OP MARGIN TURNED POSITIVE (QoQ)",
      "detail": "Op margin: -4.8% -> +17.4%",
      "severity": "HIGH"
    },
    {
      "quarter": "2023-01 (Q1)",
      "signal": "YoY REVENUE GROWTH DECELERATION",
      "detail": "YoY growth: +21.4% vs prior quarter YoY: +178.0% (decel: -156.6%)",
      "severity": "WARNING"
    },
    {
      "quarter": "2022-04 (Q2)",
      "signal": "GROSS MARGIN INFLECTION",
      "detail": "GM: +27.0% -> +22.8% -> +29.9% (reversal +7.1%)",
      "severity": "HIGH"
    },
    {
      "quarter": "2022-01 (Q1)",
      "signal": "FCF TURNED POSITIVE",
      "detail": "FCF margin: -2.9% -> +20.7%",
      "severity": "HIGH"
    }
  ],
  "data_quality": {
    "n_quarters": 20,
    "coverage": {
      "revenue": [
        20,
        20
      ],
      "gross_profit": [
        20,
        20
      ],
      "op_income": [
        19,
        20
      ],
      "fcf": [
        19,
        20
      ]
    },
    "gaps": [],
    "warnings": []
  },
  "market_cap": null,
  "source": "SEC EDGAR",
  "last_updated": "2026-02-02T23:21:31.517920",
  "sector": "Communication Services",
  "industry": "Electronic Gaming & Multimedia"
}