{
  "ticker": "GNE",
  "name": "Genie Energy Ltd.",
  "quarters": [
    {
      "date": "2020-12-31T00:00:00",
      "quarter_label": "2020-12 (Q4)",
      "revenue": 102860000,
      "gross_profit": 21977000,
      "operating_income": -1091000,
      "net_income": -1369000,
      "opex": 23068000,
      "cogs": 80883000,
      "rd": null,
      "sga": 22664000,
      "fcf": -919000,
      "ocf": -919000,
      "capex": null,
      "gross_margin": 0.21365934279603344,
      "op_margin": -0.010606649815282908,
      "fcf_margin": -0.008934474042387711
    },
    {
      "date": "2021-03-31T00:00:00",
      "quarter_label": "2021-03 (Q1)",
      "revenue": 135341000,
      "gross_profit": 17529000,
      "operating_income": -6575000,
      "net_income": -1986000,
      "opex": 24104000,
      "cogs": 117812000,
      "rd": null,
      "sga": 24104000,
      "fcf": -9973000,
      "ocf": -9953000,
      "capex": -20000,
      "gross_margin": 0.12951729335530254,
      "op_margin": -0.04858099171721799,
      "fcf_margin": -0.07368794378643574,
      "op_leverage_ratio": 7.031258403482787,
      "fcf_margin_change": -0.06475346974404803
    },
    {
      "date": "2021-06-30T00:00:00",
      "quarter_label": "2021-06 (Q2)",
      "revenue": 97706000,
      "gross_profit": 23766000,
      "operating_income": 1356000,
      "net_income": 5367000,
      "opex": 22410000,
      "cogs": 73940000,
      "rd": null,
      "sga": 22410000,
      "fcf": 4021000,
      "ocf": 4081000,
      "capex": -60000,
      "gross_margin": 0.24323992385319224,
      "op_margin": 0.013878369803287414,
      "fcf_margin": 0.04115407446830287,
      "fcf_margin_change": 0.11484201825473861
    },
    {
      "date": "2021-09-30T00:00:00",
      "quarter_label": "2021-09 (Q3)",
      "revenue": 113164000,
      "gross_profit": 42376000,
      "operating_income": 6873000,
      "net_income": -2286000,
      "opex": 35503000,
      "cogs": 70788000,
      "rd": null,
      "sga": 28853000,
      "fcf": 5880000,
      "ocf": 5958000,
      "capex": -78000,
      "gross_margin": 0.3744653776819483,
      "op_margin": 0.06073486267717649,
      "fcf_margin": 0.05195998727510516,
      "op_leverage_ratio": 0.2707913314369074,
      "fcf_margin_change": 0.010805912806802292
    },
    {
      "date": "2021-12-31T00:00:00",
      "quarter_label": "2021-12 (Q4)",
      "revenue": 17514000,
      "gross_profit": 21190000,
      "operating_income": 31436000,
      "net_income": 28118000,
      "opex": -10246000,
      "cogs": -3676000,
      "rd": null,
      "sga": -3596000,
      "fcf": 68296000,
      "ocf": 68296000,
      "capex": null,
      "gross_margin": 1.2098892314719654,
      "op_margin": 1.794906931597579,
      "fcf_margin": 3.8995089642571656,
      "incr_op_margin_yoy": -0.3811192088674337,
      "rev_growth_yoy": -0.8297297297297297,
      "fcf_margin_change": 3.8475489769820603
    },
    {
      "date": "2022-03-31T00:00:00",
      "quarter_label": "2022-03 (Q1)",
      "revenue": 98529000,
      "gross_profit": 45542000,
      "operating_income": 24433000,
      "net_income": 17889000,
      "opex": 21109000,
      "cogs": 52987000,
      "rd": null,
      "sga": 21109000,
      "fcf": 18281000,
      "ocf": 18340000,
      "capex": -59000,
      "gross_margin": 0.4622192450953526,
      "op_margin": 0.24797775274284728,
      "fcf_margin": 0.1855392828507343,
      "incr_op_margin_yoy": -0.8423340215147235,
      "rev_growth_yoy": -0.27199444366452147,
      "rev_growth_yoy_accel": 0.5577352860652083,
      "op_leverage_ratio": Infinity,
      "fcf_margin_change": -3.7139696814064314
    },
    {
      "date": "2022-06-30T00:00:00",
      "quarter_label": "2022-06 (Q2)",
      "revenue": 75026000,
      "gross_profit": 67474000,
      "operating_income": 48476000,
      "net_income": 34479000,
      "opex": 18998000,
      "cogs": 7552000,
      "rd": null,
      "sga": 18998000,
      "fcf": 9210000,
      "ocf": 9211000,
      "capex": -1000,
      "gross_margin": 0.8993415615919814,
      "op_margin": 0.6461226774718097,
      "fcf_margin": 0.12275744408605017,
      "incr_op_margin_yoy": -2.0776014109347445,
      "rev_growth_yoy": -0.23212494626737354,
      "rev_growth_yoy_accel": 0.03986949739714793,
      "fcf_margin_change": -0.06278183876468411
    },
    {
      "date": "2022-09-30T00:00:00",
      "quarter_label": "2022-09 (Q3)",
      "revenue": 81285000,
      "gross_profit": 43143000,
      "operating_income": 23538000,
      "net_income": 18768000,
      "opex": 19605000,
      "cogs": 38142000,
      "rd": null,
      "sga": 19605000,
      "fcf": 24549000,
      "ocf": 25547000,
      "capex": -998000,
      "gross_margin": 0.5307621332349142,
      "op_margin": 0.2895737220889463,
      "fcf_margin": 0.3020114412253183,
      "incr_op_margin_yoy": -0.5227579284168261,
      "rev_growth_yoy": -0.2817061963168499,
      "rev_growth_yoy_accel": -0.04958125004947636,
      "op_leverage_ratio": 2.611032941858574,
      "fcf_margin_change": 0.17925399713926815
    },
    {
      "date": "2022-12-31T00:00:00",
      "quarter_label": "2022-12 (Q4)",
      "revenue": 81388000,
      "gross_profit": 34714000,
      "operating_income": 15482000,
      "net_income": 16669000,
      "opex": 19232000,
      "cogs": 46676000,
      "rd": null,
      "sga": 17166000,
      "fcf": 27586000,
      "ocf": 27586000,
      "capex": null,
      "gross_margin": 0.4265247948100457,
      "op_margin": 0.1902246031355974,
      "fcf_margin": 0.3389443161153978,
      "incr_op_margin_yoy": -0.24977299057519492,
      "rev_growth_yoy": 3.6470252369532945,
      "rev_growth_yoy_accel": 3.928731433270144,
      "fcf_margin_change": 0.036932874890079515
    },
    {
      "date": "2023-03-31T00:00:00",
      "quarter_label": "2023-03 (Q1)",
      "revenue": 105276000,
      "gross_profit": 33286000,
      "operating_income": 11275000,
      "net_income": 14431000,
      "opex": 22011000,
      "cogs": 71990000,
      "rd": null,
      "sga": 22011000,
      "fcf": 11136000,
      "ocf": 11234000,
      "capex": -98000,
      "gross_margin": 0.3161784262319997,
      "op_margin": 0.10709943386906798,
      "fcf_margin": 0.10577909495041606,
      "incr_op_margin_yoy": -1.9502000889284126,
      "rev_growth_yoy": 0.06847730109916877,
      "rev_growth_yoy_accel": -3.5785479358541257,
      "op_leverage_ratio": 2.0312122989273913,
      "fcf_margin_change": -0.23316522116498178
    },
    {
      "date": "2023-06-30T00:00:00",
      "quarter_label": "2023-06 (Q2)",
      "revenue": 93463000,
      "gross_profit": 38208000,
      "operating_income": 15035000,
      "net_income": 15156000,
      "opex": 23173000,
      "cogs": 55255000,
      "rd": null,
      "sga": 23173000,
      "fcf": 8543000,
      "ocf": 9006000,
      "capex": -463000,
      "gross_margin": 0.40880348373153014,
      "op_margin": 0.16086579716037364,
      "fcf_margin": 0.09140515498111552,
      "incr_op_margin_yoy": -1.8137983402939741,
      "rev_growth_yoy": 0.24574147628822007,
      "rev_growth_yoy_accel": 0.1772641751890513,
      "fcf_margin_change": -0.014373939969300531
    },
    {
      "date": "2023-09-30T00:00:00",
      "quarter_label": "2023-09 (Q3)",
      "revenue": 125049000,
      "gross_profit": 41082000,
      "operating_income": 17886000,
      "net_income": 14459000,
      "opex": 23196000,
      "cogs": 83967000,
      "rd": null,
      "sga": 23196000,
      "fcf": 31465000,
      "ocf": 31782000,
      "capex": -317000,
      "gross_margin": 0.3285272173308063,
      "op_margin": 0.14303193148285873,
      "fcf_margin": 0.2516213644251453,
      "incr_op_margin_yoy": -0.1291472443103921,
      "rev_growth_yoy": 0.5384019191732792,
      "rev_growth_yoy_accel": 0.2926604428850591,
      "op_leverage_ratio": Infinity,
      "fcf_margin_change": 0.1602162094440298
    },
    {
      "date": "2023-12-31T00:00:00",
      "quarter_label": "2023-12 (Q4)",
      "revenue": 104933000,
      "gross_profit": 33630000,
      "operating_income": -34175000,
      "net_income": -24508000,
      "opex": 67805000,
      "cogs": 71291000,
      "rd": null,
      "sga": 22729000,
      "fcf": 10456000,
      "ocf": 10456000,
      "capex": null,
      "gross_margin": 0.32049021756740015,
      "op_margin": -0.32568400789074936,
      "fcf_margin": 0.09964453508429189,
      "incr_op_margin_yoy": -2.109025270758123,
      "rev_growth_yoy": 0.2892932619059321,
      "rev_growth_yoy_accel": -0.2491086572673471,
      "fcf_margin_change": -0.15197682934085344
    },
    {
      "date": "2024-03-31T00:00:00",
      "quarter_label": "2024-03 (Q1)",
      "revenue": 119688000,
      "gross_profit": 33786000,
      "operating_income": 9849000,
      "net_income": 8123000,
      "opex": 23937000,
      "cogs": 85902000,
      "rd": null,
      "sga": 22901000,
      "fcf": 11720000,
      "ocf": 12926000,
      "capex": -1206000,
      "gross_margin": 0.2822839382394225,
      "op_margin": 0.08228895127331061,
      "fcf_margin": 0.09792126194773076,
      "incr_op_margin_yoy": -0.09894532334165973,
      "rev_growth_yoy": 0.13689729852957938,
      "rev_growth_yoy_accel": -0.1523959633763527,
      "op_leverage_ratio": Infinity,
      "fcf_margin_change": -0.001723273136561121
    },
    {
      "date": "2024-06-30T00:00:00",
      "quarter_label": "2024-06 (Q2)",
      "revenue": 90696000,
      "gross_profit": 33336000,
      "operating_income": 10563000,
      "net_income": 9612000,
      "opex": 22773000,
      "cogs": 57360000,
      "rd": null,
      "sga": 22015000,
      "fcf": 20053000,
      "ocf": 20409000,
      "capex": -356000,
      "gross_margin": 0.367557554908706,
      "op_margin": 0.11646599629531622,
      "fcf_margin": 0.22110126135661992,
      "incr_op_margin_yoy": 1.6161908203830864,
      "rev_growth_yoy": -0.029605298353359084,
      "rev_growth_yoy_accel": -0.16650259688293848,
      "fcf_margin_change": 0.12317999940888916
    },
    {
      "date": "2024-09-30T00:00:00",
      "quarter_label": "2024-09 (Q3)",
      "revenue": 111917000,
      "gross_profit": 37907000,
      "operating_income": 11676000,
      "net_income": 10199000,
      "opex": 26231000,
      "cogs": 74010000,
      "rd": null,
      "sga": 25160000,
      "fcf": 21946000,
      "ocf": 24409000,
      "capex": -2463000,
      "gross_margin": 0.3387063627509672,
      "op_margin": 0.10432731399161879,
      "fcf_margin": 0.19609174656218448,
      "incr_op_margin_yoy": 0.4728906487968322,
      "rev_growth_yoy": -0.10501483418499948,
      "rev_growth_yoy_accel": -0.0754095358316404,
      "op_leverage_ratio": 1.5408947268174509,
      "fcf_margin_change": -0.025009514794435445
    },
    {
      "date": "2024-12-31T00:00:00",
      "quarter_label": "2024-12 (Q4)",
      "revenue": 102902000,
      "gross_profit": 33454000,
      "operating_income": -20797000,
      "net_income": -15345000,
      "opex": 54251000,
      "cogs": 69447000,
      "rd": null,
      "sga": 23320000,
      "fcf": 12998000,
      "ocf": 12998000,
      "capex": null,
      "gross_margin": 0.3251054401275,
      "op_margin": -0.20210491535635847,
      "fcf_margin": 0.1263143573497114,
      "incr_op_margin_yoy": -6.586903003446578,
      "rev_growth_yoy": -0.019355207608664576,
      "rev_growth_yoy_accel": 0.0856596265763349,
      "fcf_margin_change": -0.06977738921247309
    },
    {
      "date": "2025-03-31T00:00:00",
      "quarter_label": "2025-03 (Q1)",
      "revenue": 136807000,
      "gross_profit": 37363000,
      "operating_income": 12831000,
      "net_income": null,
      "opex": 24532000,
      "cogs": 99444000,
      "rd": null,
      "sga": 23887000,
      "fcf": 13576000,
      "ocf": 15349000,
      "capex": -1773000,
      "gross_margin": 0.27310737023690307,
      "op_margin": 0.09378906050129014,
      "fcf_margin": 0.09923468828349427,
      "incr_op_margin_yoy": 0.17419241778141248,
      "rev_growth_yoy": 0.14303021188423234,
      "rev_growth_yoy_accel": 0.16238541949289692,
      "op_leverage_ratio": Infinity,
      "fcf_margin_change": -0.027079669066217116
    },
    {
      "date": "2025-06-30T00:00:00",
      "quarter_label": "2025-06 (Q2)",
      "revenue": 105251000,
      "gross_profit": 23480000,
      "operating_income": 2003000,
      "net_income": 2822000,
      "opex": 21477000,
      "cogs": 81771000,
      "rd": null,
      "sga": 21177000,
      "fcf": 1116000,
      "ocf": 1116000,
      "capex": null,
      "gross_margin": 0.2230857664060199,
      "op_margin": 0.01903069804562427,
      "fcf_margin": 0.010603224672449669,
      "incr_op_margin_yoy": -0.5881140501545861,
      "rev_growth_yoy": 0.1604811678574579,
      "rev_growth_yoy_accel": 0.017450955973225546,
      "fcf_margin_change": -0.0886314636110446
    },
    {
      "date": "2025-09-30T00:00:00",
      "quarter_label": "2025-09 (Q3)",
      "revenue": 138324000,
      "gross_profit": 30019000,
      "operating_income": 6934000,
      "net_income": 6743000,
      "opex": 23085000,
      "cogs": 108305000,
      "rd": null,
      "sga": 22615000,
      "fcf": 13932000,
      "ocf": 13932000,
      "capex": null,
      "gross_margin": 0.21701946155403257,
      "op_margin": 0.050128683381047395,
      "fcf_margin": 0.10072004858159105,
      "incr_op_margin_yoy": -0.17957359790964517,
      "rev_growth_yoy": 0.2359516427352413,
      "rev_growth_yoy_accel": 0.07547047487778341,
      "op_leverage_ratio": 4.196960992464779,
      "fcf_margin_change": 0.09011682390914137
    }
  ],
  "signals": [
    {
      "quarter": "2025-09 (Q3)",
      "signal": "FCF MARGIN EXPANSION",
      "detail": "FCF margin: +1.1% -> +10.1% (+9.0%)",
      "severity": "MEDIUM"
    },
    {
      "quarter": "2025-09 (Q3)",
      "signal": "OPERATING LEVERAGE",
      "detail": "Rev growth +31.4% vs OpEx growth +7.5% (leverage: 4.2x)",
      "severity": "MEDIUM"
    },
    {
      "quarter": "2025-09 (Q3)",
      "signal": "YoY REVENUE GROWTH ACCELERATION",
      "detail": "YoY growth: +23.6% vs prior quarter YoY: +16.0% (accel: +7.5%)",
      "severity": "MEDIUM"
    },
    {
      "quarter": "2025-03 (Q1)",
      "signal": "YoY REVENUE GROWTH ACCELERATION",
      "detail": "YoY growth: +14.3% vs prior quarter YoY: -1.9% (accel: +16.2%)",
      "severity": "HIGH"
    },
    {
      "quarter": "2025-03 (Q1)",
      "signal": "OP MARGIN TURNED POSITIVE (QoQ)",
      "detail": "Op margin: -20.2% -> +9.4%",
      "severity": "HIGH"
    },
    {
      "quarter": "2024-12 (Q4)",
      "signal": "YoY REVENUE GROWTH ACCELERATION",
      "detail": "YoY growth: -1.9% vs prior quarter YoY: -10.5% (accel: +8.6%)",
      "severity": "MEDIUM"
    },
    {
      "quarter": "2024-09 (Q3)",
      "signal": "OPERATING LEVERAGE",
      "detail": "Rev growth +23.4% vs OpEx growth +15.2% (leverage: 1.5x)",
      "severity": "MEDIUM"
    },
    {
      "quarter": "2024-09 (Q3)",
      "signal": "YoY REVENUE GROWTH DECELERATION",
      "detail": "YoY growth: -10.5% vs prior quarter YoY: -3.0% (decel: -7.5%)",
      "severity": "WARNING"
    },
    {
      "quarter": "2024-09 (Q3)",
      "signal": "INCREMENTAL MARGIN (YoY)",
      "detail": "YoY Incr OPM: +47.3% vs year-ago OPM: +14.3%",
      "severity": "HIGH"
    },
    {
      "quarter": "2024-06 (Q2)",
      "signal": "FCF MARGIN EXPANSION",
      "detail": "FCF margin: +9.8% -> +22.1% (+12.3%)",
      "severity": "MEDIUM"
    },
    {
      "quarter": "2024-06 (Q2)",
      "signal": "GROSS MARGIN INFLECTION",
      "detail": "GM: +32.0% -> +28.2% -> +36.8% (reversal +8.5%)",
      "severity": "HIGH"
    },
    {
      "quarter": "2024-06 (Q2)",
      "signal": "YoY REVENUE GROWTH DECELERATION",
      "detail": "YoY growth: -3.0% vs prior quarter YoY: +13.7% (decel: -16.7%)",
      "severity": "WARNING"
    },
    {
      "quarter": "2024-06 (Q2)",
      "signal": "INCREMENTAL MARGIN (YoY)",
      "detail": "YoY Incr OPM: +161.6% vs year-ago OPM: +16.1%",
      "severity": "HIGH"
    },
    {
      "quarter": "2024-03 (Q1)",
      "signal": "YoY REVENUE GROWTH DECELERATION",
      "detail": "YoY growth: +13.7% vs prior quarter YoY: +28.9% (decel: -15.2%)",
      "severity": "WARNING"
    },
    {
      "quarter": "2024-03 (Q1)",
      "signal": "OP MARGIN TURNED POSITIVE (QoQ)",
      "detail": "Op margin: -32.6% -> +8.2%",
      "severity": "HIGH"
    },
    {
      "quarter": "2023-12 (Q4)",
      "signal": "YoY REVENUE GROWTH DECELERATION",
      "detail": "YoY growth: +28.9% vs prior quarter YoY: +53.8% (decel: -24.9%)",
      "severity": "WARNING"
    },
    {
      "quarter": "2023-09 (Q3)",
      "signal": "FCF MARGIN EXPANSION",
      "detail": "FCF margin: +9.1% -> +25.2% (+16.0%)",
      "severity": "MEDIUM"
    },
    {
      "quarter": "2023-09 (Q3)",
      "signal": "OPERATING LEVERAGE",
      "detail": "Rev growth +33.8% vs OpEx growth +0.1% (leverage: 340.5x)",
      "severity": "MEDIUM"
    },
    {
      "quarter": "2023-09 (Q3)",
      "signal": "YoY REVENUE GROWTH ACCELERATION",
      "detail": "YoY growth: +53.8% vs prior quarter YoY: +24.6% (accel: +29.3%)",
      "severity": "HIGH"
    },
    {
      "quarter": "2023-06 (Q2)",
      "signal": "GROSS MARGIN INFLECTION",
      "detail": "GM: +42.7% -> +31.6% -> +40.9% (reversal +9.3%)",
      "severity": "HIGH"
    },
    {
      "quarter": "2023-06 (Q2)",
      "signal": "YoY REVENUE GROWTH ACCELERATION",
      "detail": "YoY growth: +24.6% vs prior quarter YoY: +6.8% (accel: +17.7%)",
      "severity": "HIGH"
    },
    {
      "quarter": "2023-03 (Q1)",
      "signal": "OPERATING LEVERAGE",
      "detail": "Rev growth +29.4% vs OpEx growth +14.4% (leverage: 2.0x)",
      "severity": "MEDIUM"
    },
    {
      "quarter": "2023-03 (Q1)",
      "signal": "YoY REVENUE GROWTH DECELERATION",
      "detail": "YoY growth: +6.8% vs prior quarter YoY: +364.7% (decel: -357.9%)",
      "severity": "WARNING"
    },
    {
      "quarter": "2022-12 (Q4)",
      "signal": "YoY REVENUE GROWTH ACCELERATION",
      "detail": "YoY growth: +364.7% vs prior quarter YoY: -28.2% (accel: +392.9%)",
      "severity": "HIGH"
    },
    {
      "quarter": "2022-09 (Q3)",
      "signal": "FCF MARGIN EXPANSION",
      "detail": "FCF margin: +12.3% -> +30.2% (+17.9%)",
      "severity": "MEDIUM"
    },
    {
      "quarter": "2022-09 (Q3)",
      "signal": "OPERATING LEVERAGE",
      "detail": "Rev growth +8.3% vs OpEx growth +3.2% (leverage: 2.6x)",
      "severity": "MEDIUM"
    },
    {
      "quarter": "2022-06 (Q2)",
      "signal": "GROSS MARGIN INFLECTION",
      "detail": "GM: +121.0% -> +46.2% -> +89.9% (reversal +43.7%)",
      "severity": "HIGH"
    },
    {
      "quarter": "2022-03 (Q1)",
      "signal": "YoY REVENUE GROWTH ACCELERATION",
      "detail": "YoY growth: -27.2% vs prior quarter YoY: -83.0% (accel: +55.8%)",
      "severity": "HIGH"
    },
    {
      "quarter": "2022-03 (Q1)",
      "signal": "OP MARGIN TURNED POSITIVE (YoY)",
      "detail": "Op margin: -4.9% (year-ago) -> +24.8%",
      "severity": "HIGH"
    },
    {
      "quarter": "2021-12 (Q4)",
      "signal": "FCF MARGIN EXPANSION",
      "detail": "FCF margin: +5.2% -> +390.0% (+384.8%)",
      "severity": "MEDIUM"
    },
    {
      "quarter": "2021-12 (Q4)",
      "signal": "OP MARGIN TURNED POSITIVE (YoY)",
      "detail": "Op margin: -1.1% (year-ago) -> +179.5%",
      "severity": "HIGH"
    },
    {
      "quarter": "2021-06 (Q2)",
      "signal": "FCF TURNED POSITIVE",
      "detail": "FCF margin: -7.4% -> +4.1%",
      "severity": "HIGH"
    },
    {
      "quarter": "2021-06 (Q2)",
      "signal": "GROSS MARGIN INFLECTION",
      "detail": "GM: +21.4% -> +13.0% -> +24.3% (reversal +11.4%)",
      "severity": "HIGH"
    },
    {
      "quarter": "2021-06 (Q2)",
      "signal": "OP MARGIN TURNED POSITIVE (QoQ)",
      "detail": "Op margin: -4.9% -> +1.4%",
      "severity": "HIGH"
    },
    {
      "quarter": "2021-03 (Q1)",
      "signal": "OPERATING LEVERAGE",
      "detail": "Rev growth +31.6% vs OpEx growth +4.5% (leverage: 7.0x)",
      "severity": "MEDIUM"
    }
  ],
  "data_quality": {
    "n_quarters": 20,
    "coverage": {
      "revenue": [
        20,
        20
      ],
      "gross_profit": [
        20,
        20
      ],
      "op_income": [
        20,
        20
      ],
      "fcf": [
        20,
        20
      ]
    },
    "gaps": [],
    "warnings": []
  },
  "market_cap": null,
  "source": "SEC EDGAR",
  "last_updated": "2026-02-02T22:36:39.161156"
}