{
  "ticker": "GNRC",
  "name": "GENERAC HOLDINGS INC.",
  "quarters": [
    {
      "date": "2020-12-31T00:00:00",
      "quarter_label": "2020-12 (Q4)",
      "revenue": 761082000,
      "gross_profit": 300202000,
      "operating_income": 171054000,
      "net_income": 125001000,
      "opex": 129148000,
      "cogs": 460880000,
      "rd": 21489000,
      "sga": null,
      "fcf": 190035000,
      "ocf": 218223000,
      "capex": -28188000,
      "gross_margin": 0.3944410720526829,
      "op_margin": 0.22475107807043132,
      "fcf_margin": 0.24969057210655357
    },
    {
      "date": "2021-03-31T00:00:00",
      "quarter_label": "2021-03 (Q1)",
      "revenue": 807434000,
      "gross_profit": 321814000,
      "operating_income": 189124000,
      "net_income": 148993000,
      "opex": 132690000,
      "cogs": 485620000,
      "rd": 22388000,
      "sga": null,
      "fcf": 125074000,
      "ocf": 152543000,
      "capex": -27469000,
      "gross_margin": 0.39856384546600715,
      "op_margin": 0.23422843229291807,
      "fcf_margin": 0.15490306328442943,
      "op_leverage_ratio": 2.2206297575000917,
      "fcf_margin_change": -0.09478750882212414
    },
    {
      "date": "2021-06-30T00:00:00",
      "quarter_label": "2021-06 (Q2)",
      "revenue": 919981000,
      "gross_profit": 339735000,
      "operating_income": 182952000,
      "net_income": 127036000,
      "opex": 156783000,
      "cogs": 580246000,
      "rd": 25344000,
      "sga": null,
      "fcf": 95697000,
      "ocf": 122450000,
      "capex": -26753000,
      "gross_margin": 0.36928480044696577,
      "op_margin": 0.1988649765592985,
      "fcf_margin": 0.10402062651293885,
      "op_leverage_ratio": 0.7676693540194935,
      "fcf_margin_change": -0.05088243677149058
    },
    {
      "date": "2021-09-30T00:00:00",
      "quarter_label": "2021-09 (Q3)",
      "revenue": 942698000,
      "gross_profit": 335994000,
      "operating_income": 173579000,
      "net_income": 131570000,
      "opex": 162415000,
      "cogs": 606704000,
      "rd": 27165000,
      "sga": null,
      "fcf": 41177000,
      "ocf": 74411000,
      "capex": -33234000,
      "gross_margin": 0.3564174316695273,
      "op_margin": 0.18413001830915096,
      "fcf_margin": 0.043679948403412334,
      "op_leverage_ratio": 0.6873982846690584,
      "fcf_margin_change": -0.060340678109526515
    },
    {
      "date": "2021-12-31T00:00:00",
      "quarter_label": "2021-12 (Q4)",
      "revenue": 1067071000,
      "gross_profit": 362539000,
      "operating_income": 175481000,
      "net_income": 142895000,
      "opex": 187058000,
      "cogs": 704532000,
      "rd": 29406000,
      "sga": null,
      "fcf": 39216000,
      "ocf": 61752000,
      "capex": -22536000,
      "gross_margin": 0.3397515254373889,
      "op_margin": 0.16445110025480966,
      "fcf_margin": 0.03675106904788904,
      "incr_op_margin_yoy": 0.014467840347202023,
      "rev_growth_yoy": 0.40204472054259593,
      "op_leverage_ratio": 0.8695330301452777,
      "fcf_margin_change": -0.006928879355523297
    },
    {
      "date": "2022-03-31T00:00:00",
      "quarter_label": "2022-03 (Q1)",
      "revenue": 1135856000,
      "gross_profit": 360748000,
      "operating_income": 154735000,
      "net_income": 113858000,
      "opex": 206013000,
      "cogs": 775108000,
      "rd": 39744000,
      "sga": null,
      "fcf": -38342000,
      "ocf": -10142000,
      "capex": -28200000,
      "gross_margin": 0.31760011832485807,
      "op_margin": 0.13622765561831782,
      "fcf_margin": -0.03375603949796453,
      "incr_op_margin_yoy": -0.10470979410636315,
      "rev_growth_yoy": 0.4067477961046971,
      "rev_growth_yoy_accel": 0.004703075562101144,
      "op_leverage_ratio": 0.6361403189756641,
      "fcf_margin_change": -0.07050710854585357
    },
    {
      "date": "2022-06-30T00:00:00",
      "quarter_label": "2022-06 (Q2)",
      "revenue": 1291391000,
      "gross_profit": 456985000,
      "operating_income": 216844000,
      "net_income": 156359000,
      "opex": 240141000,
      "cogs": 834406000,
      "rd": 41599000,
      "sga": null,
      "fcf": 5532000,
      "ocf": 23835000,
      "capex": -18303000,
      "gross_margin": 0.353870361493924,
      "op_margin": 0.16791506213067925,
      "fcf_margin": 0.0042837529454673295,
      "incr_op_margin_yoy": 0.09125225492043833,
      "rev_growth_yoy": 0.40371485932861656,
      "rev_growth_yoy_accel": -0.0030329367760805193,
      "op_leverage_ratio": 0.8265871421431593,
      "fcf_margin_change": 0.038039792443431864
    },
    {
      "date": "2022-09-30T00:00:00",
      "quarter_label": "2022-09 (Q3)",
      "revenue": 1088258000,
      "gross_profit": 361104000,
      "operating_income": 87523000,
      "net_income": 58270000,
      "opex": 273581000,
      "cogs": 727154000,
      "rd": 39985000,
      "sga": null,
      "fcf": -74375000,
      "ocf": -56045000,
      "capex": -18330000,
      "gross_margin": 0.3318183739517651,
      "op_margin": 0.08042486248665298,
      "fcf_margin": -0.06834316862361682,
      "incr_op_margin_yoy": -0.591206375377851,
      "rev_growth_yoy": 0.15440788036041234,
      "rev_growth_yoy_accel": -0.24930697896820422,
      "fcf_margin_change": -0.07262692156908415
    },
    {
      "date": "2022-12-31T00:00:00",
      "quarter_label": "2022-12 (Q4)",
      "revenue": 1049232000,
      "gross_profit": 343167000,
      "operating_income": 107228000,
      "net_income": 71015000,
      "opex": 235939000,
      "cogs": 706065000,
      "rd": 38446000,
      "sga": null,
      "fcf": 79513000,
      "ocf": 100868000,
      "capex": -21355000,
      "gross_margin": 0.32706493892675786,
      "op_margin": 0.102196654314775,
      "fcf_margin": 0.07578209585677906,
      "incr_op_margin_yoy": 3.826055272156511,
      "rev_growth_yoy": -0.016717725437201462,
      "rev_growth_yoy_accel": -0.1711256057976138,
      "fcf_margin_change": 0.14412526448039586
    },
    {
      "date": "2023-03-31T00:00:00",
      "quarter_label": "2023-03 (Q1)",
      "revenue": 887910000,
      "gross_profit": 272499000,
      "operating_income": 44483000,
      "net_income": 12430000,
      "opex": 228016000,
      "cogs": 615411000,
      "rd": 41820000,
      "sga": null,
      "fcf": -42536000,
      "ocf": -18559000,
      "capex": -23977000,
      "gross_margin": 0.30689934790688245,
      "op_margin": 0.05009854602380872,
      "fcf_margin": -0.047905756214030704,
      "incr_op_margin_yoy": 0.4446613375493051,
      "rev_growth_yoy": -0.21828999450634587,
      "rev_growth_yoy_accel": -0.2015722690691444,
      "fcf_margin_change": -0.12368785207080976
    },
    {
      "date": "2023-06-30T00:00:00",
      "quarter_label": "2023-06 (Q2)",
      "revenue": 1000420000,
      "gross_profit": 328421000,
      "operating_income": 85972000,
      "net_income": 45198000,
      "opex": 242449000,
      "cogs": 671999000,
      "rd": 43942000,
      "sga": null,
      "fcf": 53224000,
      "ocf": 83147000,
      "capex": -29923000,
      "gross_margin": 0.32828312108914254,
      "op_margin": 0.08593590691909397,
      "fcf_margin": 0.05320165530477199,
      "incr_op_margin_yoy": 0.4497767818786065,
      "rev_growth_yoy": -0.22531595775408067,
      "rev_growth_yoy_accel": -0.007025963247734801,
      "op_leverage_ratio": 2.001847032485597,
      "fcf_margin_change": 0.1011074115188027
    },
    {
      "date": "2023-09-30T00:00:00",
      "quarter_label": "2023-09 (Q3)",
      "revenue": 1070667000,
      "gross_profit": 375787000,
      "operating_income": 104776000,
      "net_income": 60377000,
      "opex": 271011000,
      "cogs": 694880000,
      "rd": 43312000,
      "sga": null,
      "fcf": 116318000,
      "ocf": 140136000,
      "capex": -23818000,
      "gross_margin": 0.35098401276961,
      "op_margin": 0.09786049257145313,
      "fcf_margin": 0.10864068846802974,
      "incr_op_margin_yoy": -0.9807856290148371,
      "rev_growth_yoy": -0.016164365435402266,
      "rev_growth_yoy_accel": 0.20915159231867841,
      "op_leverage_ratio": 0.5960424603950495,
      "fcf_margin_change": 0.055439033163257746
    },
    {
      "date": "2023-12-31T00:00:00",
      "quarter_label": "2023-12 (Q4)",
      "revenue": 1063670000,
      "gross_profit": 388724000,
      "operating_income": 150968000,
      "net_income": 96601000,
      "opex": 237756000,
      "cogs": 674946000,
      "rd": 44369000,
      "sga": null,
      "fcf": 265604000,
      "ocf": 316946000,
      "capex": -51342000,
      "gross_margin": 0.3654554514088016,
      "op_margin": 0.1419312380719584,
      "fcf_margin": 0.24970526573091278,
      "incr_op_margin_yoy": 3.029505471671977,
      "rev_growth_yoy": 0.013760541043353615,
      "rev_growth_yoy_accel": 0.029924906478755883,
      "fcf_margin_change": 0.14106457726288305
    },
    {
      "date": "2024-03-31T00:00:00",
      "quarter_label": "2024-03 (Q1)",
      "revenue": 889273000,
      "gross_profit": 316379000,
      "operating_income": 66869000,
      "net_income": 26232000,
      "opex": 249510000,
      "cogs": 572894000,
      "rd": 49410000,
      "sga": null,
      "fcf": 85078000,
      "ocf": 111898000,
      "capex": -26820000,
      "gross_margin": 0.3557726367493447,
      "op_margin": 0.0751951313038853,
      "fcf_margin": 0.0956714079928211,
      "incr_op_margin_yoy": 16.42406456346295,
      "rev_growth_yoy": 0.0015350654908718225,
      "rev_growth_yoy_accel": -0.012225475552481792,
      "fcf_margin_change": -0.1540338577380917
    },
    {
      "date": "2024-06-30T00:00:00",
      "quarter_label": "2024-06 (Q2)",
      "revenue": 998197000,
      "gross_profit": 375561000,
      "operating_income": 103235000,
      "net_income": 59115000,
      "opex": 272326000,
      "cogs": 622636000,
      "rd": 53996000,
      "sga": null,
      "fcf": 49712000,
      "ocf": 77664000,
      "capex": -27952000,
      "gross_margin": 0.37623935956529625,
      "op_margin": 0.10342146890844192,
      "fcf_margin": 0.049801792632115705,
      "incr_op_margin_yoy": -7.765632028789923,
      "rev_growth_yoy": -0.0022220667319725715,
      "rev_growth_yoy_accel": -0.003757132222844394,
      "op_leverage_ratio": 1.3394821267155161,
      "fcf_margin_change": -0.0458696153607054
    },
    {
      "date": "2024-09-30T00:00:00",
      "quarter_label": "2024-09 (Q3)",
      "revenue": 1173563000,
      "gross_profit": 472269000,
      "operating_income": 168624000,
      "net_income": 113742000,
      "opex": 303645000,
      "cogs": 701294000,
      "rd": 56936000,
      "sga": null,
      "fcf": 183658000,
      "ocf": 212285000,
      "capex": -28627000,
      "gross_margin": 0.4024232188642621,
      "op_margin": 0.1436855115575389,
      "fcf_margin": 0.15649607221768239,
      "incr_op_margin_yoy": 0.6205100295443944,
      "rev_growth_yoy": 0.0961045778005673,
      "rev_growth_yoy_accel": 0.09832664453253988,
      "op_leverage_ratio": 1.5276024845279195,
      "fcf_margin_change": 0.10669427958556668
    },
    {
      "date": "2024-12-31T00:00:00",
      "quarter_label": "2024-12 (Q4)",
      "revenue": 1234801000,
      "gross_profit": 501417000,
      "operating_income": 198014000,
      "net_income": 117226000,
      "opex": 303403000,
      "cogs": 733384000,
      "rd": 59258000,
      "sga": null,
      "fcf": 286120000,
      "ocf": 339454000,
      "capex": -53334000,
      "gross_margin": 0.4060710997156627,
      "op_margin": 0.16036106222784077,
      "fcf_margin": 0.23171345018347086,
      "incr_op_margin_yoy": 0.27491220176356124,
      "rev_growth_yoy": 0.16088730527325204,
      "rev_growth_yoy_accel": 0.06478272747268474,
      "op_leverage_ratio": Infinity,
      "fcf_margin_change": 0.07521737796578848
    },
    {
      "date": "2025-03-31T00:00:00",
      "quarter_label": "2025-03 (Q1)",
      "revenue": 942121000,
      "gross_profit": 371986000,
      "operating_income": 83638000,
      "net_income": 43840000,
      "opex": 288348000,
      "cogs": 570135000,
      "rd": 62048000,
      "sga": null,
      "fcf": 27215000,
      "ocf": 58152000,
      "capex": -30937000,
      "gross_margin": 0.39483887950698476,
      "op_margin": 0.08877628245204172,
      "fcf_margin": 0.028886947642606416,
      "incr_op_margin_yoy": 0.3173062367544656,
      "rev_growth_yoy": 0.059428319537419894,
      "rev_growth_yoy_accel": -0.10145898573583215,
      "fcf_margin_change": -0.20282650254086446
    },
    {
      "date": "2025-06-30T00:00:00",
      "quarter_label": "2025-06 (Q2)",
      "revenue": 1061169000,
      "gross_profit": 416749000,
      "operating_income": 111789000,
      "net_income": 74016000,
      "opex": 304960000,
      "cogs": 644420000,
      "rd": 60354000,
      "sga": null,
      "fcf": 14473000,
      "ocf": 72189000,
      "capex": -57716000,
      "gross_margin": 0.3927263235168008,
      "op_margin": 0.10534514295084006,
      "fcf_margin": 0.013638732379102668,
      "incr_op_margin_yoy": 0.13583815028901733,
      "rev_growth_yoy": 0.06308574359570306,
      "rev_growth_yoy_accel": 0.0036574240582831624,
      "op_leverage_ratio": 2.1933626326870255,
      "fcf_margin_change": -0.015248215263503747
    },
    {
      "date": "2025-09-30T00:00:00",
      "quarter_label": "2025-09 (Q3)",
      "revenue": 1114353000,
      "gross_profit": 426922000,
      "operating_income": 103079000,
      "net_income": 66161000,
      "opex": 323843000,
      "cogs": 687431000,
      "rd": 60059000,
      "sga": null,
      "fcf": 96497000,
      "ocf": 118378000,
      "capex": -21881000,
      "gross_margin": 0.38311199413471314,
      "op_margin": 0.0925012092218534,
      "fcf_margin": 0.08659464281067131,
      "incr_op_margin_yoy": 1.1069920621516636,
      "rev_growth_yoy": -0.05045319254270968,
      "rev_growth_yoy_accel": -0.11353893613841273,
      "op_leverage_ratio": 0.8094095592448264,
      "fcf_margin_change": 0.07295591043156864
    }
  ],
  "signals": [
    {
      "quarter": "2025-09 (Q3)",
      "signal": "FCF MARGIN EXPANSION",
      "detail": "FCF margin: +1.4% -> +8.7% (+7.3%)",
      "severity": "MEDIUM"
    },
    {
      "quarter": "2025-09 (Q3)",
      "signal": "YoY REVENUE GROWTH DECELERATION",
      "detail": "YoY growth: -5.0% vs prior quarter YoY: +6.3% (decel: -11.4%)",
      "severity": "WARNING"
    },
    {
      "quarter": "2025-09 (Q3)",
      "signal": "INCREMENTAL MARGIN (YoY)",
      "detail": "YoY Incr OPM: +110.7% vs year-ago OPM: +14.4%",
      "severity": "HIGH"
    },
    {
      "quarter": "2025-06 (Q2)",
      "signal": "OPERATING LEVERAGE",
      "detail": "Rev growth +12.6% vs OpEx growth +5.8% (leverage: 2.2x)",
      "severity": "MEDIUM"
    },
    {
      "quarter": "2025-03 (Q1)",
      "signal": "YoY REVENUE GROWTH DECELERATION",
      "detail": "YoY growth: +5.9% vs prior quarter YoY: +16.1% (decel: -10.1%)",
      "severity": "WARNING"
    },
    {
      "quarter": "2025-03 (Q1)",
      "signal": "INCREMENTAL MARGIN (YoY)",
      "detail": "YoY Incr OPM: +31.7% vs year-ago OPM: +7.5%",
      "severity": "HIGH"
    },
    {
      "quarter": "2024-12 (Q4)",
      "signal": "FCF MARGIN EXPANSION",
      "detail": "FCF margin: +15.6% -> +23.2% (+7.5%)",
      "severity": "MEDIUM"
    },
    {
      "quarter": "2024-12 (Q4)",
      "signal": "YoY REVENUE GROWTH ACCELERATION",
      "detail": "YoY growth: +16.1% vs prior quarter YoY: +9.6% (accel: +6.5%)",
      "severity": "MEDIUM"
    },
    {
      "quarter": "2024-12 (Q4)",
      "signal": "INCREMENTAL MARGIN (YoY)",
      "detail": "YoY Incr OPM: +27.5% vs year-ago OPM: +14.2%",
      "severity": "MEDIUM"
    },
    {
      "quarter": "2024-09 (Q3)",
      "signal": "FCF MARGIN EXPANSION",
      "detail": "FCF margin: +5.0% -> +15.6% (+10.7%)",
      "severity": "MEDIUM"
    },
    {
      "quarter": "2024-09 (Q3)",
      "signal": "OPERATING LEVERAGE",
      "detail": "Rev growth +17.6% vs OpEx growth +11.5% (leverage: 1.5x)",
      "severity": "MEDIUM"
    },
    {
      "quarter": "2024-09 (Q3)",
      "signal": "YoY REVENUE GROWTH ACCELERATION",
      "detail": "YoY growth: +9.6% vs prior quarter YoY: -0.2% (accel: +9.8%)",
      "severity": "MEDIUM"
    },
    {
      "quarter": "2024-09 (Q3)",
      "signal": "INCREMENTAL MARGIN (YoY)",
      "detail": "YoY Incr OPM: +62.1% vs year-ago OPM: +9.8%",
      "severity": "HIGH"
    },
    {
      "quarter": "2024-06 (Q2)",
      "signal": "GROSS MARGIN INFLECTION",
      "detail": "GM: +36.5% -> +35.6% -> +37.6% (reversal +2.0%)",
      "severity": "MEDIUM"
    },
    {
      "quarter": "2024-03 (Q1)",
      "signal": "INCREMENTAL MARGIN (YoY)",
      "detail": "YoY Incr OPM: +1642.4% vs year-ago OPM: +5.0%",
      "severity": "HIGH"
    },
    {
      "quarter": "2023-12 (Q4)",
      "signal": "FCF MARGIN EXPANSION",
      "detail": "FCF margin: +10.9% -> +25.0% (+14.1%)",
      "severity": "MEDIUM"
    },
    {
      "quarter": "2023-12 (Q4)",
      "signal": "INCREMENTAL MARGIN (YoY)",
      "detail": "YoY Incr OPM: +303.0% vs year-ago OPM: +10.2%",
      "severity": "HIGH"
    },
    {
      "quarter": "2023-09 (Q3)",
      "signal": "FCF MARGIN EXPANSION",
      "detail": "FCF margin: +5.3% -> +10.9% (+5.5%)",
      "severity": "MEDIUM"
    },
    {
      "quarter": "2023-09 (Q3)",
      "signal": "YoY REVENUE GROWTH ACCELERATION",
      "detail": "YoY growth: -1.6% vs prior quarter YoY: -22.5% (accel: +20.9%)",
      "severity": "HIGH"
    },
    {
      "quarter": "2023-06 (Q2)",
      "signal": "FCF TURNED POSITIVE",
      "detail": "FCF margin: -4.8% -> +5.3%",
      "severity": "HIGH"
    },
    {
      "quarter": "2023-06 (Q2)",
      "signal": "OPERATING LEVERAGE",
      "detail": "Rev growth +12.7% vs OpEx growth +6.3% (leverage: 2.0x)",
      "severity": "MEDIUM"
    },
    {
      "quarter": "2023-06 (Q2)",
      "signal": "GROSS MARGIN INFLECTION",
      "detail": "GM: +32.7% -> +30.7% -> +32.8% (reversal +2.1%)",
      "severity": "MEDIUM"
    },
    {
      "quarter": "2023-06 (Q2)",
      "signal": "INCREMENTAL MARGIN (YoY)",
      "detail": "YoY Incr OPM: +45.0% vs year-ago OPM: +16.8%",
      "severity": "HIGH"
    },
    {
      "quarter": "2023-03 (Q1)",
      "signal": "YoY REVENUE GROWTH DECELERATION",
      "detail": "YoY growth: -21.8% vs prior quarter YoY: -1.7% (decel: -20.2%)",
      "severity": "WARNING"
    },
    {
      "quarter": "2023-03 (Q1)",
      "signal": "INCREMENTAL MARGIN (YoY)",
      "detail": "YoY Incr OPM: +44.5% vs year-ago OPM: +13.6%",
      "severity": "HIGH"
    },
    {
      "quarter": "2022-12 (Q4)",
      "signal": "FCF TURNED POSITIVE",
      "detail": "FCF margin: -6.8% -> +7.6%",
      "severity": "HIGH"
    },
    {
      "quarter": "2022-12 (Q4)",
      "signal": "YoY REVENUE GROWTH DECELERATION",
      "detail": "YoY growth: -1.7% vs prior quarter YoY: +15.4% (decel: -17.1%)",
      "severity": "WARNING"
    },
    {
      "quarter": "2022-12 (Q4)",
      "signal": "INCREMENTAL MARGIN (YoY)",
      "detail": "YoY Incr OPM: +382.6% vs year-ago OPM: +16.4%",
      "severity": "HIGH"
    },
    {
      "quarter": "2022-09 (Q3)",
      "signal": "YoY REVENUE GROWTH DECELERATION",
      "detail": "YoY growth: +15.4% vs prior quarter YoY: +40.4% (decel: -24.9%)",
      "severity": "WARNING"
    },
    {
      "quarter": "2022-06 (Q2)",
      "signal": "FCF TURNED POSITIVE",
      "detail": "FCF margin: -3.4% -> +0.4%",
      "severity": "HIGH"
    },
    {
      "quarter": "2022-06 (Q2)",
      "signal": "GROSS MARGIN INFLECTION",
      "detail": "GM: +34.0% -> +31.8% -> +35.4% (reversal +3.6%)",
      "severity": "MEDIUM"
    },
    {
      "quarter": "2021-03 (Q1)",
      "signal": "OPERATING LEVERAGE",
      "detail": "Rev growth +6.1% vs OpEx growth +2.7% (leverage: 2.2x)",
      "severity": "MEDIUM"
    }
  ],
  "data_quality": {
    "n_quarters": 20,
    "coverage": {
      "revenue": [
        20,
        20
      ],
      "gross_profit": [
        20,
        20
      ],
      "op_income": [
        20,
        20
      ],
      "fcf": [
        20,
        20
      ]
    },
    "gaps": [],
    "warnings": []
  },
  "market_cap": null,
  "source": "SEC EDGAR",
  "last_updated": "2026-02-02T20:38:04.271826"
}