{
  "ticker": "GNSS",
  "name": "Genasys Inc.",
  "quarters": [
    {
      "date": "2020-12-31T00:00:00",
      "quarter_label": "2020-12 (Q4)",
      "revenue": 8028000,
      "gross_profit": 3704000,
      "operating_income": -693000,
      "net_income": -619000,
      "opex": 4397000,
      "cogs": 4324000,
      "rd": 1066000,
      "sga": 3331000,
      "fcf": 1243000,
      "ocf": 1272000,
      "capex": -29000,
      "gross_margin": 0.4613851519681116,
      "op_margin": -0.08632286995515695,
      "fcf_margin": 0.15483308420528152
    },
    {
      "date": "2021-03-31T00:00:00",
      "quarter_label": "2021-03 (Q1)",
      "revenue": 11301000,
      "gross_profit": 5337000,
      "operating_income": 553000,
      "net_income": 262000,
      "opex": 4784000,
      "cogs": 5964000,
      "rd": 960000,
      "sga": 3824000,
      "fcf": -1028000,
      "ocf": -909000,
      "capex": -119000,
      "gross_margin": 0.47225909211574196,
      "op_margin": 0.0489337226794089,
      "fcf_margin": -0.09096540129192107,
      "op_leverage_ratio": 4.632166293940202,
      "fcf_margin_change": -0.2457984854972026
    },
    {
      "date": "2021-06-30T00:00:00",
      "quarter_label": "2021-06 (Q2)",
      "revenue": 12627000,
      "gross_profit": 6686000,
      "operating_income": 520000,
      "net_income": 290000,
      "opex": 6166000,
      "cogs": 5941000,
      "rd": 1390000,
      "sga": 4776000,
      "fcf": 7918000,
      "ocf": 7951000,
      "capex": -33000,
      "gross_margin": 0.5295002771838124,
      "op_margin": 0.0411815949948523,
      "fcf_margin": 0.6270689791716164,
      "op_leverage_ratio": 0.40617180888030224,
      "fcf_margin_change": 0.7180343804635375
    },
    {
      "date": "2021-09-30T00:00:00",
      "quarter_label": "2021-09 (Q3)",
      "revenue": 15047000,
      "gross_profit": 7699000,
      "operating_income": 704000,
      "net_income": 771000,
      "opex": 6995000,
      "cogs": 7348000,
      "rd": 1502000,
      "sga": 5493000,
      "fcf": -2191000,
      "ocf": -2164000,
      "capex": -27000,
      "gross_margin": 0.5116634545092045,
      "op_margin": 0.04678673489732173,
      "fcf_margin": -0.1456104206818635,
      "op_leverage_ratio": 1.4254900010823686,
      "fcf_margin_change": -0.7726793998534799
    },
    {
      "date": "2021-12-31T00:00:00",
      "quarter_label": "2021-12 (Q4)",
      "revenue": 10677000,
      "gross_profit": 4894000,
      "operating_income": -1609000,
      "net_income": -1305000,
      "opex": 6503000,
      "cogs": 5783000,
      "rd": 1369000,
      "sga": 5134000,
      "fcf": -2861000,
      "ocf": -2702000,
      "capex": -159000,
      "gross_margin": 0.45836845555867756,
      "op_margin": -0.15069776154350473,
      "fcf_margin": -0.26795916455933316,
      "incr_op_margin_yoy": -0.3457908644771612,
      "rev_growth_yoy": 0.3299701046337818,
      "fcf_margin_change": -0.12234874387746966
    },
    {
      "date": "2022-03-31T00:00:00",
      "quarter_label": "2022-03 (Q1)",
      "revenue": 13168000,
      "gross_profit": 6960000,
      "operating_income": -527000,
      "net_income": -492000,
      "opex": 7487000,
      "cogs": 6208000,
      "rd": 1893000,
      "sga": 5594000,
      "fcf": -417000,
      "ocf": -405000,
      "capex": -12000,
      "gross_margin": 0.528554070473876,
      "op_margin": -0.04002126366950182,
      "fcf_margin": -0.03166767922235723,
      "incr_op_margin_yoy": -0.578468130690948,
      "rev_growth_yoy": 0.16520661888328467,
      "rev_growth_yoy_accel": -0.16476348575049712,
      "op_leverage_ratio": 1.5418536044731057,
      "fcf_margin_change": 0.23629148533697594
    },
    {
      "date": "2022-06-30T00:00:00",
      "quarter_label": "2022-06 (Q2)",
      "revenue": 14152000,
      "gross_profit": 6580000,
      "operating_income": -629000,
      "net_income": -589000,
      "opex": 7209000,
      "cogs": 7572000,
      "rd": 1707000,
      "sga": 5502000,
      "fcf": 2516000,
      "ocf": 2536000,
      "capex": -20000,
      "gross_margin": 0.464951950254381,
      "op_margin": -0.04444601469756925,
      "fcf_margin": 0.177784058790277,
      "incr_op_margin_yoy": -0.7534426229508197,
      "rev_growth_yoy": 0.12077294685990338,
      "rev_growth_yoy_accel": -0.04443367202338129,
      "op_leverage_ratio": Infinity,
      "fcf_margin_change": 0.20945173801263423
    },
    {
      "date": "2022-09-30T00:00:00",
      "quarter_label": "2022-09 (Q3)",
      "revenue": 16038000,
      "gross_profit": 7660000,
      "operating_income": -12766000,
      "net_income": -13826000,
      "opex": 20426000,
      "cogs": 8378000,
      "rd": 1709000,
      "sga": 5555000,
      "fcf": 849000,
      "ocf": 1039000,
      "capex": -190000,
      "gross_margin": 0.477615662800848,
      "op_margin": -0.7959845367252775,
      "fcf_margin": 0.05293677515899738,
      "rev_growth_yoy": 0.06586030437961056,
      "rev_growth_yoy_accel": -0.05491264248029282,
      "op_leverage_ratio": 0.07268854973892548,
      "fcf_margin_change": -0.12484728363127962
    },
    {
      "date": "2022-12-31T00:00:00",
      "quarter_label": "2022-12 (Q4)",
      "revenue": 10487000,
      "gross_profit": 4543000,
      "operating_income": -3487000,
      "net_income": -3507000,
      "opex": 8030000,
      "cogs": 5944000,
      "rd": 1935000,
      "sga": 6095000,
      "fcf": -4948000,
      "ocf": -4850000,
      "capex": -98000,
      "gross_margin": 0.43320301325450555,
      "op_margin": -0.33250691332125487,
      "fcf_margin": -0.471822256126633,
      "rev_growth_yoy": -0.01779526084106022,
      "rev_growth_yoy_accel": -0.08365556522067077,
      "fcf_margin_change": -0.5247590312856304
    },
    {
      "date": "2023-03-31T00:00:00",
      "quarter_label": "2023-03 (Q1)",
      "revenue": 11213000,
      "gross_profit": 4925000,
      "operating_income": -3410000,
      "net_income": -3403000,
      "opex": 8335000,
      "cogs": 6288000,
      "rd": 2281000,
      "sga": 6054000,
      "fcf": -2675000,
      "ocf": -2616000,
      "capex": -59000,
      "gross_margin": 0.43922233122268795,
      "op_margin": -0.3041112993846428,
      "fcf_margin": -0.23856238294836352,
      "incr_op_margin_yoy": 1.4746803069053709,
      "rev_growth_yoy": -0.14846597812879708,
      "rev_growth_yoy_accel": -0.13067071728773685,
      "op_leverage_ratio": 1.8226406776852526,
      "fcf_margin_change": 0.23325987317826946
    },
    {
      "date": "2023-06-30T00:00:00",
      "quarter_label": "2023-06 (Q2)",
      "revenue": 14262000,
      "gross_profit": 6695000,
      "operating_income": -1450000,
      "net_income": -1423000,
      "opex": 8145000,
      "cogs": 7567000,
      "rd": 2141000,
      "sga": 6004000,
      "fcf": -5428000,
      "ocf": -5356000,
      "capex": -72000,
      "gross_margin": 0.46942925255924833,
      "op_margin": -0.10166877015846305,
      "fcf_margin": -0.3805917823587155,
      "rev_growth_yoy": 0.007772752967778406,
      "rev_growth_yoy_accel": 0.1562387310965755,
      "op_leverage_ratio": Infinity,
      "fcf_margin_change": -0.14202939941035198
    },
    {
      "date": "2023-09-30T00:00:00",
      "quarter_label": "2023-09 (Q3)",
      "revenue": 10701000,
      "gross_profit": 5310000,
      "operating_income": -2638000,
      "net_income": -10062000,
      "opex": 7948000,
      "cogs": 5391000,
      "rd": 1770000,
      "sga": 6178000,
      "fcf": 3219000,
      "ocf": 3229000,
      "capex": -10000,
      "gross_margin": 0.496215306980656,
      "op_margin": -0.24651901691430708,
      "fcf_margin": 0.3008130081300813,
      "incr_op_margin_yoy": -1.8976953344575604,
      "rev_growth_yoy": -0.3327721661054994,
      "rev_growth_yoy_accel": -0.34054491907327783,
      "fcf_margin_change": 0.6814047904887968
    },
    {
      "date": "2023-12-31T00:00:00",
      "quarter_label": "2023-12 (Q4)",
      "revenue": 4361000,
      "gross_profit": 1479000,
      "operating_income": -7230000,
      "net_income": -6724000,
      "opex": 8709000,
      "cogs": 2882000,
      "rd": 2191000,
      "sga": 6518000,
      "fcf": -5871000,
      "ocf": -5729000,
      "capex": -142000,
      "gross_margin": 0.3391423985324467,
      "op_margin": -1.6578766337995872,
      "fcf_margin": -1.3462508598945195,
      "incr_op_margin_yoy": 0.6110022853411687,
      "rev_growth_yoy": -0.5841518069991418,
      "rev_growth_yoy_accel": -0.2513796408936424,
      "fcf_margin_change": -1.6470638680246008
    },
    {
      "date": "2024-03-31T00:00:00",
      "quarter_label": "2024-03 (Q1)",
      "revenue": 5739000,
      "gross_profit": 2177000,
      "operating_income": -6994000,
      "net_income": -6938000,
      "opex": 9171000,
      "cogs": 3562000,
      "rd": 2531000,
      "sga": 6640000,
      "fcf": -6778000,
      "ocf": -6767000,
      "capex": -11000,
      "gross_margin": 0.37933437881163967,
      "op_margin": -1.2186792124063426,
      "fcf_margin": -1.1810419933786374,
      "incr_op_margin_yoy": 0.6547314578005116,
      "rev_growth_yoy": -0.4881833586016231,
      "rev_growth_yoy_accel": 0.09596844839751872,
      "op_leverage_ratio": 5.956476680851825,
      "fcf_margin_change": 0.16520886651588218
    },
    {
      "date": "2024-06-30T00:00:00",
      "quarter_label": "2024-06 (Q2)",
      "revenue": 7167000,
      "gross_profit": 3784000,
      "operating_income": -5361000,
      "net_income": -6682000,
      "opex": 9145000,
      "cogs": 3383000,
      "rd": 2496000,
      "sga": 6649000,
      "fcf": -7522000,
      "ocf": -7514000,
      "capex": -8000,
      "gross_margin": 0.5279754430026511,
      "op_margin": -0.7480117203850983,
      "fcf_margin": -1.0495325798800055,
      "incr_op_margin_yoy": 0.5512332628611698,
      "rev_growth_yoy": -0.4974758098443416,
      "rev_growth_yoy_accel": -0.009292451242718491,
      "op_leverage_ratio": Infinity,
      "fcf_margin_change": 0.13150941349863188
    },
    {
      "date": "2024-09-30T00:00:00",
      "quarter_label": "2024-09 (Q3)",
      "revenue": 6741000,
      "gross_profit": 2749000,
      "operating_income": -7132000,
      "net_income": -11386000,
      "opex": 9881000,
      "cogs": 3992000,
      "rd": 2426000,
      "sga": 7455000,
      "fcf": 526000,
      "ocf": 556000,
      "capex": -30000,
      "gross_margin": 0.4078029965880433,
      "op_margin": -1.0580032636107402,
      "fcf_margin": 0.07802996588043316,
      "incr_op_margin_yoy": 1.1348484848484848,
      "rev_growth_yoy": -0.3700588730025231,
      "rev_growth_yoy_accel": 0.12741693684181848,
      "fcf_margin_change": 1.1275625457604386
    },
    {
      "date": "2024-12-31T00:00:00",
      "quarter_label": "2024-12 (Q4)",
      "revenue": 6940000,
      "gross_profit": 3178000,
      "operating_income": -5941000,
      "net_income": -4078000,
      "opex": 9119000,
      "cogs": 3762000,
      "rd": 2285000,
      "sga": 6834000,
      "fcf": 878000,
      "ocf": 947000,
      "capex": -69000,
      "gross_margin": 0.4579250720461095,
      "op_margin": -0.8560518731988472,
      "fcf_margin": 0.12651296829971181,
      "incr_op_margin_yoy": 0.4998061264055836,
      "rev_growth_yoy": 0.5913781242834212,
      "rev_growth_yoy_accel": 0.9614369972859442,
      "op_leverage_ratio": Infinity,
      "fcf_margin_change": 0.04848300241927865
    },
    {
      "date": "2025-03-31T00:00:00",
      "quarter_label": "2025-03 (Q1)",
      "revenue": 6932000,
      "gross_profit": 2610000,
      "operating_income": -6255000,
      "net_income": -6139000,
      "opex": 8865000,
      "cogs": 4322000,
      "rd": 2217000,
      "sga": 6648000,
      "fcf": -6477000,
      "ocf": -6322000,
      "capex": -155000,
      "gross_margin": 0.3765147143681477,
      "op_margin": -0.902336987882285,
      "fcf_margin": -0.9343623773802654,
      "incr_op_margin_yoy": 0.6194467728415759,
      "rev_growth_yoy": 0.20787593657431608,
      "rev_growth_yoy_accel": -0.3835021877091051,
      "fcf_margin_change": -1.0608753456799773
    },
    {
      "date": "2025-06-30T00:00:00",
      "quarter_label": "2025-06 (Q2)",
      "revenue": 9857000,
      "gross_profit": 2597000,
      "operating_income": -5925000,
      "net_income": -6487000,
      "opex": 8522000,
      "cogs": 7260000,
      "rd": 2100000,
      "sga": 6422000,
      "fcf": -5885000,
      "ocf": -5896000,
      "capex": 11000,
      "gross_margin": 0.26346758648676066,
      "op_margin": -0.6010956680531602,
      "fcf_margin": -0.597037638226641,
      "incr_op_margin_yoy": -0.20966542750929368,
      "rev_growth_yoy": 0.37533137993581694,
      "rev_growth_yoy_accel": 0.16745544336150087,
      "op_leverage_ratio": Infinity,
      "fcf_margin_change": 0.3373247391536244
    },
    {
      "date": "2025-09-30T00:00:00",
      "quarter_label": "2025-09 (Q3)",
      "revenue": 17028000,
      "gross_profit": 8571000,
      "operating_income": 1311000,
      "net_income": -1408000,
      "opex": 7260000,
      "cogs": 8457000,
      "rd": 1504000,
      "sga": 5756000,
      "fcf": 2467000,
      "ocf": 2509000,
      "capex": -42000,
      "gross_margin": 0.5033474277660324,
      "op_margin": 0.0769908386187456,
      "fcf_margin": 0.14487902278599954,
      "incr_op_margin_yoy": 0.8207446291435793,
      "rev_growth_yoy": 1.526034712950601,
      "rev_growth_yoy_accel": 1.150703333014784,
      "op_leverage_ratio": Infinity,
      "fcf_margin_change": 0.7419166610126405
    }
  ],
  "signals": [
    {
      "quarter": "2025-09 (Q3)",
      "signal": "FCF TURNED POSITIVE",
      "detail": "FCF margin: -59.7% -> +14.5%",
      "severity": "HIGH"
    },
    {
      "quarter": "2025-09 (Q3)",
      "signal": "GROSS MARGIN INFLECTION",
      "detail": "GM: +37.7% -> +26.3% -> +50.3% (reversal +24.0%)",
      "severity": "HIGH"
    },
    {
      "quarter": "2025-09 (Q3)",
      "signal": "YoY REVENUE GROWTH ACCELERATION",
      "detail": "YoY growth: +152.6% vs prior quarter YoY: +37.5% (accel: +115.1%)",
      "severity": "HIGH"
    },
    {
      "quarter": "2025-09 (Q3)",
      "signal": "OP MARGIN TURNED POSITIVE (YoY)",
      "detail": "Op margin: -105.8% (year-ago) -> +7.7%",
      "severity": "HIGH"
    },
    {
      "quarter": "2025-09 (Q3)",
      "signal": "OP MARGIN TURNED POSITIVE (QoQ)",
      "detail": "Op margin: -60.1% -> +7.7%",
      "severity": "HIGH"
    },
    {
      "quarter": "2025-06 (Q2)",
      "signal": "FCF MARGIN EXPANSION",
      "detail": "FCF margin: -93.4% -> -59.7% (+33.7%)",
      "severity": "MEDIUM"
    },
    {
      "quarter": "2025-06 (Q2)",
      "signal": "YoY REVENUE GROWTH ACCELERATION",
      "detail": "YoY growth: +37.5% vs prior quarter YoY: +20.8% (accel: +16.7%)",
      "severity": "HIGH"
    },
    {
      "quarter": "2025-03 (Q1)",
      "signal": "YoY REVENUE GROWTH DECELERATION",
      "detail": "YoY growth: +20.8% vs prior quarter YoY: +59.1% (decel: -38.4%)",
      "severity": "WARNING"
    },
    {
      "quarter": "2024-12 (Q4)",
      "signal": "GROSS MARGIN INFLECTION",
      "detail": "GM: +52.8% -> +40.8% -> +45.8% (reversal +5.0%)",
      "severity": "HIGH"
    },
    {
      "quarter": "2024-12 (Q4)",
      "signal": "YoY REVENUE GROWTH ACCELERATION",
      "detail": "YoY growth: +59.1% vs prior quarter YoY: -37.0% (accel: +96.1%)",
      "severity": "HIGH"
    },
    {
      "quarter": "2024-09 (Q3)",
      "signal": "FCF TURNED POSITIVE",
      "detail": "FCF margin: -105.0% -> +7.8%",
      "severity": "HIGH"
    },
    {
      "quarter": "2024-09 (Q3)",
      "signal": "YoY REVENUE GROWTH ACCELERATION",
      "detail": "YoY growth: -37.0% vs prior quarter YoY: -49.7% (accel: +12.7%)",
      "severity": "MEDIUM"
    },
    {
      "quarter": "2024-06 (Q2)",
      "signal": "FCF MARGIN EXPANSION",
      "detail": "FCF margin: -118.1% -> -105.0% (+13.2%)",
      "severity": "MEDIUM"
    },
    {
      "quarter": "2024-03 (Q1)",
      "signal": "FCF MARGIN EXPANSION",
      "detail": "FCF margin: -134.6% -> -118.1% (+16.5%)",
      "severity": "MEDIUM"
    },
    {
      "quarter": "2024-03 (Q1)",
      "signal": "OPERATING LEVERAGE",
      "detail": "Rev growth +31.6% vs OpEx growth +5.3% (leverage: 6.0x)",
      "severity": "MEDIUM"
    },
    {
      "quarter": "2024-03 (Q1)",
      "signal": "GROSS MARGIN INFLECTION",
      "detail": "GM: +49.6% -> +33.9% -> +37.9% (reversal +4.0%)",
      "severity": "MEDIUM"
    },
    {
      "quarter": "2024-03 (Q1)",
      "signal": "YoY REVENUE GROWTH ACCELERATION",
      "detail": "YoY growth: -48.8% vs prior quarter YoY: -58.4% (accel: +9.6%)",
      "severity": "MEDIUM"
    },
    {
      "quarter": "2023-12 (Q4)",
      "signal": "YoY REVENUE GROWTH DECELERATION",
      "detail": "YoY growth: -58.4% vs prior quarter YoY: -33.3% (decel: -25.1%)",
      "severity": "WARNING"
    },
    {
      "quarter": "2023-09 (Q3)",
      "signal": "FCF TURNED POSITIVE",
      "detail": "FCF margin: -38.1% -> +30.1%",
      "severity": "HIGH"
    },
    {
      "quarter": "2023-09 (Q3)",
      "signal": "YoY REVENUE GROWTH DECELERATION",
      "detail": "YoY growth: -33.3% vs prior quarter YoY: +0.8% (decel: -34.1%)",
      "severity": "WARNING"
    },
    {
      "quarter": "2023-06 (Q2)",
      "signal": "YoY REVENUE GROWTH ACCELERATION",
      "detail": "YoY growth: +0.8% vs prior quarter YoY: -14.8% (accel: +15.6%)",
      "severity": "HIGH"
    },
    {
      "quarter": "2023-03 (Q1)",
      "signal": "FCF MARGIN EXPANSION",
      "detail": "FCF margin: -47.2% -> -23.9% (+23.3%)",
      "severity": "MEDIUM"
    },
    {
      "quarter": "2023-03 (Q1)",
      "signal": "OPERATING LEVERAGE",
      "detail": "Rev growth +6.9% vs OpEx growth +3.8% (leverage: 1.8x)",
      "severity": "MEDIUM"
    },
    {
      "quarter": "2023-03 (Q1)",
      "signal": "YoY REVENUE GROWTH DECELERATION",
      "detail": "YoY growth: -14.8% vs prior quarter YoY: -1.8% (decel: -13.1%)",
      "severity": "WARNING"
    },
    {
      "quarter": "2022-12 (Q4)",
      "signal": "YoY REVENUE GROWTH DECELERATION",
      "detail": "YoY growth: -1.8% vs prior quarter YoY: +6.6% (decel: -8.4%)",
      "severity": "WARNING"
    },
    {
      "quarter": "2022-09 (Q3)",
      "signal": "YoY REVENUE GROWTH DECELERATION",
      "detail": "YoY growth: +6.6% vs prior quarter YoY: +12.1% (decel: -5.5%)",
      "severity": "WARNING"
    },
    {
      "quarter": "2022-06 (Q2)",
      "signal": "FCF TURNED POSITIVE",
      "detail": "FCF margin: -3.2% -> +17.8%",
      "severity": "HIGH"
    },
    {
      "quarter": "2022-03 (Q1)",
      "signal": "FCF MARGIN EXPANSION",
      "detail": "FCF margin: -26.8% -> -3.2% (+23.6%)",
      "severity": "MEDIUM"
    },
    {
      "quarter": "2022-03 (Q1)",
      "signal": "OPERATING LEVERAGE",
      "detail": "Rev growth +23.3% vs OpEx growth +15.1% (leverage: 1.5x)",
      "severity": "MEDIUM"
    },
    {
      "quarter": "2022-03 (Q1)",
      "signal": "GROSS MARGIN INFLECTION",
      "detail": "GM: +51.2% -> +45.8% -> +52.9% (reversal +7.0%)",
      "severity": "HIGH"
    },
    {
      "quarter": "2022-03 (Q1)",
      "signal": "YoY REVENUE GROWTH DECELERATION",
      "detail": "YoY growth: +16.5% vs prior quarter YoY: +33.0% (decel: -16.5%)",
      "severity": "WARNING"
    },
    {
      "quarter": "2021-06 (Q2)",
      "signal": "FCF TURNED POSITIVE",
      "detail": "FCF margin: -9.1% -> +62.7%",
      "severity": "HIGH"
    },
    {
      "quarter": "2021-03 (Q1)",
      "signal": "OPERATING LEVERAGE",
      "detail": "Rev growth +40.8% vs OpEx growth +8.8% (leverage: 4.6x)",
      "severity": "MEDIUM"
    },
    {
      "quarter": "2021-03 (Q1)",
      "signal": "OP MARGIN TURNED POSITIVE (QoQ)",
      "detail": "Op margin: -8.6% -> +4.9%",
      "severity": "HIGH"
    }
  ],
  "data_quality": {
    "n_quarters": 20,
    "coverage": {
      "revenue": [
        20,
        20
      ],
      "gross_profit": [
        20,
        20
      ],
      "op_income": [
        20,
        20
      ],
      "fcf": [
        20,
        20
      ]
    },
    "gaps": [],
    "warnings": []
  },
  "market_cap": null,
  "source": "SEC EDGAR",
  "last_updated": "2026-02-02T23:23:52.252410"
}