{
  "ticker": "GNTX",
  "name": "GENTEX CORPORATION",
  "quarters": [
    {
      "date": "2020-12-31T00:00:00",
      "quarter_label": "2020-12 (Q4)",
      "revenue": 529864000,
      "gross_profit": 216675000,
      "operating_income": 162414000,
      "net_income": 143339000,
      "opex": 54260227,
      "cogs": 313189020,
      "rd": 29513926,
      "sga": 24746301,
      "fcf": 135447521,
      "ocf": 135447521,
      "capex": null,
      "gross_margin": 0.40892568659127626,
      "op_margin": 0.30652016366463847,
      "fcf_margin": 0.2556269552186976
    },
    {
      "date": "2021-03-31T00:00:00",
      "quarter_label": "2021-03 (Q1)",
      "revenue": 483724839,
      "gross_profit": 183300168,
      "operating_income": 133733701,
      "net_income": 113450870,
      "opex": 49566467,
      "cogs": 300424671,
      "rd": 27652081,
      "sga": 21914386,
      "fcf": 190849001,
      "ocf": 190849001,
      "capex": null,
      "gross_margin": 0.378934785277793,
      "op_margin": 0.2764664747761692,
      "fcf_margin": 0.3945404197033595,
      "fcf_margin_change": 0.1389134644846619
    },
    {
      "date": "2021-06-30T00:00:00",
      "quarter_label": "2021-06 (Q2)",
      "revenue": 428005026,
      "gross_profit": 151596741,
      "operating_income": 99924621,
      "net_income": 86506418,
      "opex": 51672120,
      "cogs": 276408285,
      "rd": 29059058,
      "sga": 22613062,
      "fcf": 61393168,
      "ocf": 61393168,
      "capex": null,
      "gross_margin": 0.35419383369577534,
      "op_margin": 0.23346599906516052,
      "fcf_margin": 0.1434402968903454,
      "fcf_margin_change": -0.2511001228130141
    },
    {
      "date": "2021-09-30T00:00:00",
      "quarter_label": "2021-09 (Q3)",
      "revenue": 399598744,
      "gross_profit": 140900021,
      "operating_income": 88164940,
      "net_income": 76660548,
      "opex": 52735081,
      "cogs": 258698723,
      "rd": 29750973,
      "sga": 22984108,
      "fcf": 47138822,
      "ocf": 47138822,
      "capex": null,
      "gross_margin": 0.3526037634392565,
      "op_margin": 0.22063367646621032,
      "fcf_margin": 0.11796539080212924,
      "fcf_margin_change": -0.025474906088216162
    },
    {
      "date": "2021-12-31T00:00:00",
      "quarter_label": "2021-12 (Q4)",
      "revenue": 419841000,
      "gross_profit": 143911000,
      "operating_income": 87959000,
      "net_income": 84179000,
      "opex": 55952202,
      "cogs": 275930403,
      "rd": 31301564,
      "sga": 24650638,
      "fcf": 62786571,
      "ocf": 62786571,
      "capex": null,
      "gross_margin": 0.34277500291777124,
      "op_margin": 0.20950550327385845,
      "fcf_margin": 0.1495484504848264,
      "incr_op_margin_yoy": 0.6767221399161993,
      "rev_growth_yoy": -0.20764384823275406,
      "op_leverage_ratio": 0.8303611473894408,
      "fcf_margin_change": 0.03158305968269716
    },
    {
      "date": "2022-03-31T00:00:00",
      "quarter_label": "2022-03 (Q1)",
      "revenue": 468250776,
      "gross_profit": 160411960,
      "operating_income": 103305905,
      "net_income": 87528626,
      "opex": 57106055,
      "cogs": 307838816,
      "rd": 31974987,
      "sga": 25131068,
      "fcf": 115958543,
      "ocf": 115958543,
      "capex": null,
      "gross_margin": 0.34257702970683385,
      "op_margin": 0.22062089439014618,
      "fcf_margin": 0.24764196653461606,
      "incr_op_margin_yoy": 1.9663740544419395,
      "rev_growth_yoy": -0.03198939097688138,
      "rev_growth_yoy_accel": 0.17565445725587267,
      "op_leverage_ratio": 5.591327419531316,
      "fcf_margin_change": 0.09809351604978966
    },
    {
      "date": "2022-06-30T00:00:00",
      "quarter_label": "2022-06 (Q2)",
      "revenue": 463423002,
      "gross_profit": 148367014,
      "operating_income": 85790969,
      "net_income": 72404403,
      "opex": 62576045,
      "cogs": 315055988,
      "rd": 32857419,
      "sga": 29718626,
      "fcf": 73302500,
      "ocf": 73302500,
      "capex": null,
      "gross_margin": 0.3201546176164989,
      "op_margin": 0.18512453768965054,
      "fcf_margin": 0.15817622276763896,
      "incr_op_margin_yoy": -0.39905306841926824,
      "rev_growth_yoy": 0.08275130862598795,
      "rev_growth_yoy_accel": 0.11474069960286934,
      "fcf_margin_change": -0.08946574376697711
    },
    {
      "date": "2022-09-30T00:00:00",
      "quarter_label": "2022-09 (Q3)",
      "revenue": 493636695,
      "gross_profit": 147201025,
      "operating_income": 86791540,
      "net_income": 72655995,
      "opex": 60409485,
      "cogs": 346435670,
      "rd": 33541331,
      "sga": 26868154,
      "fcf": 47096522,
      "ocf": 47096522,
      "capex": null,
      "gross_margin": 0.29819708804265455,
      "op_margin": 0.17582068124007677,
      "fcf_margin": 0.09540725492459591,
      "incr_op_margin_yoy": -0.014604741866398173,
      "rev_growth_yoy": 0.23533094738656135,
      "rev_growth_yoy_accel": 0.1525796387605734,
      "op_leverage_ratio": Infinity,
      "fcf_margin_change": -0.06276896784304305
    },
    {
      "date": "2022-12-31T00:00:00",
      "quarter_label": "2022-12 (Q4)",
      "revenue": 493648000,
      "gross_profit": 153834000,
      "operating_income": 94118000,
      "net_income": 86168000,
      "opex": 59716474,
      "cogs": 339813384,
      "rd": 34935067,
      "sga": 24781407,
      "fcf": 101842964,
      "ocf": 101842964,
      "capex": null,
      "gross_margin": 0.3116269082423103,
      "op_margin": 0.190658120766214,
      "fcf_margin": 0.2063068502252617,
      "incr_op_margin_yoy": 0.08344736949069871,
      "rev_growth_yoy": 0.175797504293292,
      "rev_growth_yoy_accel": -0.059533443093269356,
      "fcf_margin_change": 0.1108995953006658
    },
    {
      "date": "2023-03-31T00:00:00",
      "quarter_label": "2023-03 (Q1)",
      "revenue": 550761311,
      "gross_profit": 174737231,
      "operating_income": 113250647,
      "net_income": 97578261,
      "opex": 61486584,
      "cogs": 376024080,
      "rd": 34653747,
      "sga": 26832837,
      "fcf": 120914110,
      "ocf": 120914110,
      "capex": null,
      "gross_margin": 0.3172648977153735,
      "op_margin": 0.20562563988812932,
      "fcf_margin": 0.219539948767389,
      "incr_op_margin_yoy": 0.12052693634818874,
      "rev_growth_yoy": 0.1762101404397886,
      "rev_growth_yoy_accel": 0.0004126361464966144,
      "op_leverage_ratio": 3.9031375567183675,
      "fcf_margin_change": 0.013233098542127286
    },
    {
      "date": "2023-06-30T00:00:00",
      "quarter_label": "2023-06 (Q2)",
      "revenue": 583472846,
      "gross_profit": 193083039,
      "operating_income": 127289388,
      "net_income": 109155403,
      "opex": 65793651,
      "cogs": 390389807,
      "rd": 37973790,
      "sga": 27819861,
      "fcf": 120852023,
      "ocf": 120852023,
      "capex": null,
      "gross_margin": 0.3309203510046464,
      "op_margin": 0.21815820371527625,
      "fcf_margin": 0.20712535952358613,
      "incr_op_margin_yoy": 0.3456765758062959,
      "rev_growth_yoy": 0.25905024886960615,
      "rev_growth_yoy_accel": 0.08284010842981754,
      "op_leverage_ratio": 0.8478836038050769,
      "fcf_margin_change": -0.01241458924380287
    },
    {
      "date": "2023-09-30T00:00:00",
      "quarter_label": "2023-09 (Q3)",
      "revenue": 575848490,
      "gross_profit": 191440633,
      "operating_income": 122416529,
      "net_income": 104725412,
      "opex": 69024104,
      "cogs": 384407857,
      "rd": 40197517,
      "sga": 28826587,
      "fcf": 125902173,
      "ocf": 125902173,
      "capex": null,
      "gross_margin": 0.3324496570269725,
      "op_margin": 0.21258461405360288,
      "fcf_margin": 0.21863767151668662,
      "incr_op_margin_yoy": 0.4333318473340717,
      "rev_growth_yoy": 0.16654311932786925,
      "rev_growth_yoy_accel": -0.0925071295417369,
      "fcf_margin_change": 0.011512311993100488
    },
    {
      "date": "2023-12-31T00:00:00",
      "quarter_label": "2023-12 (Q4)",
      "revenue": 589132000,
      "gross_profit": 203369000,
      "operating_income": 132774000,
      "net_income": 116944000,
      "opex": 70594616,
      "cogs": 385763292,
      "rd": 41534646,
      "sga": 29059970,
      "fcf": 169581286,
      "ocf": 169581286,
      "capex": null,
      "gross_margin": 0.34520107548053747,
      "op_margin": 0.2253722425534515,
      "fcf_margin": 0.2878493885920303,
      "incr_op_margin_yoy": 0.4048426961585187,
      "rev_growth_yoy": 0.1934252746896574,
      "rev_growth_yoy_accel": 0.026882155361788146,
      "op_leverage_ratio": 1.0138276542854718,
      "fcf_margin_change": 0.06921171707534368
    },
    {
      "date": "2024-03-31T00:00:00",
      "quarter_label": "2024-03 (Q1)",
      "revenue": 590225211,
      "gross_profit": 202237606,
      "operating_income": 129346312,
      "net_income": 108230714,
      "opex": 72891294,
      "cogs": 387987605,
      "rd": 42181986,
      "sga": 30709308,
      "fcf": 129877130,
      "ocf": 129877130,
      "capex": null,
      "gross_margin": 0.34264481121935675,
      "op_margin": 0.2191473857595012,
      "fcf_margin": 0.22004673399151023,
      "incr_op_margin_yoy": 0.4078579410549895,
      "rev_growth_yoy": 0.0716533627395625,
      "rev_growth_yoy_accel": -0.12177191195009489,
      "fcf_margin_change": -0.06780265460052007
    },
    {
      "date": "2024-06-30T00:00:00",
      "quarter_label": "2024-06 (Q2)",
      "revenue": 572925778,
      "gross_profit": 188563309,
      "operating_income": 114884022,
      "net_income": 86040438,
      "opex": 73679287,
      "cogs": 384362469,
      "rd": 44003994,
      "sga": 29675293,
      "fcf": 129250315,
      "ocf": 129250315,
      "capex": null,
      "gross_margin": 0.3291234506121315,
      "op_margin": 0.20052164942035475,
      "fcf_margin": 0.2255969620553537,
      "incr_op_margin_yoy": 1.1761909565767472,
      "rev_growth_yoy": -0.018076364773965847,
      "rev_growth_yoy_accel": -0.08972972751352835,
      "fcf_margin_change": 0.0055502280638434764
    },
    {
      "date": "2024-09-30T00:00:00",
      "quarter_label": "2024-09 (Q3)",
      "revenue": 608525777,
      "gross_profit": 204063635,
      "operating_income": 125728152,
      "net_income": 122549041,
      "opex": 78335483,
      "cogs": 404462142,
      "rd": 48225968,
      "sga": 30109515,
      "fcf": 84690307,
      "ocf": 84690307,
      "capex": null,
      "gross_margin": 0.3353409875355206,
      "op_margin": 0.20661105371712132,
      "fcf_margin": 0.13917291625265038,
      "incr_op_margin_yoy": 0.10134326634888631,
      "rev_growth_yoy": 0.05674632749319183,
      "rev_growth_yoy_accel": 0.07482269226715768,
      "op_leverage_ratio": 0.9832541400373717,
      "fcf_margin_change": -0.08642404580270333
    },
    {
      "date": "2024-12-31T00:00:00",
      "quarter_label": "2024-12 (Q4)",
      "revenue": 541638000,
      "gross_profit": 176226000,
      "operating_income": 89768000,
      "net_income": null,
      "opex": 86457552,
      "cogs": 365411928,
      "rd": 47063273,
      "sga": 30529575,
      "fcf": 154395468,
      "ocf": 154395468,
      "capex": null,
      "gross_margin": 0.3253575266137162,
      "op_margin": 0.16573430963115587,
      "fcf_margin": 0.28505287295204546,
      "incr_op_margin_yoy": 0.9055038531182886,
      "rev_growth_yoy": -0.08061690758607579,
      "rev_growth_yoy_accel": -0.13736323507926762,
      "fcf_margin_change": 0.14587995669939507
    },
    {
      "date": "2025-03-31T00:00:00",
      "quarter_label": "2025-03 (Q1)",
      "revenue": 576773090,
      "gross_profit": 191733587,
      "operating_income": 112987106,
      "net_income": null,
      "opex": 78746481,
      "cogs": 385039503,
      "rd": 45924364,
      "sga": 29933005,
      "fcf": 148505521,
      "ocf": 148505521,
      "capex": null,
      "gross_margin": 0.3324246403381961,
      "op_margin": 0.1958952453901759,
      "fcf_margin": 0.2574765077892244,
      "incr_op_margin_yoy": 1.2161060698160535,
      "rev_growth_yoy": -0.02279150525815137,
      "rev_growth_yoy_accel": 0.05782540232792442,
      "op_leverage_ratio": Infinity,
      "fcf_margin_change": -0.02757636516282108
    },
    {
      "date": "2025-06-30T00:00:00",
      "quarter_label": "2025-06 (Q2)",
      "revenue": 657858210,
      "gross_profit": 225290903,
      "operating_income": 118520135,
      "net_income": 96039584,
      "opex": 106770768,
      "cogs": 432567307,
      "rd": 51471277,
      "sga": 48515355,
      "fcf": 166139351,
      "ocf": 166139351,
      "capex": null,
      "gross_margin": 0.34246118627903116,
      "op_margin": 0.18016060786107693,
      "fcf_margin": 0.25254583506679956,
      "incr_op_margin_yoy": 0.042811831880664855,
      "rev_growth_yoy": 0.14824334191504995,
      "rev_growth_yoy_accel": 0.17103484717320133,
      "op_leverage_ratio": 0.39503243643228503,
      "fcf_margin_change": -0.0049306727224248115
    },
    {
      "date": "2025-09-30T00:00:00",
      "quarter_label": "2025-09 (Q3)",
      "revenue": 655236055,
      "gross_profit": 225166737,
      "operating_income": 122326938,
      "net_income": 100967910,
      "opex": 102839799,
      "cogs": 430069318,
      "rd": 52634707,
      "sga": 49686902,
      "fcf": 146982701,
      "ocf": 146982701,
      "capex": null,
      "gross_margin": 0.34364216572300804,
      "op_margin": 0.18669140238322202,
      "fcf_margin": 0.22432022761629014,
      "incr_op_margin_yoy": -0.07281510934274465,
      "rev_growth_yoy": 0.07675973601361508,
      "rev_growth_yoy_accel": -0.07148360590143488,
      "fcf_margin_change": -0.02822560745050942
    }
  ],
  "signals": [
    {
      "quarter": "2025-09 (Q3)",
      "signal": "YoY REVENUE GROWTH DECELERATION",
      "detail": "YoY growth: +7.7% vs prior quarter YoY: +14.8% (decel: -7.1%)",
      "severity": "WARNING"
    },
    {
      "quarter": "2025-06 (Q2)",
      "signal": "YoY REVENUE GROWTH ACCELERATION",
      "detail": "YoY growth: +14.8% vs prior quarter YoY: -2.3% (accel: +17.1%)",
      "severity": "HIGH"
    },
    {
      "quarter": "2025-03 (Q1)",
      "signal": "YoY REVENUE GROWTH ACCELERATION",
      "detail": "YoY growth: -2.3% vs prior quarter YoY: -8.1% (accel: +5.8%)",
      "severity": "MEDIUM"
    },
    {
      "quarter": "2025-03 (Q1)",
      "signal": "INCREMENTAL MARGIN (YoY)",
      "detail": "YoY Incr OPM: +121.6% vs year-ago OPM: +21.9%",
      "severity": "HIGH"
    },
    {
      "quarter": "2024-12 (Q4)",
      "signal": "FCF MARGIN EXPANSION",
      "detail": "FCF margin: +13.9% -> +28.5% (+14.6%)",
      "severity": "MEDIUM"
    },
    {
      "quarter": "2024-12 (Q4)",
      "signal": "YoY REVENUE GROWTH DECELERATION",
      "detail": "YoY growth: -8.1% vs prior quarter YoY: +5.7% (decel: -13.7%)",
      "severity": "WARNING"
    },
    {
      "quarter": "2024-12 (Q4)",
      "signal": "INCREMENTAL MARGIN (YoY)",
      "detail": "YoY Incr OPM: +90.6% vs year-ago OPM: +22.5%",
      "severity": "HIGH"
    },
    {
      "quarter": "2024-09 (Q3)",
      "signal": "YoY REVENUE GROWTH ACCELERATION",
      "detail": "YoY growth: +5.7% vs prior quarter YoY: -1.8% (accel: +7.5%)",
      "severity": "MEDIUM"
    },
    {
      "quarter": "2024-06 (Q2)",
      "signal": "YoY REVENUE GROWTH DECELERATION",
      "detail": "YoY growth: -1.8% vs prior quarter YoY: +7.2% (decel: -9.0%)",
      "severity": "WARNING"
    },
    {
      "quarter": "2024-06 (Q2)",
      "signal": "INCREMENTAL MARGIN (YoY)",
      "detail": "YoY Incr OPM: +117.6% vs year-ago OPM: +21.8%",
      "severity": "HIGH"
    },
    {
      "quarter": "2024-03 (Q1)",
      "signal": "YoY REVENUE GROWTH DECELERATION",
      "detail": "YoY growth: +7.2% vs prior quarter YoY: +19.3% (decel: -12.2%)",
      "severity": "WARNING"
    },
    {
      "quarter": "2024-03 (Q1)",
      "signal": "INCREMENTAL MARGIN (YoY)",
      "detail": "YoY Incr OPM: +40.8% vs year-ago OPM: +20.6%",
      "severity": "HIGH"
    },
    {
      "quarter": "2023-12 (Q4)",
      "signal": "FCF MARGIN EXPANSION",
      "detail": "FCF margin: +21.9% -> +28.8% (+6.9%)",
      "severity": "MEDIUM"
    },
    {
      "quarter": "2023-12 (Q4)",
      "signal": "INCREMENTAL MARGIN (YoY)",
      "detail": "YoY Incr OPM: +40.5% vs year-ago OPM: +19.1%",
      "severity": "HIGH"
    },
    {
      "quarter": "2023-09 (Q3)",
      "signal": "YoY REVENUE GROWTH DECELERATION",
      "detail": "YoY growth: +16.7% vs prior quarter YoY: +25.9% (decel: -9.3%)",
      "severity": "WARNING"
    },
    {
      "quarter": "2023-09 (Q3)",
      "signal": "INCREMENTAL MARGIN (YoY)",
      "detail": "YoY Incr OPM: +43.3% vs year-ago OPM: +17.6%",
      "severity": "HIGH"
    },
    {
      "quarter": "2023-06 (Q2)",
      "signal": "YoY REVENUE GROWTH ACCELERATION",
      "detail": "YoY growth: +25.9% vs prior quarter YoY: +17.6% (accel: +8.3%)",
      "severity": "MEDIUM"
    },
    {
      "quarter": "2023-06 (Q2)",
      "signal": "INCREMENTAL MARGIN (YoY)",
      "detail": "YoY Incr OPM: +34.6% vs year-ago OPM: +18.5%",
      "severity": "MEDIUM"
    },
    {
      "quarter": "2023-03 (Q1)",
      "signal": "OPERATING LEVERAGE",
      "detail": "Rev growth +11.6% vs OpEx growth +3.0% (leverage: 3.9x)",
      "severity": "MEDIUM"
    },
    {
      "quarter": "2022-12 (Q4)",
      "signal": "FCF MARGIN EXPANSION",
      "detail": "FCF margin: +9.5% -> +20.6% (+11.1%)",
      "severity": "MEDIUM"
    },
    {
      "quarter": "2022-12 (Q4)",
      "signal": "YoY REVENUE GROWTH DECELERATION",
      "detail": "YoY growth: +17.6% vs prior quarter YoY: +23.5% (decel: -6.0%)",
      "severity": "WARNING"
    },
    {
      "quarter": "2022-09 (Q3)",
      "signal": "YoY REVENUE GROWTH ACCELERATION",
      "detail": "YoY growth: +23.5% vs prior quarter YoY: +8.3% (accel: +15.3%)",
      "severity": "HIGH"
    },
    {
      "quarter": "2022-06 (Q2)",
      "signal": "YoY REVENUE GROWTH ACCELERATION",
      "detail": "YoY growth: +8.3% vs prior quarter YoY: -3.2% (accel: +11.5%)",
      "severity": "MEDIUM"
    },
    {
      "quarter": "2022-03 (Q1)",
      "signal": "FCF MARGIN EXPANSION",
      "detail": "FCF margin: +15.0% -> +24.8% (+9.8%)",
      "severity": "MEDIUM"
    },
    {
      "quarter": "2022-03 (Q1)",
      "signal": "OPERATING LEVERAGE",
      "detail": "Rev growth +11.5% vs OpEx growth +2.1% (leverage: 5.6x)",
      "severity": "MEDIUM"
    },
    {
      "quarter": "2022-03 (Q1)",
      "signal": "YoY REVENUE GROWTH ACCELERATION",
      "detail": "YoY growth: -3.2% vs prior quarter YoY: -20.8% (accel: +17.6%)",
      "severity": "HIGH"
    },
    {
      "quarter": "2022-03 (Q1)",
      "signal": "INCREMENTAL MARGIN (YoY)",
      "detail": "YoY Incr OPM: +196.6% vs year-ago OPM: +27.6%",
      "severity": "HIGH"
    },
    {
      "quarter": "2021-12 (Q4)",
      "signal": "INCREMENTAL MARGIN (YoY)",
      "detail": "YoY Incr OPM: +67.7% vs year-ago OPM: +30.7%",
      "severity": "HIGH"
    },
    {
      "quarter": "2021-03 (Q1)",
      "signal": "FCF MARGIN EXPANSION",
      "detail": "FCF margin: +25.6% -> +39.5% (+13.9%)",
      "severity": "MEDIUM"
    }
  ],
  "data_quality": {
    "n_quarters": 20,
    "coverage": {
      "revenue": [
        20,
        20
      ],
      "gross_profit": [
        20,
        20
      ],
      "op_income": [
        20,
        20
      ],
      "fcf": [
        20,
        20
      ]
    },
    "gaps": [],
    "warnings": []
  },
  "market_cap": null,
  "source": "SEC EDGAR",
  "last_updated": "2026-02-02T21:01:35.967455",
  "sector": "Consumer Cyclical",
  "industry": "Auto Parts"
}