{
  "ticker": "GOCO",
  "name": "GoHealth, Inc.",
  "quarters": [
    {
      "date": "2020-12-31T00:00:00",
      "quarter_label": "2020-12 (Q4)",
      "revenue": 445923000,
      "gross_profit": 351241000,
      "operating_income": 141831000,
      "net_income": 35956000,
      "opex": 304092000,
      "cogs": 94682000,
      "rd": null,
      "sga": null,
      "fcf": -143052000,
      "ocf": -143052000,
      "capex": null,
      "gross_margin": 0.7876718626309923,
      "op_margin": 0.3180616384443054,
      "fcf_margin": -0.32079977933410025
    },
    {
      "date": "2021-03-31T00:00:00",
      "quarter_label": "2021-03 (Q1)",
      "revenue": 204179000,
      "gross_profit": 155804000,
      "operating_income": 1402000,
      "net_income": -2090000,
      "opex": 202777000,
      "cogs": 48375000,
      "rd": null,
      "sga": null,
      "fcf": 31202000,
      "ocf": 31202000,
      "capex": null,
      "gross_margin": 0.7630755366614588,
      "op_margin": 0.00686652398140847,
      "fcf_margin": 0.15281689106127466,
      "fcf_margin_change": 0.4736166703953749
    },
    {
      "date": "2021-06-30T00:00:00",
      "quarter_label": "2021-06 (Q2)",
      "revenue": 196902000,
      "gross_profit": 159460000,
      "operating_income": -18951000,
      "net_income": -11989000,
      "opex": 215853000,
      "cogs": 37442000,
      "rd": null,
      "sga": null,
      "fcf": -63452000,
      "ocf": -63452000,
      "capex": null,
      "gross_margin": 0.8098444911681953,
      "op_margin": -0.09624584818843891,
      "fcf_margin": -0.32225167849996444,
      "fcf_margin_change": -0.4750685695612391
    },
    {
      "date": "2021-09-30T00:00:00",
      "quarter_label": "2021-09 (Q3)",
      "revenue": 211734000,
      "gross_profit": 158102000,
      "operating_income": -48619000,
      "net_income": -20183000,
      "opex": 260353000,
      "cogs": 53632000,
      "rd": null,
      "sga": null,
      "fcf": -40169000,
      "ocf": -40169000,
      "capex": null,
      "gross_margin": 0.7467010494299451,
      "op_margin": -0.22962301755976838,
      "fcf_margin": -0.18971445304013526,
      "op_leverage_ratio": 0.3653824364119309,
      "fcf_margin_change": 0.13253722545982918
    },
    {
      "date": "2021-12-31T00:00:00",
      "quarter_label": "2021-12 (Q4)",
      "revenue": 449600000,
      "gross_profit": 349714000,
      "operating_income": -423279000,
      "net_income": -155095000,
      "opex": 872879000,
      "cogs": 99886000,
      "rd": null,
      "sga": null,
      "fcf": -226587000,
      "ocf": -226587000,
      "capex": null,
      "gross_margin": 0.7778336298932385,
      "op_margin": -0.9414568505338078,
      "fcf_margin": -0.5039746441281139,
      "incr_op_margin_yoy": -153.68778895839,
      "rev_growth_yoy": 0.008245818224222568,
      "op_leverage_ratio": 0.4775070914457049,
      "fcf_margin_change": -0.31426019108797865
    },
    {
      "date": "2022-03-31T00:00:00",
      "quarter_label": "2022-03 (Q1)",
      "revenue": 270593000,
      "gross_profit": 202670000,
      "operating_income": -25308000,
      "net_income": -13483000,
      "opex": 295901000,
      "cogs": 67923000,
      "rd": null,
      "sga": null,
      "fcf": 54486000,
      "ocf": 54486000,
      "capex": null,
      "gross_margin": 0.7489846374444276,
      "op_margin": -0.09352791831274275,
      "fcf_margin": 0.20135775870033593,
      "incr_op_margin_yoy": -0.40217424037100613,
      "rev_growth_yoy": 0.3252734120551085,
      "rev_growth_yoy_accel": 0.31702759383088597,
      "fcf_margin_change": 0.7053324028284498
    },
    {
      "date": "2022-06-30T00:00:00",
      "quarter_label": "2022-06 (Q2)",
      "revenue": 158654000,
      "gross_profit": 107580000,
      "operating_income": -101041000,
      "net_income": -43819000,
      "opex": 259695000,
      "cogs": 51074000,
      "rd": null,
      "sga": null,
      "fcf": -48109000,
      "ocf": -48109000,
      "capex": null,
      "gross_margin": 0.6780793424685164,
      "op_margin": -0.6368638672835226,
      "fcf_margin": -0.3032321908051483,
      "incr_op_margin_yoy": 2.1462560133863207,
      "rev_growth_yoy": -0.19424891570425898,
      "rev_growth_yoy_accel": -0.5195223277593675,
      "fcf_margin_change": -0.5045899495054842
    },
    {
      "date": "2022-09-30T00:00:00",
      "quarter_label": "2022-09 (Q3)",
      "revenue": 133052000,
      "gross_profit": 85008000,
      "operating_income": -59139000,
      "net_income": -30005000,
      "opex": 192191000,
      "cogs": 48044000,
      "rd": null,
      "sga": null,
      "fcf": 95526000,
      "ocf": 95526000,
      "capex": null,
      "gross_margin": 0.6389080960827346,
      "op_margin": -0.44448035354598203,
      "fcf_margin": 0.7179598953792502,
      "incr_op_margin_yoy": 0.13370275285325742,
      "rev_growth_yoy": -0.3716077720158312,
      "rev_growth_yoy_accel": -0.1773588563115722,
      "fcf_margin_change": 1.0211920861843984
    },
    {
      "date": "2022-12-31T00:00:00",
      "quarter_label": "2022-12 (Q4)",
      "revenue": 69376000,
      "gross_profit": 48747000,
      "operating_income": -133178000,
      "net_income": -61399000,
      "opex": 202554000,
      "cogs": 20629000,
      "rd": null,
      "sga": null,
      "fcf": -40999000,
      "ocf": -40999000,
      "capex": null,
      "gross_margin": 0.7026493311808119,
      "op_margin": -1.9196552121771218,
      "fcf_margin": -0.5909680581180812,
      "incr_op_margin_yoy": -0.762973931156371,
      "rev_growth_yoy": -0.8456939501779359,
      "rev_growth_yoy_accel": -0.47408617816210474,
      "fcf_margin_change": -1.3089279534973315
    },
    {
      "date": "2023-03-31T00:00:00",
      "quarter_label": "2023-03 (Q1)",
      "revenue": 183158000,
      "gross_profit": 137696000,
      "operating_income": -5749000,
      "net_income": -9179000,
      "opex": 188907000,
      "cogs": 45462000,
      "rd": null,
      "sga": null,
      "fcf": 20479000,
      "ocf": 20479000,
      "capex": null,
      "gross_margin": 0.7517880736850151,
      "op_margin": -0.03138820035160899,
      "fcf_margin": 0.11181056792496097,
      "incr_op_margin_yoy": -0.22369760393435123,
      "rev_growth_yoy": -0.32312365803993454,
      "rev_growth_yoy_accel": 0.5225702921380013,
      "op_leverage_ratio": Infinity,
      "fcf_margin_change": 0.7027786260430422
    },
    {
      "date": "2023-06-30T00:00:00",
      "quarter_label": "2023-06 (Q2)",
      "revenue": 142779000,
      "gross_profit": 106357000,
      "operating_income": -53016000,
      "net_income": -28942000,
      "opex": 195795000,
      "cogs": 36422000,
      "rd": null,
      "sga": null,
      "fcf": 10861000,
      "ocf": 10861000,
      "capex": null,
      "gross_margin": 0.7449064638357181,
      "op_margin": -0.37131510936482254,
      "fcf_margin": 0.07606860952941259,
      "incr_op_margin_yoy": -3.025196850393701,
      "rev_growth_yoy": -0.10006050903223367,
      "rev_growth_yoy_accel": 0.22306314900770086,
      "fcf_margin_change": -0.035741958395548376
    },
    {
      "date": "2023-09-30T00:00:00",
      "quarter_label": "2023-09 (Q3)",
      "revenue": 132037000,
      "gross_profit": 96045000,
      "operating_income": -37976000,
      "net_income": -23910000,
      "opex": 170013000,
      "cogs": 35992000,
      "rd": null,
      "sga": null,
      "fcf": 6500000,
      "ocf": 6500000,
      "capex": null,
      "gross_margin": 0.7274097412089036,
      "op_margin": -0.2876163499625105,
      "fcf_margin": 0.04922862530957232,
      "incr_op_margin_yoy": -20.850246305418718,
      "rev_growth_yoy": -0.007628596338273758,
      "rev_growth_yoy_accel": 0.09243191269395991,
      "fcf_margin_change": -0.026839984219840275
    },
    {
      "date": "2023-12-31T00:00:00",
      "quarter_label": "2023-12 (Q4)",
      "revenue": 276697000,
      "gross_profit": 235612000,
      "operating_income": 15060000,
      "net_income": -1226000,
      "opex": 261637000,
      "cogs": 41085000,
      "rd": null,
      "sga": null,
      "fcf": 71301000,
      "ocf": 71301000,
      "capex": null,
      "gross_margin": 0.851516279540436,
      "op_margin": 0.05442776755801473,
      "fcf_margin": 0.25768620548831395,
      "incr_op_margin_yoy": 0.7150168096816049,
      "rev_growth_yoy": 2.9883677352398523,
      "rev_growth_yoy_accel": 2.995996331578126,
      "op_leverage_ratio": 2.0329453111147386,
      "fcf_margin_change": 0.20845758017874164
    },
    {
      "date": "2024-03-31T00:00:00",
      "quarter_label": "2024-03 (Q1)",
      "revenue": 185600000,
      "gross_profit": 147587000,
      "operating_income": -4032000,
      "net_income": -9216000,
      "opex": 189632000,
      "cogs": 38013000,
      "rd": null,
      "sga": null,
      "fcf": 12512000,
      "ocf": 12512000,
      "capex": null,
      "gross_margin": 0.7951885775862069,
      "op_margin": -0.021724137931034483,
      "fcf_margin": 0.06741379310344828,
      "incr_op_margin_yoy": 0.7031122031122031,
      "rev_growth_yoy": 0.013332750958189105,
      "rev_growth_yoy_accel": -2.9750349842816632,
      "fcf_margin_change": -0.19027241238486567
    },
    {
      "date": "2024-06-30T00:00:00",
      "quarter_label": "2024-06 (Q2)",
      "revenue": 105870000,
      "gross_profit": 85190000,
      "operating_income": -40610000,
      "net_income": -25996000,
      "opex": 146480000,
      "cogs": 20680000,
      "rd": null,
      "sga": null,
      "fcf": -36496000,
      "ocf": -36496000,
      "capex": null,
      "gross_margin": 0.8046660999338812,
      "op_margin": -0.38358364031359216,
      "fcf_margin": -0.34472466232171534,
      "incr_op_margin_yoy": -0.33612398060093746,
      "rev_growth_yoy": -0.2585044019078436,
      "rev_growth_yoy_accel": -0.27183715286603266,
      "fcf_margin_change": -0.4121384554251636
    },
    {
      "date": "2024-09-30T00:00:00",
      "quarter_label": "2024-09 (Q3)",
      "revenue": 118292000,
      "gross_profit": 98609000,
      "operating_income": -42672000,
      "net_income": 6775000,
      "opex": 160964000,
      "cogs": 19683000,
      "rd": null,
      "sga": null,
      "fcf": -12227000,
      "ocf": -12227000,
      "capex": null,
      "gross_margin": 0.8336066682446827,
      "op_margin": -0.36073445372468127,
      "fcf_margin": -0.1033628647753018,
      "incr_op_margin_yoy": 0.34165150963986907,
      "rev_growth_yoy": -0.10409960844308792,
      "rev_growth_yoy_accel": 0.15440479346475566,
      "op_leverage_ratio": 1.1866111557563823,
      "fcf_margin_change": 0.24136179754641354
    },
    {
      "date": "2024-12-31T00:00:00",
      "quarter_label": "2024-12 (Q4)",
      "revenue": 389132000,
      "gross_profit": 336896000,
      "operating_income": 80267000,
      "net_income": 25509000,
      "opex": 308865000,
      "cogs": 52236000,
      "rd": null,
      "sga": null,
      "fcf": 14604000,
      "ocf": 14604000,
      "capex": null,
      "gross_margin": 0.8657627745854877,
      "op_margin": 0.20627190773310855,
      "fcf_margin": 0.03752968144485676,
      "incr_op_margin_yoy": 0.5799528616533998,
      "rev_growth_yoy": 0.40634701496582903,
      "rev_growth_yoy_accel": 0.510446623408917,
      "op_leverage_ratio": 2.49181086974931,
      "fcf_margin_change": 0.14089254622015857
    },
    {
      "date": "2025-03-31T00:00:00",
      "quarter_label": "2025-03 (Q1)",
      "revenue": 220972000,
      "gross_profit": 181700000,
      "operating_income": 6669000,
      "net_income": -4408000,
      "opex": 214303000,
      "cogs": 39272000,
      "rd": null,
      "sga": null,
      "fcf": -12405000,
      "ocf": -12405000,
      "capex": null,
      "gross_margin": 0.8222761254819615,
      "op_margin": 0.030180294335933965,
      "fcf_margin": -0.056138334268595116,
      "incr_op_margin_yoy": 0.30252742282030987,
      "rev_growth_yoy": 0.19058189655172414,
      "rev_growth_yoy_accel": -0.2157651184141049,
      "fcf_margin_change": -0.09366801571345187
    },
    {
      "date": "2025-06-30T00:00:00",
      "quarter_label": "2025-06 (Q2)",
      "revenue": 94048000,
      "gross_profit": 61638000,
      "operating_income": -99386000,
      "net_income": -54277000,
      "opex": 193434000,
      "cogs": 32410000,
      "rd": null,
      "sga": null,
      "fcf": -37817000,
      "ocf": -37817000,
      "capex": null,
      "gross_margin": 0.6553887376658728,
      "op_margin": -1.0567582511058182,
      "fcf_margin": -0.4021031813542021,
      "incr_op_margin_yoy": 4.971747589240399,
      "rev_growth_yoy": -0.11166524983470294,
      "rev_growth_yoy_accel": -0.3022471463864271,
      "fcf_margin_change": -0.345964847085607
    },
    {
      "date": "2025-09-30T00:00:00",
      "quarter_label": "2025-09 (Q3)",
      "revenue": 34186000,
      "gross_profit": 14091000,
      "operating_income": -287917000,
      "net_income": -165846000,
      "opex": 322103000,
      "cogs": 20095000,
      "rd": null,
      "sga": null,
      "fcf": -32651000,
      "ocf": -32651000,
      "capex": null,
      "gross_margin": 0.41218627508336747,
      "op_margin": -8.42207336336512,
      "fcf_margin": -0.9550985783654128,
      "incr_op_margin_yoy": 2.915903740517918,
      "rev_growth_yoy": -0.7110032800189362,
      "rev_growth_yoy_accel": -0.5993380301842333,
      "fcf_margin_change": -0.5529953970112107
    }
  ],
  "signals": [
    {
      "quarter": "2025-09 (Q3)",
      "signal": "YoY REVENUE GROWTH DECELERATION",
      "detail": "YoY growth: -71.1% vs prior quarter YoY: -11.2% (decel: -59.9%)",
      "severity": "WARNING"
    },
    {
      "quarter": "2025-06 (Q2)",
      "signal": "YoY REVENUE GROWTH DECELERATION",
      "detail": "YoY growth: -11.2% vs prior quarter YoY: +19.1% (decel: -30.2%)",
      "severity": "WARNING"
    },
    {
      "quarter": "2025-03 (Q1)",
      "signal": "YoY REVENUE GROWTH DECELERATION",
      "detail": "YoY growth: +19.1% vs prior quarter YoY: +40.6% (decel: -21.6%)",
      "severity": "WARNING"
    },
    {
      "quarter": "2025-03 (Q1)",
      "signal": "OP MARGIN TURNED POSITIVE (YoY)",
      "detail": "Op margin: -2.2% (year-ago) -> +3.0%",
      "severity": "HIGH"
    },
    {
      "quarter": "2024-12 (Q4)",
      "signal": "FCF TURNED POSITIVE",
      "detail": "FCF margin: -10.3% -> +3.8%",
      "severity": "HIGH"
    },
    {
      "quarter": "2024-12 (Q4)",
      "signal": "OPERATING LEVERAGE",
      "detail": "Rev growth +229.0% vs OpEx growth +91.9% (leverage: 2.5x)",
      "severity": "MEDIUM"
    },
    {
      "quarter": "2024-12 (Q4)",
      "signal": "YoY REVENUE GROWTH ACCELERATION",
      "detail": "YoY growth: +40.6% vs prior quarter YoY: -10.4% (accel: +51.0%)",
      "severity": "HIGH"
    },
    {
      "quarter": "2024-12 (Q4)",
      "signal": "INCREMENTAL MARGIN (YoY)",
      "detail": "YoY Incr OPM: +58.0% vs year-ago OPM: +5.4%",
      "severity": "HIGH"
    },
    {
      "quarter": "2024-12 (Q4)",
      "signal": "OP MARGIN TURNED POSITIVE (QoQ)",
      "detail": "Op margin: -36.1% -> +20.6%",
      "severity": "HIGH"
    },
    {
      "quarter": "2024-09 (Q3)",
      "signal": "FCF MARGIN EXPANSION",
      "detail": "FCF margin: -34.5% -> -10.3% (+24.1%)",
      "severity": "MEDIUM"
    },
    {
      "quarter": "2024-09 (Q3)",
      "signal": "YoY REVENUE GROWTH ACCELERATION",
      "detail": "YoY growth: -10.4% vs prior quarter YoY: -25.9% (accel: +15.4%)",
      "severity": "HIGH"
    },
    {
      "quarter": "2024-06 (Q2)",
      "signal": "YoY REVENUE GROWTH DECELERATION",
      "detail": "YoY growth: -25.9% vs prior quarter YoY: +1.3% (decel: -27.2%)",
      "severity": "WARNING"
    },
    {
      "quarter": "2024-03 (Q1)",
      "signal": "YoY REVENUE GROWTH DECELERATION",
      "detail": "YoY growth: +1.3% vs prior quarter YoY: +298.8% (decel: -297.5%)",
      "severity": "WARNING"
    },
    {
      "quarter": "2023-12 (Q4)",
      "signal": "FCF MARGIN EXPANSION",
      "detail": "FCF margin: +4.9% -> +25.8% (+20.8%)",
      "severity": "MEDIUM"
    },
    {
      "quarter": "2023-12 (Q4)",
      "signal": "OPERATING LEVERAGE",
      "detail": "Rev growth +109.6% vs OpEx growth +53.9% (leverage: 2.0x)",
      "severity": "MEDIUM"
    },
    {
      "quarter": "2023-12 (Q4)",
      "signal": "GROSS MARGIN INFLECTION",
      "detail": "GM: +74.5% -> +72.7% -> +85.2% (reversal +12.4%)",
      "severity": "HIGH"
    },
    {
      "quarter": "2023-12 (Q4)",
      "signal": "YoY REVENUE GROWTH ACCELERATION",
      "detail": "YoY growth: +298.8% vs prior quarter YoY: -0.8% (accel: +299.6%)",
      "severity": "HIGH"
    },
    {
      "quarter": "2023-12 (Q4)",
      "signal": "OP MARGIN TURNED POSITIVE (YoY)",
      "detail": "Op margin: -192.0% (year-ago) -> +5.4%",
      "severity": "HIGH"
    },
    {
      "quarter": "2023-12 (Q4)",
      "signal": "OP MARGIN TURNED POSITIVE (QoQ)",
      "detail": "Op margin: -28.8% -> +5.4%",
      "severity": "HIGH"
    },
    {
      "quarter": "2023-09 (Q3)",
      "signal": "YoY REVENUE GROWTH ACCELERATION",
      "detail": "YoY growth: -0.8% vs prior quarter YoY: -10.0% (accel: +9.2%)",
      "severity": "MEDIUM"
    },
    {
      "quarter": "2023-06 (Q2)",
      "signal": "YoY REVENUE GROWTH ACCELERATION",
      "detail": "YoY growth: -10.0% vs prior quarter YoY: -32.3% (accel: +22.3%)",
      "severity": "HIGH"
    },
    {
      "quarter": "2023-03 (Q1)",
      "signal": "FCF TURNED POSITIVE",
      "detail": "FCF margin: -59.1% -> +11.2%",
      "severity": "HIGH"
    },
    {
      "quarter": "2023-03 (Q1)",
      "signal": "YoY REVENUE GROWTH ACCELERATION",
      "detail": "YoY growth: -32.3% vs prior quarter YoY: -84.6% (accel: +52.3%)",
      "severity": "HIGH"
    },
    {
      "quarter": "2022-12 (Q4)",
      "signal": "GROSS MARGIN INFLECTION",
      "detail": "GM: +67.8% -> +63.9% -> +70.3% (reversal +6.4%)",
      "severity": "HIGH"
    },
    {
      "quarter": "2022-12 (Q4)",
      "signal": "YoY REVENUE GROWTH DECELERATION",
      "detail": "YoY growth: -84.6% vs prior quarter YoY: -37.2% (decel: -47.4%)",
      "severity": "WARNING"
    },
    {
      "quarter": "2022-09 (Q3)",
      "signal": "FCF TURNED POSITIVE",
      "detail": "FCF margin: -30.3% -> +71.8%",
      "severity": "HIGH"
    },
    {
      "quarter": "2022-09 (Q3)",
      "signal": "YoY REVENUE GROWTH DECELERATION",
      "detail": "YoY growth: -37.2% vs prior quarter YoY: -19.4% (decel: -17.7%)",
      "severity": "WARNING"
    },
    {
      "quarter": "2022-06 (Q2)",
      "signal": "YoY REVENUE GROWTH DECELERATION",
      "detail": "YoY growth: -19.4% vs prior quarter YoY: +32.5% (decel: -52.0%)",
      "severity": "WARNING"
    },
    {
      "quarter": "2022-03 (Q1)",
      "signal": "FCF TURNED POSITIVE",
      "detail": "FCF margin: -50.4% -> +20.1%",
      "severity": "HIGH"
    },
    {
      "quarter": "2022-03 (Q1)",
      "signal": "YoY REVENUE GROWTH ACCELERATION",
      "detail": "YoY growth: +32.5% vs prior quarter YoY: +0.8% (accel: +31.7%)",
      "severity": "HIGH"
    },
    {
      "quarter": "2021-12 (Q4)",
      "signal": "GROSS MARGIN INFLECTION",
      "detail": "GM: +81.0% -> +74.7% -> +77.8% (reversal +3.1%)",
      "severity": "MEDIUM"
    },
    {
      "quarter": "2021-09 (Q3)",
      "signal": "FCF MARGIN EXPANSION",
      "detail": "FCF margin: -32.2% -> -19.0% (+13.3%)",
      "severity": "MEDIUM"
    },
    {
      "quarter": "2021-06 (Q2)",
      "signal": "GROSS MARGIN INFLECTION",
      "detail": "GM: +78.8% -> +76.3% -> +81.0% (reversal +4.7%)",
      "severity": "MEDIUM"
    },
    {
      "quarter": "2021-03 (Q1)",
      "signal": "FCF TURNED POSITIVE",
      "detail": "FCF margin: -32.1% -> +15.3%",
      "severity": "HIGH"
    }
  ],
  "data_quality": {
    "n_quarters": 20,
    "coverage": {
      "revenue": [
        20,
        20
      ],
      "gross_profit": [
        20,
        20
      ],
      "op_income": [
        20,
        20
      ],
      "fcf": [
        20,
        20
      ]
    },
    "gaps": [],
    "warnings": []
  },
  "market_cap": null,
  "source": "SEC EDGAR",
  "last_updated": "2026-02-02T23:33:52.923621",
  "sector": "Financial Services",
  "industry": "Insurance Brokers"
}