{
  "ticker": "GOLF",
  "name": "Acushnet Holdings Corp.",
  "quarters": [
    {
      "date": "2020-12-31T00:00:00",
      "quarter_label": "2020-12 (Q4)",
      "revenue": 420494000,
      "gross_profit": 220403000,
      "operating_income": 27092000,
      "net_income": 21600000,
      "opex": 193311000,
      "cogs": 200091000,
      "rd": 13979000,
      "sga": 173621000,
      "fcf": 88026000,
      "ocf": 97314000,
      "capex": -9288000,
      "gross_margin": 0.5241525443882671,
      "op_margin": 0.06442898115074175,
      "fcf_margin": 0.20933949116990969
    },
    {
      "date": "2021-03-31T00:00:00",
      "quarter_label": "2021-03 (Q1)",
      "revenue": 580885000,
      "gross_profit": 310739000,
      "operating_income": 120069000,
      "net_income": 84958000,
      "opex": 190670000,
      "cogs": 270146000,
      "rd": 12329000,
      "sga": 176369000,
      "fcf": -36406000,
      "ocf": -29996000,
      "capex": -6410000,
      "gross_margin": 0.534940650903363,
      "op_margin": 0.20670012136653554,
      "fcf_margin": -0.06267333465315854,
      "op_leverage_ratio": Infinity,
      "fcf_margin_change": -0.27201282582306824
    },
    {
      "date": "2021-06-30T00:00:00",
      "quarter_label": "2021-06 (Q2)",
      "revenue": 624850000,
      "gross_profit": 334426000,
      "operating_income": 109180000,
      "net_income": 81085000,
      "opex": 225246000,
      "cogs": 290424000,
      "rd": 13021000,
      "sga": 210255000,
      "fcf": 176416000,
      "ocf": 182407000,
      "capex": -5991000,
      "gross_margin": 0.5352100504120989,
      "op_margin": 0.17472993518444427,
      "fcf_margin": 0.2823333600064015,
      "op_leverage_ratio": 0.4173731744876972,
      "fcf_margin_change": 0.3450066946595601
    },
    {
      "date": "2021-09-30T00:00:00",
      "quarter_label": "2021-09 (Q3)",
      "revenue": 521629000,
      "gross_profit": 268837000,
      "operating_income": 52486000,
      "net_income": 39264000,
      "opex": 216351000,
      "cogs": 252792000,
      "rd": 14597000,
      "sga": 199787000,
      "fcf": 120871000,
      "ocf": 127680000,
      "capex": -6809000,
      "gross_margin": 0.515379704732674,
      "op_margin": 0.1006194057462296,
      "fcf_margin": 0.23171832854385013,
      "fcf_margin_change": -0.05061503146255139
    },
    {
      "date": "2021-12-31T00:00:00",
      "quarter_label": "2021-12 (Q4)",
      "revenue": 420566000,
      "gross_profit": 204435000,
      "operating_income": -21923000,
      "net_income": -26434000,
      "opex": 226358000,
      "cogs": 216131000,
      "rd": 15388000,
      "sga": 209011000,
      "fcf": 15644000,
      "ocf": 34031000,
      "capex": -18387000,
      "gross_margin": 0.4860949292144396,
      "op_margin": -0.05212737120927512,
      "fcf_margin": 0.03719749100022351,
      "rev_growth_yoy": 0.00017122717565530067,
      "fcf_margin_change": -0.19452083754362662
    },
    {
      "date": "2022-03-31T00:00:00",
      "quarter_label": "2022-03 (Q1)",
      "revenue": 606087000,
      "gross_profit": 316999000,
      "operating_income": 105369000,
      "net_income": 81045000,
      "opex": 211630000,
      "cogs": 289088000,
      "rd": 13976000,
      "sga": 195691000,
      "fcf": -175734000,
      "ocf": -164048000,
      "capex": -11686000,
      "gross_margin": 0.5230255722363291,
      "op_margin": 0.17385127877680928,
      "fcf_margin": -0.289948472744012,
      "incr_op_margin_yoy": -0.5832870407110546,
      "rev_growth_yoy": 0.043385523812802876,
      "rev_growth_yoy_accel": 0.04321429663714758,
      "op_leverage_ratio": Infinity,
      "fcf_margin_change": -0.3271459637442355
    },
    {
      "date": "2022-06-30T00:00:00",
      "quarter_label": "2022-06 (Q2)",
      "revenue": 658599000,
      "gross_profit": 343606000,
      "operating_income": 88547000,
      "net_income": 66454000,
      "opex": 255059000,
      "cogs": 314993000,
      "rd": 13938000,
      "sga": 239167000,
      "fcf": 64632000,
      "ocf": 73403000,
      "capex": -8771000,
      "gross_margin": 0.521722626362931,
      "op_margin": 0.13444751662240606,
      "fcf_margin": 0.09813558781595477,
      "incr_op_margin_yoy": -0.6113662627040801,
      "rev_growth_yoy": 0.05401136272705449,
      "rev_growth_yoy_accel": 0.010625838914251617,
      "op_leverage_ratio": 0.42220268710185144,
      "fcf_margin_change": 0.38808406055996675
    },
    {
      "date": "2022-09-30T00:00:00",
      "quarter_label": "2022-09 (Q3)",
      "revenue": 558246000,
      "gross_profit": 294995000,
      "operating_income": 76010000,
      "net_income": 51837000,
      "opex": 218985000,
      "cogs": 263251000,
      "rd": 14619000,
      "sga": 202418000,
      "fcf": 18422000,
      "ocf": 31603000,
      "capex": -13181000,
      "gross_margin": 0.528431909946511,
      "op_margin": 0.13615861107827015,
      "fcf_margin": 0.032999788623653374,
      "incr_op_margin_yoy": 0.6424338422044406,
      "rev_growth_yoy": 0.07019740083469285,
      "rev_growth_yoy_accel": 0.016186038107638356,
      "fcf_margin_change": -0.06513579919230139
    },
    {
      "date": "2022-12-31T00:00:00",
      "quarter_label": "2022-12 (Q4)",
      "revenue": 447404000,
      "gross_profit": 223633000,
      "operating_income": 11607000,
      "net_income": -58000,
      "opex": 212026000,
      "cogs": 223771000,
      "rd": 13860000,
      "sga": 196146000,
      "fcf": -36471000,
      "ocf": -8745000,
      "capex": -27726000,
      "gross_margin": 0.4998457769711491,
      "op_margin": 0.025942995592350537,
      "fcf_margin": -0.08151692877131184,
      "incr_op_margin_yoy": 1.2493479394887845,
      "rev_growth_yoy": 0.06381400303400656,
      "rev_growth_yoy_accel": -0.006383397800686294,
      "fcf_margin_change": -0.11451671739496522
    },
    {
      "date": "2023-03-31T00:00:00",
      "quarter_label": "2023-03 (Q1)",
      "revenue": 686290000,
      "gross_profit": 365672000,
      "operating_income": 124904000,
      "net_income": 93275000,
      "opex": 240768000,
      "cogs": 320618000,
      "rd": 14540000,
      "sga": 222539000,
      "fcf": -98116000,
      "ocf": -86418000,
      "capex": -11698000,
      "gross_margin": 0.5328243162511475,
      "op_margin": 0.1819988634542249,
      "fcf_margin": -0.14296580162904896,
      "incr_op_margin_yoy": 0.24356944253955587,
      "rev_growth_yoy": 0.13232918706390337,
      "rev_growth_yoy_accel": 0.06851518402989681,
      "op_leverage_ratio": 3.938791310015158,
      "fcf_margin_change": -0.06144887285773712
    },
    {
      "date": "2023-06-30T00:00:00",
      "quarter_label": "2023-06 (Q2)",
      "revenue": 689363000,
      "gross_profit": 368523000,
      "operating_income": 106490000,
      "net_income": 74655000,
      "opex": 262033000,
      "cogs": 320840000,
      "rd": 16507000,
      "sga": 242015000,
      "fcf": 190505000,
      "ocf": 206035000,
      "capex": -15530000,
      "gross_margin": 0.5345848268619,
      "op_margin": 0.15447594373356272,
      "fcf_margin": 0.2763493253917022,
      "incr_op_margin_yoy": 0.5832466519308283,
      "rev_growth_yoy": 0.04671127651271866,
      "rev_growth_yoy_accel": -0.0856179105511847,
      "fcf_margin_change": 0.41931512702075113
    },
    {
      "date": "2023-09-30T00:00:00",
      "quarter_label": "2023-09 (Q3)",
      "revenue": 593381000,
      "gross_profit": 308522000,
      "operating_income": 78605000,
      "net_income": 57307000,
      "opex": 229917000,
      "cogs": 284859000,
      "rd": 16239000,
      "sga": 210166000,
      "fcf": 162109000,
      "ocf": 177313000,
      "capex": -15204000,
      "gross_margin": 0.5199391284857452,
      "op_margin": 0.13246969485035753,
      "fcf_margin": 0.2731954680045367,
      "incr_op_margin_yoy": 0.07385797637683222,
      "rev_growth_yoy": 0.06293820287113566,
      "rev_growth_yoy_accel": 0.016226926358417,
      "fcf_margin_change": -0.003153857387165504
    },
    {
      "date": "2023-12-31T00:00:00",
      "quarter_label": "2023-12 (Q4)",
      "revenue": 412961000,
      "gross_profit": 209794000,
      "operating_income": -24694000,
      "net_income": -26808000,
      "opex": 234488000,
      "cogs": 203167000,
      "rd": 17553000,
      "sga": 213425000,
      "fcf": 41965000,
      "ocf": 74897000,
      "capex": -32932000,
      "gross_margin": 0.5080237601129405,
      "op_margin": -0.05979741428367328,
      "fcf_margin": 0.10161976554686762,
      "incr_op_margin_yoy": 1.0539441976599018,
      "rev_growth_yoy": -0.076984112792912,
      "rev_growth_yoy_accel": -0.13992231566404767,
      "fcf_margin_change": -0.17157570245766907
    },
    {
      "date": "2024-03-31T00:00:00",
      "quarter_label": "2024-03 (Q1)",
      "revenue": 707554000,
      "gross_profit": 377939000,
      "operating_income": 121381000,
      "net_income": 87762000,
      "opex": 256558000,
      "cogs": 329615000,
      "rd": 16453000,
      "sga": 236592000,
      "fcf": -116791000,
      "ocf": -109516000,
      "capex": -7275000,
      "gross_margin": 0.5341486303518883,
      "op_margin": 0.1715501573024815,
      "fcf_margin": -0.16506301992498099,
      "incr_op_margin_yoy": -0.1656790820165538,
      "rev_growth_yoy": 0.030983986361450697,
      "rev_growth_yoy_accel": 0.10796809915436269,
      "op_leverage_ratio": 7.5793449582701236,
      "fcf_margin_change": -0.2666827854718486
    },
    {
      "date": "2024-06-30T00:00:00",
      "quarter_label": "2024-06 (Q2)",
      "revenue": 683867000,
      "gross_profit": 371754000,
      "operating_income": 106023000,
      "net_income": 71428000,
      "opex": 265731000,
      "cogs": 312113000,
      "rd": 16140000,
      "sga": 246084000,
      "fcf": 196798000,
      "ocf": 211633000,
      "capex": -14835000,
      "gross_margin": 0.5436057011085489,
      "op_margin": 0.15503453156827277,
      "fcf_margin": 0.28777232999983915,
      "incr_op_margin_yoy": 0.08497088791848617,
      "rev_growth_yoy": -0.007972577582492823,
      "rev_growth_yoy_accel": -0.03895656394394352,
      "fcf_margin_change": 0.4528353499248201
    },
    {
      "date": "2024-09-30T00:00:00",
      "quarter_label": "2024-09 (Q3)",
      "revenue": 620501000,
      "gross_profit": 337375000,
      "operating_income": 82067000,
      "net_income": 56224000,
      "opex": 255308000,
      "cogs": 283126000,
      "rd": 18923000,
      "sga": 232882000,
      "fcf": 123699000,
      "ocf": 144111000,
      "capex": -20412000,
      "gross_margin": 0.543713869921241,
      "op_margin": 0.13225925502134567,
      "fcf_margin": 0.1993534256995557,
      "incr_op_margin_yoy": 0.12765486725663716,
      "rev_growth_yoy": 0.04570419342715726,
      "rev_growth_yoy_accel": 0.053676771009650084,
      "fcf_margin_change": -0.08841890430028346
    },
    {
      "date": "2024-12-31T00:00:00",
      "quarter_label": "2024-12 (Q4)",
      "revenue": 445169000,
      "gross_profit": 100659000,
      "operating_income": -5209000,
      "net_income": -1116000,
      "opex": 105868000,
      "cogs": 344510000,
      "rd": 16325000,
      "sga": 86042000,
      "fcf": -33222000,
      "ocf": -1120000,
      "capex": -32102000,
      "gross_margin": 0.22611412744373485,
      "op_margin": -0.011701174160824316,
      "fcf_margin": -0.07462783796715405,
      "incr_op_margin_yoy": 0.6049739195230999,
      "rev_growth_yoy": 0.07799283709599696,
      "rev_growth_yoy_accel": 0.0322886436688397,
      "fcf_margin_change": -0.2739812636667097
    },
    {
      "date": "2025-03-31T00:00:00",
      "quarter_label": "2025-03 (Q1)",
      "revenue": 703372000,
      "gross_profit": 337162000,
      "operating_income": 114547000,
      "net_income": 99372000,
      "opex": 222615000,
      "cogs": 366210000,
      "rd": 18859000,
      "sga": 200261000,
      "fcf": -131517000,
      "ocf": -120254000,
      "capex": -11263000,
      "gross_margin": 0.4793508982444567,
      "op_margin": 0.16285408006005356,
      "fcf_margin": -0.18698071575211977,
      "incr_op_margin_yoy": 1.6341463414634145,
      "rev_growth_yoy": -0.005910502943944914,
      "rev_growth_yoy_accel": -0.08390334003994188,
      "op_leverage_ratio": 0.5259631880922164,
      "fcf_margin_change": -0.11235287778496572
    },
    {
      "date": "2025-06-30T00:00:00",
      "quarter_label": "2025-06 (Q2)",
      "revenue": 720476000,
      "gross_profit": 354316000,
      "operating_income": 109868000,
      "net_income": 75563000,
      "opex": 244448000,
      "cogs": 366160000,
      "rd": 18933000,
      "sga": 222006000,
      "fcf": 137979000,
      "ocf": 151862000,
      "capex": -13883000,
      "gross_margin": 0.49178043404638044,
      "op_margin": 0.15249362921179888,
      "fcf_margin": 0.19151089002270721,
      "incr_op_margin_yoy": 0.10502881805020624,
      "rev_growth_yoy": 0.05353233889045677,
      "rev_growth_yoy_accel": 0.05944284183440168,
      "op_leverage_ratio": 0.2479440103616558,
      "fcf_margin_change": 0.378491605774827
    },
    {
      "date": "2025-09-30T00:00:00",
      "quarter_label": "2025-09 (Q3)",
      "revenue": 657658000,
      "gross_profit": 319123000,
      "operating_income": 92927000,
      "net_income": 48511000,
      "opex": 226196000,
      "cogs": 338535000,
      "rd": 18605000,
      "sga": 204936000,
      "fcf": 136900000,
      "ocf": 163100000,
      "capex": -26200000,
      "gross_margin": 0.48524156932630635,
      "op_margin": 0.14129988535074461,
      "fcf_margin": 0.20816290533985748,
      "incr_op_margin_yoy": 0.2922733266948354,
      "rev_growth_yoy": 0.059882256434719686,
      "rev_growth_yoy_accel": 0.006349917544262916,
      "fcf_margin_change": 0.01665201531715027
    }
  ],
  "signals": [
    {
      "quarter": "2025-09 (Q3)",
      "signal": "INCREMENTAL MARGIN (YoY)",
      "detail": "YoY Incr OPM: +29.2% vs year-ago OPM: +13.2%",
      "severity": "MEDIUM"
    },
    {
      "quarter": "2025-06 (Q2)",
      "signal": "FCF TURNED POSITIVE",
      "detail": "FCF margin: -18.7% -> +19.2%",
      "severity": "HIGH"
    },
    {
      "quarter": "2025-06 (Q2)",
      "signal": "YoY REVENUE GROWTH ACCELERATION",
      "detail": "YoY growth: +5.4% vs prior quarter YoY: -0.6% (accel: +5.9%)",
      "severity": "MEDIUM"
    },
    {
      "quarter": "2025-03 (Q1)",
      "signal": "GROSS MARGIN INFLECTION",
      "detail": "GM: +54.4% -> +22.6% -> +47.9% (reversal +25.3%)",
      "severity": "HIGH"
    },
    {
      "quarter": "2025-03 (Q1)",
      "signal": "YoY REVENUE GROWTH DECELERATION",
      "detail": "YoY growth: -0.6% vs prior quarter YoY: +7.8% (decel: -8.4%)",
      "severity": "WARNING"
    },
    {
      "quarter": "2025-03 (Q1)",
      "signal": "INCREMENTAL MARGIN (YoY)",
      "detail": "YoY Incr OPM: +163.4% vs year-ago OPM: +17.2%",
      "severity": "HIGH"
    },
    {
      "quarter": "2025-03 (Q1)",
      "signal": "OP MARGIN TURNED POSITIVE (QoQ)",
      "detail": "Op margin: -1.2% -> +16.3%",
      "severity": "HIGH"
    },
    {
      "quarter": "2024-09 (Q3)",
      "signal": "YoY REVENUE GROWTH ACCELERATION",
      "detail": "YoY growth: +4.6% vs prior quarter YoY: -0.8% (accel: +5.4%)",
      "severity": "MEDIUM"
    },
    {
      "quarter": "2024-06 (Q2)",
      "signal": "FCF TURNED POSITIVE",
      "detail": "FCF margin: -16.5% -> +28.8%",
      "severity": "HIGH"
    },
    {
      "quarter": "2024-03 (Q1)",
      "signal": "OPERATING LEVERAGE",
      "detail": "Rev growth +71.3% vs OpEx growth +9.4% (leverage: 7.6x)",
      "severity": "MEDIUM"
    },
    {
      "quarter": "2024-03 (Q1)",
      "signal": "GROSS MARGIN INFLECTION",
      "detail": "GM: +52.0% -> +50.8% -> +53.4% (reversal +2.6%)",
      "severity": "MEDIUM"
    },
    {
      "quarter": "2024-03 (Q1)",
      "signal": "YoY REVENUE GROWTH ACCELERATION",
      "detail": "YoY growth: +3.1% vs prior quarter YoY: -7.7% (accel: +10.8%)",
      "severity": "MEDIUM"
    },
    {
      "quarter": "2024-03 (Q1)",
      "signal": "OP MARGIN TURNED POSITIVE (QoQ)",
      "detail": "Op margin: -6.0% -> +17.2%",
      "severity": "HIGH"
    },
    {
      "quarter": "2023-12 (Q4)",
      "signal": "YoY REVENUE GROWTH DECELERATION",
      "detail": "YoY growth: -7.7% vs prior quarter YoY: +6.3% (decel: -14.0%)",
      "severity": "WARNING"
    },
    {
      "quarter": "2023-06 (Q2)",
      "signal": "FCF TURNED POSITIVE",
      "detail": "FCF margin: -14.3% -> +27.6%",
      "severity": "HIGH"
    },
    {
      "quarter": "2023-06 (Q2)",
      "signal": "YoY REVENUE GROWTH DECELERATION",
      "detail": "YoY growth: +4.7% vs prior quarter YoY: +13.2% (decel: -8.6%)",
      "severity": "WARNING"
    },
    {
      "quarter": "2023-06 (Q2)",
      "signal": "INCREMENTAL MARGIN (YoY)",
      "detail": "YoY Incr OPM: +58.3% vs year-ago OPM: +13.4%",
      "severity": "HIGH"
    },
    {
      "quarter": "2023-03 (Q1)",
      "signal": "OPERATING LEVERAGE",
      "detail": "Rev growth +53.4% vs OpEx growth +13.6% (leverage: 3.9x)",
      "severity": "MEDIUM"
    },
    {
      "quarter": "2023-03 (Q1)",
      "signal": "GROSS MARGIN INFLECTION",
      "detail": "GM: +52.8% -> +50.0% -> +53.3% (reversal +3.3%)",
      "severity": "MEDIUM"
    },
    {
      "quarter": "2023-03 (Q1)",
      "signal": "YoY REVENUE GROWTH ACCELERATION",
      "detail": "YoY growth: +13.2% vs prior quarter YoY: +6.4% (accel: +6.9%)",
      "severity": "MEDIUM"
    },
    {
      "quarter": "2022-12 (Q4)",
      "signal": "OP MARGIN TURNED POSITIVE (YoY)",
      "detail": "Op margin: -5.2% (year-ago) -> +2.6%",
      "severity": "HIGH"
    },
    {
      "quarter": "2022-09 (Q3)",
      "signal": "INCREMENTAL MARGIN (YoY)",
      "detail": "YoY Incr OPM: +64.2% vs year-ago OPM: +10.1%",
      "severity": "HIGH"
    },
    {
      "quarter": "2022-06 (Q2)",
      "signal": "FCF TURNED POSITIVE",
      "detail": "FCF margin: -29.0% -> +9.8%",
      "severity": "HIGH"
    },
    {
      "quarter": "2022-03 (Q1)",
      "signal": "GROSS MARGIN INFLECTION",
      "detail": "GM: +51.5% -> +48.6% -> +52.3% (reversal +3.7%)",
      "severity": "MEDIUM"
    },
    {
      "quarter": "2022-03 (Q1)",
      "signal": "OP MARGIN TURNED POSITIVE (QoQ)",
      "detail": "Op margin: -5.2% -> +17.4%",
      "severity": "HIGH"
    },
    {
      "quarter": "2021-06 (Q2)",
      "signal": "FCF TURNED POSITIVE",
      "detail": "FCF margin: -6.3% -> +28.2%",
      "severity": "HIGH"
    }
  ],
  "data_quality": {
    "n_quarters": 20,
    "coverage": {
      "revenue": [
        20,
        20
      ],
      "gross_profit": [
        20,
        20
      ],
      "op_income": [
        20,
        20
      ],
      "fcf": [
        20,
        20
      ]
    },
    "gaps": [],
    "warnings": []
  },
  "market_cap": null,
  "source": "SEC EDGAR",
  "last_updated": "2026-02-02T20:59:26.436245",
  "sector": "Consumer Cyclical",
  "industry": "Leisure"
}