{
  "ticker": "GOOGL",
  "name": "Alphabet Inc.",
  "sector": "Communication Services",
  "industry": "Internet Content & Information",
  "quarters": [
    {
      "date": "2020-12-31T00:00:00",
      "quarter_label": "2020-12 (Q4)",
      "revenue": 56898000000,
      "gross_profit": 30818000000,
      "operating_income": 15651000000,
      "net_income": 15227000000,
      "opex": 41247000000,
      "cogs": 26080000000,
      "rd": 7022000000,
      "sga": null,
      "fcf": 17198000000,
      "ocf": 22677000000,
      "capex": -5479000000,
      "gross_margin": 0.5416359098738093,
      "op_margin": 0.27507118000632713,
      "fcf_margin": 0.30226018489226336
    },
    {
      "date": "2021-03-31T00:00:00",
      "quarter_label": "2021-03 (Q1)",
      "revenue": 55314000000,
      "gross_profit": 31211000000,
      "operating_income": 16437000000,
      "net_income": 17930000000,
      "opex": 38877000000,
      "cogs": 24103000000,
      "rd": 7485000000,
      "sga": null,
      "fcf": 13347000000,
      "ocf": 19289000000,
      "capex": -5942000000,
      "gross_margin": 0.5642513649347363,
      "op_margin": 0.2971580431717106,
      "fcf_margin": 0.24129515131793036,
      "fcf_margin_change": -0.060965033574333
    },
    {
      "date": "2021-06-30T00:00:00",
      "quarter_label": "2021-06 (Q2)",
      "revenue": 61880000000,
      "gross_profit": 35653000000,
      "operating_income": 19361000000,
      "net_income": 18525000000,
      "opex": 42519000000,
      "cogs": 26227000000,
      "rd": 7675000000,
      "sga": null,
      "fcf": 16394000000,
      "ocf": 21890000000,
      "capex": -5496000000,
      "gross_margin": 0.5761635423400129,
      "op_margin": 0.312879767291532,
      "fcf_margin": 0.2649321266968326,
      "op_leverage_ratio": 1.2671225394109138,
      "fcf_margin_change": 0.02363697537890222
    },
    {
      "date": "2021-09-30T00:00:00",
      "quarter_label": "2021-09 (Q3)",
      "revenue": 65118000000,
      "gross_profit": 37497000000,
      "operating_income": 21031000000,
      "net_income": 18936000000,
      "opex": 44087000000,
      "cogs": 27621000000,
      "rd": 7694000000,
      "sga": null,
      "fcf": 18720000000,
      "ocf": 25539000000,
      "capex": -6819000000,
      "gross_margin": 0.5758315673085783,
      "op_margin": 0.3229675358579809,
      "fcf_margin": 0.28747811664977424,
      "op_leverage_ratio": 1.4189383376977165,
      "fcf_margin_change": 0.02254598995294166
    },
    {
      "date": "2021-12-31T00:00:00",
      "quarter_label": "2021-12 (Q4)",
      "revenue": 75325000000,
      "gross_profit": 42337000000,
      "operating_income": 21885000000,
      "net_income": 20642000000,
      "opex": 53440000000,
      "cogs": 32988000000,
      "rd": 8708000000,
      "sga": null,
      "fcf": 18551000000,
      "ocf": 24934000000,
      "capex": -6383000000,
      "gross_margin": 0.5620577497510787,
      "op_margin": 0.290540989047461,
      "fcf_margin": 0.24627945569200133,
      "incr_op_margin_yoy": 0.33830791772941876,
      "rev_growth_yoy": 0.323860241133256,
      "op_leverage_ratio": 0.7388506748099636,
      "fcf_margin_change": -0.041198660957772915
    },
    {
      "date": "2022-03-31T00:00:00",
      "quarter_label": "2022-03 (Q1)",
      "revenue": 68011000000,
      "gross_profit": 38412000000,
      "operating_income": 20094000000,
      "net_income": 16436000000,
      "opex": 47917000000,
      "cogs": 29599000000,
      "rd": 9119000000,
      "sga": null,
      "fcf": 15320000000,
      "ocf": 25106000000,
      "capex": -9786000000,
      "gross_margin": 0.5647909896928438,
      "op_margin": 0.2954522062607519,
      "fcf_margin": 0.22525767890488305,
      "incr_op_margin_yoy": 0.2880207923131448,
      "rev_growth_yoy": 0.2295440575622808,
      "rev_growth_yoy_accel": -0.09431618357097521,
      "fcf_margin_change": -0.02102177678711828
    },
    {
      "date": "2022-06-30T00:00:00",
      "quarter_label": "2022-06 (Q2)",
      "revenue": 69685000000,
      "gross_profit": 39581000000,
      "operating_income": 19453000000,
      "net_income": 16002000000,
      "opex": 50232000000,
      "cogs": 30104000000,
      "rd": 9841000000,
      "sga": null,
      "fcf": 12594000000,
      "ocf": 19422000000,
      "capex": -6828000000,
      "gross_margin": 0.5679988519767525,
      "op_margin": 0.279156202913109,
      "fcf_margin": 0.1807275597330846,
      "incr_op_margin_yoy": 0.011787315823190262,
      "rev_growth_yoy": 0.126131221719457,
      "rev_growth_yoy_accel": -0.10341283584282379,
      "op_leverage_ratio": 0.5094656616498926,
      "fcf_margin_change": -0.044530119171798443
    },
    {
      "date": "2022-09-30T00:00:00",
      "quarter_label": "2022-09 (Q3)",
      "revenue": 69092000000,
      "gross_profit": 37934000000,
      "operating_income": 17135000000,
      "net_income": 13910000000,
      "opex": 51957000000,
      "cogs": 31158000000,
      "rd": 10273000000,
      "sga": null,
      "fcf": 16077000000,
      "ocf": 23353000000,
      "capex": -7276000000,
      "gross_margin": 0.5490360678515602,
      "op_margin": 0.24800266311584554,
      "fcf_margin": 0.23268974700399467,
      "incr_op_margin_yoy": -0.980372420734776,
      "rev_growth_yoy": 0.06102767284007494,
      "rev_growth_yoy_accel": -0.06510354887938208,
      "fcf_margin_change": 0.051962187270910065
    },
    {
      "date": "2022-12-31T00:00:00",
      "quarter_label": "2022-12 (Q4)",
      "revenue": 76048000000,
      "gross_profit": 40706000000,
      "operating_income": 18160000000,
      "net_income": 13624000000,
      "opex": 57888000000,
      "cogs": 35342000000,
      "rd": 10267000000,
      "sga": null,
      "fcf": 16019000000,
      "ocf": 23614000000,
      "capex": -7595000000,
      "gross_margin": 0.5352671996633706,
      "op_margin": 0.2387965495476541,
      "fcf_margin": 0.2106432779297286,
      "incr_op_margin_yoy": -5.1521438450899035,
      "rev_growth_yoy": 0.009598406903418519,
      "rev_growth_yoy_accel": -0.05142926593665642,
      "op_leverage_ratio": 0.881958097347189,
      "fcf_margin_change": -0.02204646907426608
    },
    {
      "date": "2023-03-31T00:00:00",
      "quarter_label": "2023-03 (Q1)",
      "revenue": 69787000000,
      "gross_profit": 39175000000,
      "operating_income": 17415000000,
      "net_income": 15051000000,
      "opex": 52372000000,
      "cogs": 30612000000,
      "rd": 11468000000,
      "sga": null,
      "fcf": 17220000000,
      "ocf": 23509000000,
      "capex": -6289000000,
      "gross_margin": 0.5613509679453194,
      "op_margin": 0.24954504420594092,
      "fcf_margin": 0.2467508275180191,
      "incr_op_margin_yoy": -1.508445945945946,
      "rev_growth_yoy": 0.02611342282866007,
      "rev_growth_yoy_accel": 0.01651501592524155,
      "fcf_margin_change": 0.036107549588290516
    },
    {
      "date": "2023-06-30T00:00:00",
      "quarter_label": "2023-06 (Q2)",
      "revenue": 74604000000,
      "gross_profit": 42688000000,
      "operating_income": 21838000000,
      "net_income": 18368000000,
      "opex": 52766000000,
      "cogs": 31916000000,
      "rd": 10588000000,
      "sga": null,
      "fcf": 21778000000,
      "ocf": 28666000000,
      "capex": -6888000000,
      "gross_margin": 0.5721945204010509,
      "op_margin": 0.2927188890676103,
      "fcf_margin": 0.2919146426465069,
      "incr_op_margin_yoy": 0.48485464525310024,
      "rev_growth_yoy": 0.07058907942885843,
      "rev_growth_yoy_accel": 0.044475656600198366,
      "op_leverage_ratio": 9.174978482385743,
      "fcf_margin_change": 0.0451638151284878
    },
    {
      "date": "2023-09-30T00:00:00",
      "quarter_label": "2023-09 (Q3)",
      "revenue": 76693000000,
      "gross_profit": 43464000000,
      "operating_income": 21343000000,
      "net_income": 19689000000,
      "opex": 55350000000,
      "cogs": 33229000000,
      "rd": 11258000000,
      "sga": null,
      "fcf": 22601000000,
      "ocf": 30656000000,
      "capex": -8055000000,
      "gross_margin": 0.5667270806983689,
      "op_margin": 0.27829136948613303,
      "fcf_margin": 0.2946944310432504,
      "incr_op_margin_yoy": 0.5536113669254046,
      "rev_growth_yoy": 0.1100127366410004,
      "rev_growth_yoy_accel": 0.03942365721214197,
      "op_leverage_ratio": 0.5717918888304032,
      "fcf_margin_change": 0.0027797883967434767
    },
    {
      "date": "2023-12-31T00:00:00",
      "quarter_label": "2023-12 (Q4)",
      "revenue": 86310000000,
      "gross_profit": 48735000000,
      "operating_income": 23697000000,
      "net_income": 20687000000,
      "opex": 62613000000,
      "cogs": 37575000000,
      "rd": 12113000000,
      "sga": null,
      "fcf": 7896000000,
      "ocf": 18915000000,
      "capex": -11019000000,
      "gross_margin": 0.564650677789364,
      "op_margin": 0.27455683003128256,
      "fcf_margin": 0.09148418491484185,
      "incr_op_margin_yoy": 0.5395634379263301,
      "rev_growth_yoy": 0.13494108983799705,
      "rev_growth_yoy_accel": 0.02492835319699664,
      "op_leverage_ratio": 0.9556205286592122,
      "fcf_margin_change": -0.20321024612840854
    },
    {
      "date": "2024-03-31T00:00:00",
      "quarter_label": "2024-03 (Q1)",
      "revenue": 80539000000,
      "gross_profit": 46827000000,
      "operating_income": 25472000000,
      "net_income": 23662000000,
      "opex": 55067000000,
      "cogs": 33712000000,
      "rd": 11903000000,
      "sga": null,
      "fcf": 16836000000,
      "ocf": 28848000000,
      "capex": -12012000000,
      "gross_margin": 0.5814201815269621,
      "op_margin": 0.3162691366915407,
      "fcf_margin": 0.20904158233899106,
      "incr_op_margin_yoy": 0.7493489583333334,
      "rev_growth_yoy": 0.15406880937710463,
      "rev_growth_yoy_accel": 0.01912771953910758,
      "fcf_margin_change": 0.11755739742414921
    },
    {
      "date": "2024-06-30T00:00:00",
      "quarter_label": "2024-06 (Q2)",
      "revenue": 84742000000,
      "gross_profit": 49235000000,
      "operating_income": 27425000000,
      "net_income": 23619000000,
      "opex": 57317000000,
      "cogs": 35507000000,
      "rd": 11860000000,
      "sga": null,
      "fcf": 13454000000,
      "ocf": 26640000000,
      "capex": -13186000000,
      "gross_margin": 0.5809987963465578,
      "op_margin": 0.32362936914399,
      "fcf_margin": 0.1587642491326615,
      "incr_op_margin_yoy": 0.551094890510949,
      "rev_growth_yoy": 0.13589083695244222,
      "rev_growth_yoy_accel": -0.018177972424662403,
      "op_leverage_ratio": 1.2772092526602017,
      "fcf_margin_change": -0.05027733320632957
    },
    {
      "date": "2024-09-30T00:00:00",
      "quarter_label": "2024-09 (Q3)",
      "revenue": 88268000000,
      "gross_profit": 51794000000,
      "operating_income": 28521000000,
      "net_income": 26301000000,
      "opex": 59747000000,
      "cogs": 36474000000,
      "rd": 12447000000,
      "sga": null,
      "fcf": 17637000000,
      "ocf": 30698000000,
      "capex": -13061000000,
      "gross_margin": 0.5867811664476368,
      "op_margin": 0.3231182308424344,
      "fcf_margin": 0.19981193637558345,
      "incr_op_margin_yoy": 0.6201295896328294,
      "rev_growth_yoy": 0.15092642092498665,
      "rev_growth_yoy_accel": 0.015035583972544425,
      "op_leverage_ratio": 0.9814332692997083,
      "fcf_margin_change": 0.04104768724292196
    },
    {
      "date": "2024-12-31T00:00:00",
      "quarter_label": "2024-12 (Q4)",
      "revenue": 96469000000,
      "gross_profit": 55856000000,
      "operating_income": 30972000000,
      "net_income": 26536000000,
      "opex": 65497000000,
      "cogs": 40613000000,
      "rd": 13116000000,
      "sga": null,
      "fcf": 24837000000,
      "ocf": 39113000000,
      "capex": -14276000000,
      "gross_margin": 0.5790046543449191,
      "op_margin": 0.3210565051985612,
      "fcf_margin": 0.2574609460033793,
      "incr_op_margin_yoy": 0.7161137907274338,
      "rev_growth_yoy": 0.11770362646275055,
      "rev_growth_yoy_accel": -0.0332227944622361,
      "op_leverage_ratio": 0.9654099806715123,
      "fcf_margin_change": 0.05764900962779587
    },
    {
      "date": "2025-03-31T00:00:00",
      "quarter_label": "2025-03 (Q1)",
      "revenue": 90234000000,
      "gross_profit": 53873000000,
      "operating_income": 30606000000,
      "net_income": 34540000000,
      "opex": 59628000000,
      "cogs": 36361000000,
      "rd": 13556000000,
      "sga": null,
      "fcf": 18953000000,
      "ocf": 36150000000,
      "capex": -17197000000,
      "gross_margin": 0.5970365937451515,
      "op_margin": 0.3391847862224882,
      "fcf_margin": 0.2100427776669548,
      "incr_op_margin_yoy": 0.5295513151108819,
      "rev_growth_yoy": 0.1203764635766523,
      "rev_growth_yoy_accel": 0.0026728371139017465,
      "fcf_margin_change": -0.04741816833642451
    },
    {
      "date": "2025-06-30T00:00:00",
      "quarter_label": "2025-06 (Q2)",
      "revenue": 96428000000,
      "gross_profit": 57389000000,
      "operating_income": 31271000000,
      "net_income": 28196000000,
      "opex": 65157000000,
      "cogs": 39039000000,
      "rd": 13808000000,
      "sga": null,
      "fcf": 5301000000,
      "ocf": 27747000000,
      "capex": -22446000000,
      "gross_margin": 0.5951487119923674,
      "op_margin": 0.3242937735927324,
      "fcf_margin": 0.054973659103165054,
      "incr_op_margin_yoy": 0.32911175765873696,
      "rev_growth_yoy": 0.13790092280097235,
      "rev_growth_yoy_accel": 0.017524459224320055,
      "op_leverage_ratio": 0.7402947068435355,
      "fcf_margin_change": -0.15506911856378974
    },
    {
      "date": "2025-09-30T00:00:00",
      "quarter_label": "2025-09 (Q3)",
      "revenue": 102346000000,
      "gross_profit": 60977000000,
      "operating_income": 31228000000,
      "net_income": 34979000000,
      "opex": 71118000000,
      "cogs": 41369000000,
      "rd": 15151000000,
      "sga": null,
      "fcf": 24461000000,
      "ocf": 48414000000,
      "capex": -23953000000,
      "gross_margin": 0.5957927031833193,
      "op_margin": 0.30512184159615424,
      "fcf_margin": 0.2390029898579329,
      "incr_op_margin_yoy": 0.19228583605625799,
      "rev_growth_yoy": 0.15949154846603525,
      "rev_growth_yoy_accel": 0.021590625665062896,
      "op_leverage_ratio": 0.6708319825328316,
      "fcf_margin_change": 0.18402933075476785
    }
  ],
  "signals": [
    {
      "quarter": "2025-09 (Q3)",
      "signal": "FCF MARGIN EXPANSION",
      "detail": "FCF margin: +5.5% -> +23.9% (+18.4%)",
      "severity": "MEDIUM"
    },
    {
      "quarter": "2025-03 (Q1)",
      "signal": "INCREMENTAL MARGIN (YoY)",
      "detail": "YoY Incr OPM: +53.0% vs year-ago OPM: +31.6%",
      "severity": "HIGH"
    },
    {
      "quarter": "2024-12 (Q4)",
      "signal": "FCF MARGIN EXPANSION",
      "detail": "FCF margin: +20.0% -> +25.7% (+5.8%)",
      "severity": "MEDIUM"
    },
    {
      "quarter": "2024-12 (Q4)",
      "signal": "INCREMENTAL MARGIN (YoY)",
      "detail": "YoY Incr OPM: +71.6% vs year-ago OPM: +27.5%",
      "severity": "HIGH"
    },
    {
      "quarter": "2024-09 (Q3)",
      "signal": "INCREMENTAL MARGIN (YoY)",
      "detail": "YoY Incr OPM: +62.0% vs year-ago OPM: +27.8%",
      "severity": "HIGH"
    },
    {
      "quarter": "2024-06 (Q2)",
      "signal": "INCREMENTAL MARGIN (YoY)",
      "detail": "YoY Incr OPM: +55.1% vs year-ago OPM: +29.3%",
      "severity": "HIGH"
    },
    {
      "quarter": "2024-03 (Q1)",
      "signal": "FCF MARGIN EXPANSION",
      "detail": "FCF margin: +9.1% -> +20.9% (+11.8%)",
      "severity": "MEDIUM"
    },
    {
      "quarter": "2024-03 (Q1)",
      "signal": "INCREMENTAL MARGIN (YoY)",
      "detail": "YoY Incr OPM: +74.9% vs year-ago OPM: +25.0%",
      "severity": "HIGH"
    },
    {
      "quarter": "2023-12 (Q4)",
      "signal": "INCREMENTAL MARGIN (YoY)",
      "detail": "YoY Incr OPM: +54.0% vs year-ago OPM: +23.9%",
      "severity": "HIGH"
    },
    {
      "quarter": "2023-09 (Q3)",
      "signal": "INCREMENTAL MARGIN (YoY)",
      "detail": "YoY Incr OPM: +55.4% vs year-ago OPM: +24.8%",
      "severity": "HIGH"
    },
    {
      "quarter": "2023-06 (Q2)",
      "signal": "OPERATING LEVERAGE",
      "detail": "Rev growth +6.9% vs OpEx growth +0.8% (leverage: 9.2x)",
      "severity": "MEDIUM"
    },
    {
      "quarter": "2023-06 (Q2)",
      "signal": "INCREMENTAL MARGIN (YoY)",
      "detail": "YoY Incr OPM: +48.5% vs year-ago OPM: +27.9%",
      "severity": "HIGH"
    },
    {
      "quarter": "2023-03 (Q1)",
      "signal": "GROSS MARGIN INFLECTION",
      "detail": "GM: +54.9% -> +53.5% -> +56.1% (reversal +2.6%)",
      "severity": "MEDIUM"
    },
    {
      "quarter": "2022-12 (Q4)",
      "signal": "YoY REVENUE GROWTH DECELERATION",
      "detail": "YoY growth: +1.0% vs prior quarter YoY: +6.1% (decel: -5.1%)",
      "severity": "WARNING"
    },
    {
      "quarter": "2022-09 (Q3)",
      "signal": "FCF MARGIN EXPANSION",
      "detail": "FCF margin: +18.1% -> +23.3% (+5.2%)",
      "severity": "MEDIUM"
    },
    {
      "quarter": "2022-09 (Q3)",
      "signal": "YoY REVENUE GROWTH DECELERATION",
      "detail": "YoY growth: +6.1% vs prior quarter YoY: +12.6% (decel: -6.5%)",
      "severity": "WARNING"
    },
    {
      "quarter": "2022-06 (Q2)",
      "signal": "YoY REVENUE GROWTH DECELERATION",
      "detail": "YoY growth: +12.6% vs prior quarter YoY: +23.0% (decel: -10.3%)",
      "severity": "WARNING"
    },
    {
      "quarter": "2022-03 (Q1)",
      "signal": "YoY REVENUE GROWTH DECELERATION",
      "detail": "YoY growth: +23.0% vs prior quarter YoY: +32.4% (decel: -9.4%)",
      "severity": "WARNING"
    }
  ],
  "data_quality": {
    "n_quarters": 20,
    "coverage": {
      "revenue": [
        20,
        20
      ],
      "gross_profit": [
        20,
        20
      ],
      "op_income": [
        20,
        20
      ],
      "fcf": [
        20,
        20
      ]
    },
    "gaps": [],
    "warnings": []
  },
  "market_cap": null,
  "source": "SEC EDGAR",
  "last_updated": "2026-02-04T17:45:01.246678"
}