{
  "ticker": "GORO",
  "name": "GOLD RESOURCE CORP",
  "quarters": [
    {
      "date": "2020-12-31T00:00:00",
      "quarter_label": "2020-12 (Q4)",
      "revenue": -697000,
      "gross_profit": 3482000,
      "operating_income": 7000,
      "net_income": 4291000,
      "opex": 3475000,
      "cogs": -4179000,
      "rd": null,
      "sga": null,
      "fcf": null,
      "ocf": null,
      "capex": -6265000,
      "gross_margin": -4.995695839311335,
      "op_margin": -0.010043041606886656,
      "fcf_margin": null
    },
    {
      "date": "2021-03-31T00:00:00",
      "quarter_label": "2021-03 (Q1)",
      "revenue": 27268000,
      "gross_profit": 8575000,
      "operating_income": 5121000,
      "net_income": 2527000,
      "opex": 3454000,
      "cogs": 18693000,
      "rd": null,
      "sga": null,
      "fcf": 2511000,
      "ocf": 6831000,
      "capex": -4320000,
      "gross_margin": 0.3144711750036673,
      "op_margin": 0.18780255244242336,
      "fcf_margin": 0.09208596156667155
    },
    {
      "date": "2021-06-30T00:00:00",
      "quarter_label": "2021-06 (Q2)",
      "revenue": 30836000,
      "gross_profit": 6880000,
      "operating_income": 3034000,
      "net_income": 1283000,
      "opex": 3846000,
      "cogs": 23956000,
      "rd": null,
      "sga": null,
      "fcf": 4285000,
      "ocf": 9298000,
      "capex": -5013000,
      "gross_margin": 0.22311583863017254,
      "op_margin": 0.09839149046568946,
      "fcf_margin": 0.13896095472823972,
      "op_leverage_ratio": 1.152942972700302,
      "fcf_margin_change": 0.046874993161568165
    },
    {
      "date": "2021-09-30T00:00:00",
      "quarter_label": "2021-09 (Q3)",
      "revenue": 29029000,
      "gross_profit": 8245000,
      "operating_income": 3881000,
      "net_income": 1529000,
      "opex": 4364000,
      "cogs": 20784000,
      "rd": null,
      "sga": null,
      "fcf": -141000,
      "ocf": 5743000,
      "capex": -5884000,
      "gross_margin": 0.2840263185090771,
      "op_margin": 0.13369389231458198,
      "fcf_margin": -0.004857211753763478,
      "fcf_margin_change": -0.14381816648200318
    },
    {
      "date": "2021-12-31T00:00:00",
      "quarter_label": "2021-12 (Q4)",
      "revenue": 38063000,
      "gross_profit": 13047000,
      "operating_income": 5607000,
      "net_income": 2689000,
      "opex": 7440000,
      "cogs": 25016000,
      "rd": null,
      "sga": null,
      "fcf": 7518000,
      "ocf": 12911000,
      "capex": -5393000,
      "gross_margin": 0.3427738223471613,
      "op_margin": 0.14730840974174395,
      "fcf_margin": 0.19751464676982897,
      "incr_op_margin_yoy": 0.14447884416924664,
      "op_leverage_ratio": 0.44151597472076376,
      "fcf_margin_change": 0.20237185852359243
    },
    {
      "date": "2022-03-31T00:00:00",
      "quarter_label": "2022-03 (Q1)",
      "revenue": 45417000,
      "gross_profit": 19323000,
      "operating_income": 9370000,
      "net_income": 4019000,
      "opex": 9953000,
      "cogs": 26094000,
      "rd": null,
      "sga": null,
      "fcf": -1719000,
      "ocf": 4230000,
      "capex": -5949000,
      "gross_margin": 0.42545742783539203,
      "op_margin": 0.20631041240064293,
      "fcf_margin": -0.0378492634916441,
      "incr_op_margin_yoy": 0.23411758223593587,
      "rev_growth_yoy": 0.6655787003080534,
      "op_leverage_ratio": 0.5720066232790446,
      "fcf_margin_change": -0.23536391026147307
    },
    {
      "date": "2022-06-30T00:00:00",
      "quarter_label": "2022-06 (Q2)",
      "revenue": 37064000,
      "gross_profit": 8019000,
      "operating_income": 6454000,
      "net_income": 2673000,
      "opex": 1565000,
      "cogs": 29045000,
      "rd": null,
      "sga": null,
      "fcf": 3407000,
      "ocf": 7976000,
      "capex": -4569000,
      "gross_margin": 0.2163554932009497,
      "op_margin": 0.1741312324627671,
      "fcf_margin": 0.09192208072523203,
      "incr_op_margin_yoy": 0.5491329479768786,
      "rev_growth_yoy": 0.20197172136463873,
      "rev_growth_yoy_accel": -0.46360697894341474,
      "fcf_margin_change": 0.12977134421687614
    },
    {
      "date": "2022-09-30T00:00:00",
      "quarter_label": "2022-09 (Q3)",
      "revenue": 23869000,
      "gross_profit": -2178000,
      "operating_income": -9947000,
      "net_income": -9730000,
      "opex": 7769000,
      "cogs": 26047000,
      "rd": null,
      "sga": null,
      "fcf": -7897000,
      "ocf": -4292000,
      "capex": -3605000,
      "gross_margin": -0.091248062340274,
      "op_margin": -0.41673300096359295,
      "fcf_margin": -0.3308475428379907,
      "incr_op_margin_yoy": 2.67984496124031,
      "rev_growth_yoy": -0.17775328120155706,
      "rev_growth_yoy_accel": -0.3797250025661958,
      "fcf_margin_change": -0.4227696235632228
    },
    {
      "date": "2022-12-31T00:00:00",
      "quarter_label": "2022-12 (Q4)",
      "revenue": 32374000,
      "gross_profit": 4584000,
      "operating_income": -3639000,
      "net_income": -3283000,
      "opex": 8223000,
      "cogs": 27790000,
      "rd": null,
      "sga": null,
      "fcf": 2133000,
      "ocf": 6243000,
      "capex": -4110000,
      "gross_margin": 0.1415951071847779,
      "op_margin": -0.11240501637116204,
      "fcf_margin": 0.06588620497930438,
      "incr_op_margin_yoy": 1.6252416944981543,
      "rev_growth_yoy": -0.14946273283766387,
      "rev_growth_yoy_accel": 0.028290548363893192,
      "op_leverage_ratio": 6.0974656453553475,
      "fcf_margin_change": 0.3967337478172951
    },
    {
      "date": "2023-03-31T00:00:00",
      "quarter_label": "2023-03 (Q1)",
      "revenue": 31228000,
      "gross_profit": 3929000,
      "operating_income": -1169000,
      "net_income": -1035000,
      "opex": 5098000,
      "cogs": 27299000,
      "rd": null,
      "sga": null,
      "fcf": -2112000,
      "ocf": 1024000,
      "capex": -3136000,
      "gross_margin": 0.12581657486870756,
      "op_margin": -0.037434353785064683,
      "fcf_margin": -0.06763161265530934,
      "incr_op_margin_yoy": 0.7427584748749031,
      "rev_growth_yoy": -0.3124160556619768,
      "rev_growth_yoy_accel": -0.1629533228243129,
      "fcf_margin_change": -0.13351781763461373
    },
    {
      "date": "2023-06-30T00:00:00",
      "quarter_label": "2023-06 (Q2)",
      "revenue": 24807000,
      "gross_profit": -2169000,
      "operating_income": -6457000,
      "net_income": -4584000,
      "opex": 4288000,
      "cogs": 26976000,
      "rd": null,
      "sga": null,
      "fcf": -3416000,
      "ocf": -551000,
      "capex": -2865000,
      "gross_margin": -0.08743499818599589,
      "op_margin": -0.2602894344338292,
      "fcf_margin": -0.13770306768250898,
      "incr_op_margin_yoy": 1.0533572652361916,
      "rev_growth_yoy": -0.3306982516727822,
      "rev_growth_yoy_accel": -0.01828219601080544,
      "fcf_margin_change": -0.07007145502719964
    },
    {
      "date": "2023-09-30T00:00:00",
      "quarter_label": "2023-09 (Q3)",
      "revenue": 20552000,
      "gross_profit": -4411000,
      "operating_income": -10000000,
      "net_income": -7341000,
      "opex": 5589000,
      "cogs": 24963000,
      "rd": null,
      "sga": null,
      "fcf": -11225000,
      "ocf": -7475000,
      "capex": -3750000,
      "gross_margin": -0.21462631374075516,
      "op_margin": -0.48657065005838845,
      "fcf_margin": -0.546175554690541,
      "incr_op_margin_yoy": 0.015978293638830268,
      "rev_growth_yoy": -0.13896686078176715,
      "rev_growth_yoy_accel": 0.19173139089101507,
      "fcf_margin_change": -0.40847248700803207
    },
    {
      "date": "2023-12-31T00:00:00",
      "quarter_label": "2023-12 (Q4)",
      "revenue": 21141000,
      "gross_profit": -2664000,
      "operating_income": -4126000,
      "net_income": -3057000,
      "opex": 1462000,
      "cogs": 23805000,
      "rd": null,
      "sga": null,
      "fcf": -953000,
      "ocf": 1783000,
      "capex": -2736000,
      "gross_margin": -0.12601106853980418,
      "op_margin": -0.1951657915898018,
      "fcf_margin": -0.04507828390331583,
      "incr_op_margin_yoy": 0.04335440220778065,
      "rev_growth_yoy": -0.34697596836967937,
      "rev_growth_yoy_accel": -0.20800910758791222,
      "op_leverage_ratio": Infinity,
      "fcf_margin_change": 0.5010972707872252
    },
    {
      "date": "2024-03-31T00:00:00",
      "quarter_label": "2024-03 (Q1)",
      "revenue": 18702000,
      "gross_profit": -2169000,
      "operating_income": -5908000,
      "net_income": -4021000,
      "opex": 3739000,
      "cogs": 20871000,
      "rd": null,
      "sga": null,
      "fcf": -512000,
      "ocf": 1482000,
      "capex": -1994000,
      "gross_margin": -0.11597690086621752,
      "op_margin": -0.3159020425622928,
      "fcf_margin": -0.027376751149609666,
      "incr_op_margin_yoy": 0.378333067220182,
      "rev_growth_yoy": -0.4011143845267068,
      "rev_growth_yoy_accel": -0.054138416157027414,
      "fcf_margin_change": 0.017701532753706162
    },
    {
      "date": "2024-06-30T00:00:00",
      "quarter_label": "2024-06 (Q2)",
      "revenue": 20782000,
      "gross_profit": -3592000,
      "operating_income": -11278000,
      "net_income": -27734000,
      "opex": 7686000,
      "cogs": 24374000,
      "rd": null,
      "sga": null,
      "fcf": -2077000,
      "ocf": -63000,
      "capex": -2014000,
      "gross_margin": -0.17284188239822923,
      "op_margin": -0.5426811663939948,
      "fcf_margin": -0.09994225772302955,
      "incr_op_margin_yoy": 1.1977639751552795,
      "rev_growth_yoy": -0.16225258999475956,
      "rev_growth_yoy_accel": 0.23886179453194722,
      "op_leverage_ratio": 0.10535705465615318,
      "fcf_margin_change": -0.07256550657341988
    },
    {
      "date": "2024-09-30T00:00:00",
      "quarter_label": "2024-09 (Q3)",
      "revenue": 13272000,
      "gross_profit": -8670000,
      "operating_income": -14112000,
      "net_income": -10495000,
      "opex": 5442000,
      "cogs": 21942000,
      "rd": null,
      "sga": null,
      "fcf": -5717000,
      "ocf": -3372000,
      "capex": -2345000,
      "gross_margin": -0.653254972875226,
      "op_margin": -1.0632911392405062,
      "fcf_margin": -0.43075647980711274,
      "incr_op_margin_yoy": 0.5648351648351648,
      "rev_growth_yoy": -0.3542234332425068,
      "rev_growth_yoy_accel": -0.19197084324774727,
      "fcf_margin_change": -0.3308142220840832
    },
    {
      "date": "2024-12-31T00:00:00",
      "quarter_label": "2024-12 (Q4)",
      "revenue": 12970000,
      "gross_profit": -6060000,
      "operating_income": -15942000,
      "net_income": -14251000,
      "opex": 9882000,
      "cogs": 19030000,
      "rd": null,
      "sga": null,
      "fcf": 58000,
      "ocf": 1326000,
      "capex": -1268000,
      "gross_margin": -0.4672320740169622,
      "op_margin": -1.2291441788743254,
      "fcf_margin": 0.004471858134155744,
      "incr_op_margin_yoy": 1.4460898298861828,
      "rev_growth_yoy": -0.38650016555508254,
      "rev_growth_yoy_accel": -0.03227673231257572,
      "fcf_margin_change": 0.4352283379412685
    },
    {
      "date": "2025-03-31T00:00:00",
      "quarter_label": "2025-03 (Q1)",
      "revenue": 12354000,
      "gross_profit": -1452000,
      "operating_income": -7792000,
      "net_income": -8319000,
      "opex": 6340000,
      "cogs": 13806000,
      "rd": null,
      "sga": null,
      "fcf": -3010000,
      "ocf": -828000,
      "capex": -2182000,
      "gross_margin": -0.11753278290432248,
      "op_margin": -0.6307268900760887,
      "fcf_margin": -0.2436457827424316,
      "incr_op_margin_yoy": 0.29678638941398866,
      "rev_growth_yoy": -0.3394289380814886,
      "rev_growth_yoy_accel": 0.047071227473593935,
      "fcf_margin_change": -0.24811764087658733
    },
    {
      "date": "2025-06-30T00:00:00",
      "quarter_label": "2025-06 (Q2)",
      "revenue": 11228000,
      "gross_profit": -4420000,
      "operating_income": -11499000,
      "net_income": -11486000,
      "opex": 7079000,
      "cogs": 15648000,
      "rd": null,
      "sga": null,
      "fcf": -3844000,
      "ocf": -1307000,
      "capex": -2537000,
      "gross_margin": -0.3936587103669398,
      "op_margin": -1.0241360883505521,
      "fcf_margin": -0.3423583897399359,
      "incr_op_margin_yoy": 0.023131672597864767,
      "rev_growth_yoy": -0.4597247618131075,
      "rev_growth_yoy_accel": -0.1202958237316189,
      "fcf_margin_change": -0.09871260699750428
    },
    {
      "date": "2025-09-30T00:00:00",
      "quarter_label": "2025-09 (Q3)",
      "revenue": 24878000,
      "gross_profit": 6221000,
      "operating_income": -3714000,
      "net_income": -4655000,
      "opex": 9935000,
      "cogs": 18657000,
      "rd": null,
      "sga": null,
      "fcf": -7792000,
      "ocf": -325000,
      "capex": -7467000,
      "gross_margin": 0.25006029423587106,
      "op_margin": -0.1492885280167216,
      "fcf_margin": -0.31320845727148483,
      "incr_op_margin_yoy": 0.8959159055660865,
      "rev_growth_yoy": 0.8744725738396625,
      "rev_growth_yoy_accel": 1.33419733565277,
      "op_leverage_ratio": 3.013310997715794,
      "fcf_margin_change": 0.029149932468451045
    }
  ],
  "signals": [
    {
      "quarter": "2025-09 (Q3)",
      "signal": "OPERATING LEVERAGE",
      "detail": "Rev growth +121.6% vs OpEx growth +40.3% (leverage: 3.0x)",
      "severity": "MEDIUM"
    },
    {
      "quarter": "2025-09 (Q3)",
      "signal": "GROSS MARGIN INFLECTION",
      "detail": "GM: -11.8% -> -39.4% -> +25.0% (reversal +64.4%)",
      "severity": "HIGH"
    },
    {
      "quarter": "2025-09 (Q3)",
      "signal": "YoY REVENUE GROWTH ACCELERATION",
      "detail": "YoY growth: +87.4% vs prior quarter YoY: -46.0% (accel: +133.4%)",
      "severity": "HIGH"
    },
    {
      "quarter": "2025-06 (Q2)",
      "signal": "YoY REVENUE GROWTH DECELERATION",
      "detail": "YoY growth: -46.0% vs prior quarter YoY: -33.9% (decel: -12.0%)",
      "severity": "WARNING"
    },
    {
      "quarter": "2024-12 (Q4)",
      "signal": "FCF TURNED POSITIVE",
      "detail": "FCF margin: -43.1% -> +0.4%",
      "severity": "HIGH"
    },
    {
      "quarter": "2024-12 (Q4)",
      "signal": "GROSS MARGIN INFLECTION",
      "detail": "GM: -17.3% -> -65.3% -> -46.7% (reversal +18.6%)",
      "severity": "HIGH"
    },
    {
      "quarter": "2024-09 (Q3)",
      "signal": "YoY REVENUE GROWTH DECELERATION",
      "detail": "YoY growth: -35.4% vs prior quarter YoY: -16.2% (decel: -19.2%)",
      "severity": "WARNING"
    },
    {
      "quarter": "2024-06 (Q2)",
      "signal": "YoY REVENUE GROWTH ACCELERATION",
      "detail": "YoY growth: -16.2% vs prior quarter YoY: -40.1% (accel: +23.9%)",
      "severity": "HIGH"
    },
    {
      "quarter": "2024-03 (Q1)",
      "signal": "YoY REVENUE GROWTH DECELERATION",
      "detail": "YoY growth: -40.1% vs prior quarter YoY: -34.7% (decel: -5.4%)",
      "severity": "WARNING"
    },
    {
      "quarter": "2023-12 (Q4)",
      "signal": "FCF MARGIN EXPANSION",
      "detail": "FCF margin: -54.6% -> -4.5% (+50.1%)",
      "severity": "MEDIUM"
    },
    {
      "quarter": "2023-12 (Q4)",
      "signal": "GROSS MARGIN INFLECTION",
      "detail": "GM: -8.7% -> -21.5% -> -12.6% (reversal +8.9%)",
      "severity": "HIGH"
    },
    {
      "quarter": "2023-12 (Q4)",
      "signal": "YoY REVENUE GROWTH DECELERATION",
      "detail": "YoY growth: -34.7% vs prior quarter YoY: -13.9% (decel: -20.8%)",
      "severity": "WARNING"
    },
    {
      "quarter": "2023-09 (Q3)",
      "signal": "YoY REVENUE GROWTH ACCELERATION",
      "detail": "YoY growth: -13.9% vs prior quarter YoY: -33.1% (accel: +19.2%)",
      "severity": "HIGH"
    },
    {
      "quarter": "2023-03 (Q1)",
      "signal": "YoY REVENUE GROWTH DECELERATION",
      "detail": "YoY growth: -31.2% vs prior quarter YoY: -14.9% (decel: -16.3%)",
      "severity": "WARNING"
    },
    {
      "quarter": "2022-12 (Q4)",
      "signal": "FCF TURNED POSITIVE",
      "detail": "FCF margin: -33.1% -> +6.6%",
      "severity": "HIGH"
    },
    {
      "quarter": "2022-12 (Q4)",
      "signal": "OPERATING LEVERAGE",
      "detail": "Rev growth +35.6% vs OpEx growth +5.8% (leverage: 6.1x)",
      "severity": "MEDIUM"
    },
    {
      "quarter": "2022-12 (Q4)",
      "signal": "GROSS MARGIN INFLECTION",
      "detail": "GM: +21.6% -> -9.1% -> +14.2% (reversal +23.3%)",
      "severity": "HIGH"
    },
    {
      "quarter": "2022-09 (Q3)",
      "signal": "YoY REVENUE GROWTH DECELERATION",
      "detail": "YoY growth: -17.8% vs prior quarter YoY: +20.2% (decel: -38.0%)",
      "severity": "WARNING"
    },
    {
      "quarter": "2022-06 (Q2)",
      "signal": "FCF TURNED POSITIVE",
      "detail": "FCF margin: -3.8% -> +9.2%",
      "severity": "HIGH"
    },
    {
      "quarter": "2022-06 (Q2)",
      "signal": "YoY REVENUE GROWTH DECELERATION",
      "detail": "YoY growth: +20.2% vs prior quarter YoY: +66.6% (decel: -46.4%)",
      "severity": "WARNING"
    },
    {
      "quarter": "2022-06 (Q2)",
      "signal": "INCREMENTAL MARGIN (YoY)",
      "detail": "YoY Incr OPM: +54.9% vs year-ago OPM: +9.8%",
      "severity": "HIGH"
    },
    {
      "quarter": "2021-12 (Q4)",
      "signal": "FCF TURNED POSITIVE",
      "detail": "FCF margin: -0.5% -> +19.8%",
      "severity": "HIGH"
    },
    {
      "quarter": "2021-12 (Q4)",
      "signal": "OP MARGIN TURNED POSITIVE (YoY)",
      "detail": "Op margin: -1.0% (year-ago) -> +14.7%",
      "severity": "HIGH"
    },
    {
      "quarter": "2021-09 (Q3)",
      "signal": "GROSS MARGIN INFLECTION",
      "detail": "GM: +31.4% -> +22.3% -> +28.4% (reversal +6.1%)",
      "severity": "HIGH"
    },
    {
      "quarter": "2021-03 (Q1)",
      "signal": "OP MARGIN TURNED POSITIVE (QoQ)",
      "detail": "Op margin: -1.0% -> +18.8%",
      "severity": "HIGH"
    }
  ],
  "data_quality": {
    "n_quarters": 20,
    "coverage": {
      "revenue": [
        20,
        20
      ],
      "gross_profit": [
        20,
        20
      ],
      "op_income": [
        20,
        20
      ],
      "fcf": [
        19,
        20
      ]
    },
    "gaps": [],
    "warnings": []
  },
  "market_cap": null,
  "source": "SEC EDGAR",
  "last_updated": "2026-02-02T22:49:34.827041"
}