{
  "ticker": "GPGI",
  "name": "CompoSecure, Inc.",
  "quarters": [
    {
      "date": "2021-03-31T00:00:00",
      "quarter_label": "2021-03 (Q1)",
      "revenue": 63722000,
      "gross_profit": 34316000,
      "operating_income": -1445595,
      "net_income": 8931200,
      "opex": 35761595,
      "cogs": 29406000,
      "rd": null,
      "sga": null,
      "fcf": 5830000,
      "ocf": 6105000,
      "capex": -275000,
      "gross_margin": 0.538526725463733,
      "op_margin": -0.02268596403126079,
      "fcf_margin": 0.09149116474686922
    },
    {
      "date": "2021-06-30T00:00:00",
      "quarter_label": "2021-06 (Q2)",
      "revenue": 62743000,
      "gross_profit": 35110000,
      "operating_income": -1393952,
      "net_income": -21655640,
      "opex": 36503952,
      "cogs": 27633000,
      "rd": null,
      "sga": null,
      "fcf": 20126000,
      "ocf": 21102000,
      "capex": -976000,
      "gross_margin": 0.5595843361012384,
      "op_margin": -0.02221685287601804,
      "fcf_margin": 0.3207688507084456,
      "fcf_margin_change": 0.22927768596157636
    },
    {
      "date": "2021-09-30T00:00:00",
      "quarter_label": "2021-09 (Q3)",
      "revenue": 66183000,
      "gross_profit": 36148000,
      "operating_income": -498591,
      "net_income": 176911,
      "opex": 36646591,
      "cogs": 30035000,
      "rd": null,
      "sga": null,
      "fcf": 18191000,
      "ocf": 20840000,
      "capex": -2649000,
      "gross_margin": 0.5461825544324072,
      "op_margin": -0.007533520692624994,
      "fcf_margin": 0.2748591027907469,
      "op_leverage_ratio": 14.031198270331133,
      "fcf_margin_change": -0.045909747917698696
    },
    {
      "date": "2021-12-31T00:00:00",
      "quarter_label": "2021-12 (Q4)",
      "revenue": 75300000,
      "gross_profit": 39275000,
      "operating_income": 84763138,
      "net_income": 26059529,
      "opex": -45488138,
      "cogs": 36025000,
      "rd": null,
      "sga": null,
      "fcf": 28887000,
      "ocf": 29733000,
      "capex": -846000,
      "gross_margin": 0.5215803452855245,
      "op_margin": 1.1256724833997345,
      "fcf_margin": 0.38362549800796814,
      "op_leverage_ratio": Infinity,
      "fcf_margin_change": 0.10876639521722126
    },
    {
      "date": "2022-03-31T00:00:00",
      "quarter_label": "2022-03 (Q1)",
      "revenue": 84183000,
      "gross_profit": 48759000,
      "operating_income": 29982000,
      "net_income": 4741000,
      "opex": 18777000,
      "cogs": 35424000,
      "rd": null,
      "sga": null,
      "fcf": 10492000,
      "ocf": 11909000,
      "capex": -1417000,
      "gross_margin": 0.5792024518014326,
      "op_margin": 0.35615266740315743,
      "fcf_margin": 0.12463323949015835,
      "incr_op_margin_yoy": 1.5359755143932359,
      "rev_growth_yoy": 0.3210978939769624,
      "op_leverage_ratio": Infinity,
      "fcf_margin_change": -0.25899225851780977
    },
    {
      "date": "2022-06-30T00:00:00",
      "quarter_label": "2022-06 (Q2)",
      "revenue": 97199000,
      "gross_profit": 58852000,
      "operating_income": 34419000,
      "net_income": 8474000,
      "opex": 24433000,
      "cogs": 38347000,
      "rd": null,
      "sga": null,
      "fcf": 37395000,
      "ocf": 39482000,
      "capex": -2087000,
      "gross_margin": 0.6054794802415663,
      "op_margin": 0.3541085813640058,
      "fcf_margin": 0.38472618031049705,
      "incr_op_margin_yoy": 1.0393821685628046,
      "rev_growth_yoy": 0.5491608625663421,
      "rev_growth_yoy_accel": 0.2280629685893797,
      "op_leverage_ratio": 0.5132984430212075,
      "fcf_margin_change": 0.2600929408203387
    },
    {
      "date": "2022-09-30T00:00:00",
      "quarter_label": "2022-09 (Q3)",
      "revenue": 103305000,
      "gross_profit": 61758000,
      "operating_income": 25642000,
      "net_income": 2817000,
      "opex": 36116000,
      "cogs": 41547000,
      "rd": null,
      "sga": null,
      "fcf": 26853000,
      "ocf": 30570000,
      "capex": -3717000,
      "gross_margin": 0.5978219834470742,
      "op_margin": 0.248216446444993,
      "fcf_margin": 0.2599390155365181,
      "incr_op_margin_yoy": 0.7041805667798071,
      "rev_growth_yoy": 0.5608993245999728,
      "rev_growth_yoy_accel": 0.011738462033630714,
      "op_leverage_ratio": 0.13137641945958953,
      "fcf_margin_change": -0.12478716477397894
    },
    {
      "date": "2022-12-31T00:00:00",
      "quarter_label": "2022-12 (Q4)",
      "revenue": 93789000,
      "gross_profit": 50275000,
      "operating_income": 24851000,
      "net_income": 3171000,
      "opex": 25424000,
      "cogs": 43514000,
      "rd": null,
      "sga": null,
      "fcf": 8990000,
      "ocf": 10822000,
      "capex": -1832000,
      "gross_margin": 0.5360436724989072,
      "op_margin": 0.26496710701681436,
      "fcf_margin": 0.09585345829468274,
      "incr_op_margin_yoy": -3.2404206825680135,
      "rev_growth_yoy": 0.2455378486055777,
      "rev_growth_yoy_accel": -0.3153614759943951,
      "fcf_margin_change": -0.16408555724183538
    },
    {
      "date": "2023-03-31T00:00:00",
      "quarter_label": "2023-03 (Q1)",
      "revenue": 95316000,
      "gross_profit": 53354000,
      "operating_income": 29410000,
      "net_income": 2329000,
      "opex": 23944000,
      "cogs": 41962000,
      "rd": null,
      "sga": null,
      "fcf": 21231000,
      "ocf": 24897000,
      "capex": -3666000,
      "gross_margin": 0.5597591170422594,
      "op_margin": 0.3085526039699526,
      "fcf_margin": 0.22274329598388518,
      "incr_op_margin_yoy": -0.051378783795922034,
      "rev_growth_yoy": 0.13224760343537295,
      "rev_growth_yoy_accel": -0.11329024517020475,
      "op_leverage_ratio": Infinity,
      "fcf_margin_change": 0.12688983768920242
    },
    {
      "date": "2023-06-30T00:00:00",
      "quarter_label": "2023-06 (Q2)",
      "revenue": 98527000,
      "gross_profit": 53937000,
      "operating_income": 30349000,
      "net_income": 5737000,
      "opex": 23588000,
      "cogs": 44590000,
      "rd": null,
      "sga": null,
      "fcf": 26053000,
      "ocf": 28084000,
      "capex": -2031000,
      "gross_margin": 0.5474336983770947,
      "op_margin": 0.30802724126381603,
      "fcf_margin": 0.26442497995473324,
      "incr_op_margin_yoy": -3.0647590361445785,
      "rev_growth_yoy": 0.013662692003004146,
      "rev_growth_yoy_accel": -0.11858491143236881,
      "op_leverage_ratio": Infinity,
      "fcf_margin_change": 0.041681683970848066
    },
    {
      "date": "2023-09-30T00:00:00",
      "quarter_label": "2023-09 (Q3)",
      "revenue": 96886000,
      "gross_profit": 48896000,
      "operating_income": 28801000,
      "net_income": 7475000,
      "opex": 20095000,
      "cogs": 47990000,
      "rd": null,
      "sga": null,
      "fcf": 23926000,
      "ocf": 24898000,
      "capex": -972000,
      "gross_margin": 0.5046755981256322,
      "op_margin": 0.2972668909852817,
      "fcf_margin": 0.24695002373923994,
      "incr_op_margin_yoy": -0.4921327309549774,
      "rev_growth_yoy": -0.062136392236580996,
      "rev_growth_yoy_accel": -0.07579908423958515,
      "fcf_margin_change": -0.017474956215493304
    },
    {
      "date": "2023-12-31T00:00:00",
      "quarter_label": "2023-12 (Q4)",
      "revenue": 99900000,
      "gross_profit": 52895000,
      "operating_income": 30527000,
      "net_income": 3396000,
      "opex": 22368000,
      "cogs": 47005000,
      "rd": null,
      "sga": null,
      "fcf": 22158000,
      "ocf": 26433000,
      "capex": -4275000,
      "gross_margin": 0.5294794794794795,
      "op_margin": 0.3055755755755756,
      "fcf_margin": 0.2218018018018018,
      "incr_op_margin_yoy": 0.9288168875797742,
      "rev_growth_yoy": 0.06515689473179158,
      "rev_growth_yoy_accel": 0.12729328696837258,
      "op_leverage_ratio": 0.27502412816586735,
      "fcf_margin_change": -0.025148221937438126
    },
    {
      "date": "2024-03-31T00:00:00",
      "quarter_label": "2024-03 (Q1)",
      "revenue": 104010000,
      "gross_profit": 55213000,
      "operating_income": 31136000,
      "net_income": 4025000,
      "opex": 24077000,
      "cogs": 48797000,
      "rd": null,
      "sga": null,
      "fcf": 32138000,
      "ocf": 33751000,
      "capex": -1613000,
      "gross_margin": 0.5308431881549851,
      "op_margin": 0.2993558311700798,
      "fcf_margin": 0.3089895202384386,
      "incr_op_margin_yoy": 0.1985277202668507,
      "rev_growth_yoy": 0.09121238826639809,
      "rev_growth_yoy_accel": 0.02605549353460651,
      "op_leverage_ratio": 0.5384698917759186,
      "fcf_margin_change": 0.08718771843663681
    },
    {
      "date": "2024-06-30T00:00:00",
      "quarter_label": "2024-06 (Q2)",
      "revenue": 108567000,
      "gross_profit": 56072000,
      "operating_income": 31793000,
      "net_income": 11099000,
      "opex": 24279000,
      "cogs": 52495000,
      "rd": null,
      "sga": null,
      "fcf": 30733000,
      "ocf": 32249000,
      "capex": -1516000,
      "gross_margin": 0.5164736982692715,
      "op_margin": 0.2928422080374331,
      "fcf_margin": 0.2830786518923798,
      "incr_op_margin_yoy": 0.14382470119521912,
      "rev_growth_yoy": 0.10190100175586388,
      "rev_growth_yoy_accel": 0.010688613489465787,
      "op_leverage_ratio": 5.222217256337691,
      "fcf_margin_change": -0.025910868346058824
    },
    {
      "date": "2024-09-30T00:00:00",
      "quarter_label": "2024-09 (Q3)",
      "revenue": 107135000,
      "gross_profit": 55408000,
      "operating_income": 29092000,
      "net_income": -42060000,
      "opex": 26316000,
      "cogs": 51727000,
      "rd": null,
      "sga": null,
      "fcf": 27786000,
      "ocf": 29439000,
      "capex": -1653000,
      "gross_margin": 0.5171792598123862,
      "op_margin": 0.2715452466514211,
      "fcf_margin": 0.25935501936808697,
      "incr_op_margin_yoy": 0.028393013952580738,
      "rev_growth_yoy": 0.10578411741634498,
      "rev_growth_yoy_accel": 0.003883115660481107,
      "fcf_margin_change": -0.023723632524292826
    },
    {
      "date": "2024-12-31T00:00:00",
      "quarter_label": "2024-12 (Q4)",
      "revenue": 100859000,
      "gross_profit": 52534000,
      "operating_income": 15602000,
      "net_income": -37329000,
      "opex": 36932000,
      "cogs": 48325000,
      "rd": null,
      "sga": null,
      "fcf": 31486000,
      "ocf": 34114000,
      "capex": -2628000,
      "gross_margin": 0.5208657630950139,
      "op_margin": 0.15469120256992436,
      "fcf_margin": 0.31217838765008576,
      "rev_growth_yoy": 0.0095995995995996,
      "rev_growth_yoy_accel": -0.09618451781674539,
      "fcf_margin_change": 0.052823368281998795
    },
    {
      "date": "2025-03-31T00:00:00",
      "quarter_label": "2025-03 (Q1)",
      "revenue": 59824000,
      "gross_profit": 28749000,
      "operating_income": 6044000,
      "net_income": 21492000,
      "opex": 22705000,
      "cogs": 31075000,
      "rd": null,
      "sga": null,
      "fcf": 3011000,
      "ocf": 3011000,
      "capex": null,
      "gross_margin": 0.4805596416154052,
      "op_margin": 0.10102968708210752,
      "fcf_margin": 0.050330970847820275,
      "incr_op_margin_yoy": 0.5678721767075544,
      "rev_growth_yoy": -0.42482453610229787,
      "rev_growth_yoy_accel": -0.4344241357018975,
      "fcf_margin_change": -0.2618474168022655
    },
    {
      "date": "2025-06-30T00:00:00",
      "quarter_label": "2025-06 (Q2)",
      "revenue": 0,
      "gross_profit": 0,
      "operating_income": -2656000,
      "net_income": -26125000,
      "opex": 2656000,
      "cogs": 0,
      "rd": null,
      "sga": null,
      "fcf": 37000,
      "ocf": 37000,
      "capex": null,
      "gross_margin": null,
      "op_margin": null,
      "fcf_margin": null,
      "incr_op_margin_yoy": 0.3173063638122081,
      "rev_growth_yoy": -1.0,
      "rev_growth_yoy_accel": -0.5751754638977021
    },
    {
      "date": "2025-09-30T00:00:00",
      "quarter_label": "2025-09 (Q3)",
      "revenue": 0,
      "gross_profit": 0,
      "operating_income": -9939000,
      "net_income": -174696000,
      "opex": 9939000,
      "cogs": 0,
      "rd": null,
      "sga": null,
      "fcf": -11941000,
      "ocf": -11941000,
      "capex": null,
      "gross_margin": null,
      "op_margin": null,
      "fcf_margin": null,
      "incr_op_margin_yoy": 0.3643160498436552,
      "rev_growth_yoy": -1.0,
      "rev_growth_yoy_accel": 0.0
    }
  ],
  "signals": [
    {
      "quarter": "2025-06 (Q2)",
      "signal": "YoY REVENUE GROWTH DECELERATION",
      "detail": "YoY growth: -100.0% vs prior quarter YoY: -42.5% (decel: -57.5%)",
      "severity": "WARNING"
    },
    {
      "quarter": "2025-03 (Q1)",
      "signal": "YoY REVENUE GROWTH DECELERATION",
      "detail": "YoY growth: -42.5% vs prior quarter YoY: +1.0% (decel: -43.4%)",
      "severity": "WARNING"
    },
    {
      "quarter": "2025-03 (Q1)",
      "signal": "INCREMENTAL MARGIN (YoY)",
      "detail": "YoY Incr OPM: +56.8% vs year-ago OPM: +29.9%",
      "severity": "HIGH"
    },
    {
      "quarter": "2024-12 (Q4)",
      "signal": "FCF MARGIN EXPANSION",
      "detail": "FCF margin: +25.9% -> +31.2% (+5.3%)",
      "severity": "MEDIUM"
    },
    {
      "quarter": "2024-12 (Q4)",
      "signal": "YoY REVENUE GROWTH DECELERATION",
      "detail": "YoY growth: +1.0% vs prior quarter YoY: +10.6% (decel: -9.6%)",
      "severity": "WARNING"
    },
    {
      "quarter": "2024-06 (Q2)",
      "signal": "OPERATING LEVERAGE",
      "detail": "Rev growth +4.4% vs OpEx growth +0.8% (leverage: 5.2x)",
      "severity": "MEDIUM"
    },
    {
      "quarter": "2024-03 (Q1)",
      "signal": "FCF MARGIN EXPANSION",
      "detail": "FCF margin: +22.2% -> +30.9% (+8.7%)",
      "severity": "MEDIUM"
    },
    {
      "quarter": "2023-12 (Q4)",
      "signal": "GROSS MARGIN INFLECTION",
      "detail": "GM: +54.7% -> +50.5% -> +52.9% (reversal +2.5%)",
      "severity": "MEDIUM"
    },
    {
      "quarter": "2023-12 (Q4)",
      "signal": "YoY REVENUE GROWTH ACCELERATION",
      "detail": "YoY growth: +6.5% vs prior quarter YoY: -6.2% (accel: +12.7%)",
      "severity": "MEDIUM"
    },
    {
      "quarter": "2023-12 (Q4)",
      "signal": "INCREMENTAL MARGIN (YoY)",
      "detail": "YoY Incr OPM: +92.9% vs year-ago OPM: +26.5%",
      "severity": "HIGH"
    },
    {
      "quarter": "2023-09 (Q3)",
      "signal": "YoY REVENUE GROWTH DECELERATION",
      "detail": "YoY growth: -6.2% vs prior quarter YoY: +1.4% (decel: -7.6%)",
      "severity": "WARNING"
    },
    {
      "quarter": "2023-06 (Q2)",
      "signal": "YoY REVENUE GROWTH DECELERATION",
      "detail": "YoY growth: +1.4% vs prior quarter YoY: +13.2% (decel: -11.9%)",
      "severity": "WARNING"
    },
    {
      "quarter": "2023-03 (Q1)",
      "signal": "FCF MARGIN EXPANSION",
      "detail": "FCF margin: +9.6% -> +22.3% (+12.7%)",
      "severity": "MEDIUM"
    },
    {
      "quarter": "2023-03 (Q1)",
      "signal": "GROSS MARGIN INFLECTION",
      "detail": "GM: +59.8% -> +53.6% -> +56.0% (reversal +2.4%)",
      "severity": "MEDIUM"
    },
    {
      "quarter": "2023-03 (Q1)",
      "signal": "YoY REVENUE GROWTH DECELERATION",
      "detail": "YoY growth: +13.2% vs prior quarter YoY: +24.6% (decel: -11.3%)",
      "severity": "WARNING"
    },
    {
      "quarter": "2022-12 (Q4)",
      "signal": "YoY REVENUE GROWTH DECELERATION",
      "detail": "YoY growth: +24.6% vs prior quarter YoY: +56.1% (decel: -31.5%)",
      "severity": "WARNING"
    },
    {
      "quarter": "2022-09 (Q3)",
      "signal": "OP MARGIN TURNED POSITIVE (YoY)",
      "detail": "Op margin: -0.8% (year-ago) -> +24.8%",
      "severity": "HIGH"
    },
    {
      "quarter": "2022-06 (Q2)",
      "signal": "FCF MARGIN EXPANSION",
      "detail": "FCF margin: +12.5% -> +38.5% (+26.0%)",
      "severity": "MEDIUM"
    },
    {
      "quarter": "2022-06 (Q2)",
      "signal": "YoY REVENUE GROWTH ACCELERATION",
      "detail": "YoY growth: +54.9% vs prior quarter YoY: +32.1% (accel: +22.8%)",
      "severity": "HIGH"
    },
    {
      "quarter": "2022-06 (Q2)",
      "signal": "OP MARGIN TURNED POSITIVE (YoY)",
      "detail": "Op margin: -2.2% (year-ago) -> +35.4%",
      "severity": "HIGH"
    },
    {
      "quarter": "2022-03 (Q1)",
      "signal": "GROSS MARGIN INFLECTION",
      "detail": "GM: +54.6% -> +52.2% -> +57.9% (reversal +5.8%)",
      "severity": "HIGH"
    },
    {
      "quarter": "2022-03 (Q1)",
      "signal": "OP MARGIN TURNED POSITIVE (YoY)",
      "detail": "Op margin: -2.3% (year-ago) -> +35.6%",
      "severity": "HIGH"
    },
    {
      "quarter": "2021-12 (Q4)",
      "signal": "FCF MARGIN EXPANSION",
      "detail": "FCF margin: +27.5% -> +38.4% (+10.9%)",
      "severity": "MEDIUM"
    },
    {
      "quarter": "2021-12 (Q4)",
      "signal": "OP MARGIN TURNED POSITIVE (QoQ)",
      "detail": "Op margin: -0.8% -> +112.6%",
      "severity": "HIGH"
    },
    {
      "quarter": "2021-09 (Q3)",
      "signal": "OPERATING LEVERAGE",
      "detail": "Rev growth +5.5% vs OpEx growth +0.4% (leverage: 14.0x)",
      "severity": "MEDIUM"
    },
    {
      "quarter": "2021-06 (Q2)",
      "signal": "FCF MARGIN EXPANSION",
      "detail": "FCF margin: +9.1% -> +32.1% (+22.9%)",
      "severity": "MEDIUM"
    }
  ],
  "data_quality": {
    "n_quarters": 19,
    "coverage": {
      "revenue": [
        19,
        19
      ],
      "gross_profit": [
        19,
        19
      ],
      "op_income": [
        19,
        19
      ],
      "fcf": [
        19,
        19
      ]
    },
    "gaps": [],
    "warnings": []
  },
  "market_cap": null,
  "source": "SEC EDGAR",
  "last_updated": "2026-02-02T20:50:29.715794"
}