{
  "ticker": "GPI",
  "name": "Group 1 Automotive, Inc",
  "quarters": [
    {
      "date": "2020-12-31T00:00:00",
      "quarter_label": "2020-12 (Q4)",
      "revenue": 2922000000,
      "gross_profit": 471100000,
      "operating_income": 150100000,
      "net_income": 100100000,
      "opex": 321000000,
      "cogs": 2508500000,
      "rd": null,
      "sga": 298400000,
      "fcf": 68300000,
      "ocf": 92700000,
      "capex": -24400000,
      "gross_margin": 0.1612251882272416,
      "op_margin": 0.05136892539356605,
      "fcf_margin": 0.023374401095140315
    },
    {
      "date": "2021-03-31T00:00:00",
      "quarter_label": "2021-03 (Q1)",
      "revenue": 3010000000,
      "gross_profit": 490700000,
      "operating_income": 152700000,
      "net_income": 101900000,
      "opex": 338000000,
      "cogs": 2519400000,
      "rd": null,
      "sga": 318400000,
      "fcf": 202000000,
      "ocf": 239300000,
      "capex": -37300000,
      "gross_margin": 0.1630232558139535,
      "op_margin": 0.050730897009966774,
      "fcf_margin": 0.06710963455149502,
      "op_leverage_ratio": 0.5686677134919677,
      "fcf_margin_change": 0.0437352334563547
    },
    {
      "date": "2021-06-30T00:00:00",
      "quarter_label": "2021-06 (Q2)",
      "revenue": 3700400000,
      "gross_profit": 661300000,
      "operating_income": 265800000,
      "net_income": 191000000,
      "opex": 395500000,
      "cogs": 3039200000,
      "rd": null,
      "sga": 376700000,
      "fcf": 486300000,
      "ocf": 512800000,
      "capex": -26500000,
      "gross_margin": 0.17871040968543941,
      "op_margin": 0.07183007242460275,
      "fcf_margin": 0.13141822505675063,
      "op_leverage_ratio": 1.3482894698829986,
      "fcf_margin_change": 0.06430859050525561
    },
    {
      "date": "2021-09-30T00:00:00",
      "quarter_label": "2021-09 (Q3)",
      "revenue": 3509200000,
      "gross_profit": 653200000,
      "operating_income": 246800000,
      "net_income": 172100000,
      "opex": 406400000,
      "cogs": 2856000000,
      "rd": null,
      "sga": 385100000,
      "fcf": 340800000,
      "ocf": 365400000,
      "capex": -24600000,
      "gross_margin": 0.1861392910064972,
      "op_margin": 0.07032941981078308,
      "fcf_margin": 0.0971161518294768,
      "fcf_margin_change": -0.03430207322727383
    },
    {
      "date": "2021-12-31T00:00:00",
      "quarter_label": "2021-12 (Q4)",
      "revenue": 3489600000,
      "gross_profit": 671200000,
      "operating_income": 219100000,
      "net_income": 87100000,
      "opex": 452100000,
      "cogs": 2626700000,
      "rd": null,
      "sga": 396900000,
      "fcf": 86900000,
      "ocf": 142100000,
      "capex": -55200000,
      "gross_margin": 0.19234296194406236,
      "op_margin": 0.06278656579550665,
      "fcf_margin": 0.02490256762952774,
      "incr_op_margin_yoy": 0.12156448202959831,
      "rev_growth_yoy": 0.1942505133470226,
      "fcf_margin_change": -0.07221358419994907
    },
    {
      "date": "2022-03-31T00:00:00",
      "quarter_label": "2022-03 (Q1)",
      "revenue": 3844400000,
      "gross_profit": 724700000,
      "operating_income": 285000000,
      "net_income": 202900000,
      "opex": 439700000,
      "cogs": 3119700000,
      "rd": null,
      "sga": 418500000,
      "fcf": 192900000,
      "ocf": 226800000,
      "capex": -33900000,
      "gross_margin": 0.1885079596295911,
      "op_margin": 0.07413380501508687,
      "fcf_margin": 0.05017688065757986,
      "incr_op_margin_yoy": 0.15855704697986578,
      "rev_growth_yoy": 0.2772093023255814,
      "rev_growth_yoy_accel": 0.0829587889785588,
      "op_leverage_ratio": Infinity,
      "fcf_margin_change": 0.02527431302805212
    },
    {
      "date": "2022-06-30T00:00:00",
      "quarter_label": "2022-06 (Q2)",
      "revenue": 4145400000,
      "gross_profit": 768400000,
      "operating_income": 284500000,
      "net_income": 195900000,
      "opex": 483900000,
      "cogs": 3377000000,
      "rd": null,
      "sga": 460200000,
      "fcf": 104300000,
      "ocf": 133400000,
      "capex": -29100000,
      "gross_margin": 0.1853620880976504,
      "op_margin": 0.06863028899503064,
      "fcf_margin": 0.025160418777440054,
      "incr_op_margin_yoy": 0.04202247191011236,
      "rev_growth_yoy": 0.12025726948438006,
      "rev_growth_yoy_accel": -0.15695203284120132,
      "op_leverage_ratio": 0.77888281762366,
      "fcf_margin_change": -0.025016461880139805
    },
    {
      "date": "2022-09-30T00:00:00",
      "quarter_label": "2022-09 (Q3)",
      "revenue": 4163400000,
      "gross_profit": 752600000,
      "operating_income": 279900000,
      "net_income": 195700000,
      "opex": 472700000,
      "cogs": 3410800000,
      "rd": null,
      "sga": 450900000,
      "fcf": 142900000,
      "ocf": 173200000,
      "capex": -30300000,
      "gross_margin": 0.1807657203247346,
      "op_margin": 0.06722870730652832,
      "fcf_margin": 0.03432290916078205,
      "incr_op_margin_yoy": 0.05059614796698257,
      "rev_growth_yoy": 0.18642425624073863,
      "rev_growth_yoy_accel": 0.06616698675635857,
      "fcf_margin_change": 0.009162490383342
    },
    {
      "date": "2022-12-31T00:00:00",
      "quarter_label": "2022-12 (Q4)",
      "revenue": 4069000000,
      "gross_profit": 719400000,
      "operating_income": 242000000,
      "net_income": 156900000,
      "opex": 477400000,
      "cogs": 3349500000,
      "rd": null,
      "sga": 453700000,
      "fcf": -9700000,
      "ocf": 52500000,
      "capex": -62200000,
      "gross_margin": 0.17680019660850332,
      "op_margin": 0.05947407225362497,
      "fcf_margin": -0.0023838781027279428,
      "incr_op_margin_yoy": 0.039523645150155336,
      "rev_growth_yoy": 0.16603622191655204,
      "rev_growth_yoy_accel": -0.020388034324186594,
      "fcf_margin_change": -0.036706787263509996
    },
    {
      "date": "2023-03-31T00:00:00",
      "quarter_label": "2023-03 (Q1)",
      "revenue": 4130000000,
      "gross_profit": 727900000,
      "operating_income": 241500000,
      "net_income": 158400000,
      "opex": 486400000,
      "cogs": 3402100000,
      "rd": null,
      "sga": 462800000,
      "fcf": 107600000,
      "ocf": 143400000,
      "capex": -35800000,
      "gross_margin": 0.17624697336561743,
      "op_margin": 0.05847457627118644,
      "fcf_margin": 0.026053268765133173,
      "incr_op_margin_yoy": -0.15231092436974789,
      "rev_growth_yoy": 0.07428987618353969,
      "rev_growth_yoy_accel": -0.09174634573301235,
      "op_leverage_ratio": 0.7952103984052866,
      "fcf_margin_change": 0.028437146867861116
    },
    {
      "date": "2023-06-30T00:00:00",
      "quarter_label": "2023-06 (Q2)",
      "revenue": 4558500000,
      "gross_profit": 775500000,
      "operating_income": 270800000,
      "net_income": 170500000,
      "opex": 504700000,
      "cogs": 3783000000,
      "rd": null,
      "sga": 479900000,
      "fcf": 44700000,
      "ocf": 95600000,
      "capex": -50900000,
      "gross_margin": 0.17012175057584733,
      "op_margin": 0.059405506197214,
      "fcf_margin": 0.009805857189865087,
      "incr_op_margin_yoy": -0.03316388283708545,
      "rev_growth_yoy": 0.0996526270082501,
      "rev_growth_yoy_accel": 0.025362750824710414,
      "op_leverage_ratio": 2.7576760740417314,
      "fcf_margin_change": -0.016247411575268086
    },
    {
      "date": "2023-09-30T00:00:00",
      "quarter_label": "2023-09 (Q3)",
      "revenue": 4705100000,
      "gross_profit": 786200000,
      "operating_income": 261600000,
      "net_income": 163900000,
      "opex": 524600000,
      "cogs": 3918900000,
      "rd": null,
      "sga": 496700000,
      "fcf": 102800000,
      "ocf": 153500000,
      "capex": -50700000,
      "gross_margin": 0.16709527959023188,
      "op_margin": 0.05559924337421096,
      "fcf_margin": 0.021848632335125715,
      "incr_op_margin_yoy": -0.03378253645929481,
      "rev_growth_yoy": 0.130110006244896,
      "rev_growth_yoy_accel": 0.03045737923664589,
      "op_leverage_ratio": 0.8156282123571681,
      "fcf_margin_change": 0.012042775145260629
    },
    {
      "date": "2023-12-31T00:00:00",
      "quarter_label": "2023-12 (Q4)",
      "revenue": 4480000000,
      "gross_profit": 730600000,
      "operating_income": 194700000,
      "net_income": 108700000,
      "opex": 535900000,
      "cogs": 3749400000,
      "rd": null,
      "sga": 487400000,
      "fcf": -250300000,
      "ocf": -202300000,
      "capex": -48000000,
      "gross_margin": 0.16308035714285715,
      "op_margin": 0.04345982142857143,
      "fcf_margin": -0.05587053571428571,
      "incr_op_margin_yoy": -0.11508515815085159,
      "rev_growth_yoy": 0.10100761857950356,
      "rev_growth_yoy_accel": -0.02910238766539243,
      "fcf_margin_change": -0.07771916804941142
    },
    {
      "date": "2024-03-31T00:00:00",
      "quarter_label": "2024-03 (Q1)",
      "revenue": 4470500000,
      "gross_profit": 742600000,
      "operating_income": 242600000,
      "net_income": 147900000,
      "opex": 500000000,
      "cogs": 3727900000,
      "rd": null,
      "sga": 476100000,
      "fcf": 190700000,
      "ocf": 253900000,
      "capex": -63200000,
      "gross_margin": 0.1661111732468404,
      "op_margin": 0.05426686053014204,
      "fcf_margin": 0.04265742087014875,
      "incr_op_margin_yoy": 0.0032305433186490457,
      "rev_growth_yoy": 0.0824455205811138,
      "rev_growth_yoy_accel": -0.01856209799838976,
      "fcf_margin_change": 0.09852795658443447
    },
    {
      "date": "2024-06-30T00:00:00",
      "quarter_label": "2024-06 (Q2)",
      "revenue": 4696400000,
      "gross_profit": 766500000,
      "operating_income": 241100000,
      "net_income": 138200000,
      "opex": 525400000,
      "cogs": 3929800000,
      "rd": null,
      "sga": 497200000,
      "fcf": -163800000,
      "ocf": -124100000,
      "capex": -39700000,
      "gross_margin": 0.16321011838855293,
      "op_margin": 0.05133719444681032,
      "fcf_margin": -0.03487777872412912,
      "incr_op_margin_yoy": -0.21537345902828137,
      "rev_growth_yoy": 0.03025117911593726,
      "rev_growth_yoy_accel": -0.05219434146517654,
      "op_leverage_ratio": 0.9947098520748882,
      "fcf_margin_change": -0.07753519959427788
    },
    {
      "date": "2024-09-30T00:00:00",
      "quarter_label": "2024-09 (Q3)",
      "revenue": 5221400000,
      "gross_profit": 852700000,
      "operating_income": 231600000,
      "net_income": 117300000,
      "opex": 621100000,
      "cogs": 4368700000,
      "rd": null,
      "sga": 591600000,
      "fcf": 194200000,
      "ocf": 243900000,
      "capex": -49700000,
      "gross_margin": 0.16330869115562877,
      "op_margin": 0.044355919868234575,
      "fcf_margin": 0.037193089975868544,
      "incr_op_margin_yoy": -0.05810575246949448,
      "rev_growth_yoy": 0.1097319929438269,
      "rev_growth_yoy_accel": 0.07948081382788964,
      "op_leverage_ratio": 0.6137229369844814,
      "fcf_margin_change": 0.07207086869999767
    },
    {
      "date": "2024-12-31T00:00:00",
      "quarter_label": "2024-12 (Q4)",
      "revenue": 5546000000,
      "gross_profit": 879200000,
      "operating_income": 193700000,
      "net_income": 94800000,
      "opex": 685500000,
      "cogs": 4666800000,
      "rd": null,
      "sga": 614300000,
      "fcf": 120100000,
      "ocf": 212600000,
      "capex": -92500000,
      "gross_margin": 0.1585286693112153,
      "op_margin": 0.03492607284529391,
      "fcf_margin": 0.0216552470248828,
      "incr_op_margin_yoy": -0.0009380863039399625,
      "rev_growth_yoy": 0.23794642857142856,
      "rev_growth_yoy_accel": 0.12821443562760165,
      "op_leverage_ratio": 0.5995662975137912,
      "fcf_margin_change": -0.015537842950985745
    },
    {
      "date": "2025-03-31T00:00:00",
      "quarter_label": "2025-03 (Q1)",
      "revenue": 5505300000,
      "gross_profit": 891900000,
      "operating_income": 233900000,
      "net_income": 128100000,
      "opex": 658000000,
      "cogs": 4613300000,
      "rd": null,
      "sga": 617300000,
      "fcf": 106500000,
      "ocf": 158700000,
      "capex": -52200000,
      "gross_margin": 0.16200752002615662,
      "op_margin": 0.042486331353423064,
      "fcf_margin": 0.0193449948231704,
      "incr_op_margin_yoy": -0.00840742172400464,
      "rev_growth_yoy": 0.23147298959847892,
      "rev_growth_yoy_accel": -0.0064734389729496356,
      "fcf_margin_change": -0.002310252201712399
    },
    {
      "date": "2025-06-30T00:00:00",
      "quarter_label": "2025-06 (Q2)",
      "revenue": 5703500000,
      "gross_profit": 935800000,
      "operating_income": 253000000,
      "net_income": 140500000,
      "opex": 682800000,
      "cogs": 4767800000,
      "rd": null,
      "sga": 646100000,
      "fcf": 179900000,
      "ocf": 251600000,
      "capex": -71700000,
      "gross_margin": 0.16407469097922328,
      "op_margin": 0.044358727097396335,
      "fcf_margin": 0.03154203559218024,
      "incr_op_margin_yoy": 0.01181610564988581,
      "rev_growth_yoy": 0.21444084830934332,
      "rev_growth_yoy_accel": -0.017032141289135605,
      "op_leverage_ratio": 0.9552056288280562,
      "fcf_margin_change": 0.012197040769009838
    },
    {
      "date": "2025-09-30T00:00:00",
      "quarter_label": "2025-09 (Q3)",
      "revenue": 5782700000,
      "gross_profit": 919700000,
      "operating_income": 107800000,
      "net_income": 13000000,
      "opex": 811900000,
      "cogs": 4863000000,
      "rd": null,
      "sga": 654900000,
      "fcf": 86700000,
      "ocf": 155000000,
      "capex": -68300000,
      "gross_margin": 0.15904335345081017,
      "op_margin": 0.018641810918774968,
      "fcf_margin": 0.014992996351185433,
      "incr_op_margin_yoy": -0.22055941564225903,
      "rev_growth_yoy": 0.10749990424024208,
      "rev_growth_yoy_accel": -0.10694094406910123,
      "op_leverage_ratio": 0.073443101002639,
      "fcf_margin_change": -0.016549039240994805
    }
  ],
  "signals": [
    {
      "quarter": "2025-09 (Q3)",
      "signal": "YoY REVENUE GROWTH DECELERATION",
      "detail": "YoY growth: +10.7% vs prior quarter YoY: +21.4% (decel: -10.7%)",
      "severity": "WARNING"
    },
    {
      "quarter": "2024-12 (Q4)",
      "signal": "YoY REVENUE GROWTH ACCELERATION",
      "detail": "YoY growth: +23.8% vs prior quarter YoY: +11.0% (accel: +12.8%)",
      "severity": "MEDIUM"
    },
    {
      "quarter": "2024-09 (Q3)",
      "signal": "FCF TURNED POSITIVE",
      "detail": "FCF margin: -3.5% -> +3.7%",
      "severity": "HIGH"
    },
    {
      "quarter": "2024-09 (Q3)",
      "signal": "YoY REVENUE GROWTH ACCELERATION",
      "detail": "YoY growth: +11.0% vs prior quarter YoY: +3.0% (accel: +7.9%)",
      "severity": "MEDIUM"
    },
    {
      "quarter": "2024-06 (Q2)",
      "signal": "YoY REVENUE GROWTH DECELERATION",
      "detail": "YoY growth: +3.0% vs prior quarter YoY: +8.2% (decel: -5.2%)",
      "severity": "WARNING"
    },
    {
      "quarter": "2024-03 (Q1)",
      "signal": "FCF TURNED POSITIVE",
      "detail": "FCF margin: -5.6% -> +4.3%",
      "severity": "HIGH"
    },
    {
      "quarter": "2023-06 (Q2)",
      "signal": "OPERATING LEVERAGE",
      "detail": "Rev growth +10.4% vs OpEx growth +3.8% (leverage: 2.8x)",
      "severity": "MEDIUM"
    },
    {
      "quarter": "2023-03 (Q1)",
      "signal": "FCF TURNED POSITIVE",
      "detail": "FCF margin: -0.2% -> +2.6%",
      "severity": "HIGH"
    },
    {
      "quarter": "2023-03 (Q1)",
      "signal": "YoY REVENUE GROWTH DECELERATION",
      "detail": "YoY growth: +7.4% vs prior quarter YoY: +16.6% (decel: -9.2%)",
      "severity": "WARNING"
    },
    {
      "quarter": "2022-09 (Q3)",
      "signal": "YoY REVENUE GROWTH ACCELERATION",
      "detail": "YoY growth: +18.6% vs prior quarter YoY: +12.0% (accel: +6.6%)",
      "severity": "MEDIUM"
    },
    {
      "quarter": "2022-06 (Q2)",
      "signal": "YoY REVENUE GROWTH DECELERATION",
      "detail": "YoY growth: +12.0% vs prior quarter YoY: +27.7% (decel: -15.7%)",
      "severity": "WARNING"
    },
    {
      "quarter": "2022-03 (Q1)",
      "signal": "YoY REVENUE GROWTH ACCELERATION",
      "detail": "YoY growth: +27.7% vs prior quarter YoY: +19.4% (accel: +8.3%)",
      "severity": "MEDIUM"
    },
    {
      "quarter": "2022-03 (Q1)",
      "signal": "INCREMENTAL MARGIN (YoY)",
      "detail": "YoY Incr OPM: +15.9% vs year-ago OPM: +5.1%",
      "severity": "MEDIUM"
    },
    {
      "quarter": "2021-06 (Q2)",
      "signal": "FCF MARGIN EXPANSION",
      "detail": "FCF margin: +6.7% -> +13.1% (+6.4%)",
      "severity": "MEDIUM"
    }
  ],
  "data_quality": {
    "n_quarters": 20,
    "coverage": {
      "revenue": [
        20,
        20
      ],
      "gross_profit": [
        20,
        20
      ],
      "op_income": [
        20,
        20
      ],
      "fcf": [
        20,
        20
      ]
    },
    "gaps": [],
    "warnings": []
  },
  "market_cap": null,
  "source": "SEC EDGAR",
  "last_updated": "2026-02-02T21:03:48.184667",
  "sector": "Consumer Cyclical",
  "industry": "Auto & Truck Dealerships"
}