{
  "ticker": "GPK",
  "name": "Graphic Packaging Holding Co",
  "quarters": [
    {
      "date": "2020-12-31T00:00:00",
      "quarter_label": "2020-12 (Q4)",
      "revenue": 1652100000,
      "gross_profit": 261800000,
      "operating_income": 130400000,
      "net_income": 64200000,
      "opex": 131400000,
      "cogs": 1390300000,
      "rd": null,
      "sga": 118500000,
      "fcf": 436000000,
      "ocf": 436000000,
      "capex": null,
      "gross_margin": 0.15846498395980874,
      "op_margin": 0.07892984686157012,
      "fcf_margin": 0.2639065431874584
    },
    {
      "date": "2021-03-31T00:00:00",
      "quarter_label": "2021-03 (Q1)",
      "revenue": 1649000000,
      "gross_profit": 249000000,
      "operating_income": 108000000,
      "net_income": 54000000,
      "opex": 141000000,
      "cogs": 1400000000,
      "rd": null,
      "sga": 126000000,
      "fcf": 53000000,
      "ocf": 53000000,
      "capex": null,
      "gross_margin": 0.15100060642813826,
      "op_margin": 0.06549423893268648,
      "fcf_margin": 0.03214069132807762,
      "fcf_margin_change": -0.23176585185938076
    },
    {
      "date": "2021-06-30T00:00:00",
      "quarter_label": "2021-06 (Q2)",
      "revenue": 1737000000,
      "gross_profit": 255000000,
      "operating_income": 95000000,
      "net_income": 38000000,
      "opex": 160000000,
      "cogs": 1482000000,
      "rd": null,
      "sga": 125000000,
      "fcf": 252000000,
      "ocf": 252000000,
      "capex": null,
      "gross_margin": 0.14680483592400692,
      "op_margin": 0.05469199769717904,
      "fcf_margin": 0.14507772020725387,
      "op_leverage_ratio": 0.396029491557882,
      "fcf_margin_change": 0.11293702887917625
    },
    {
      "date": "2021-09-30T00:00:00",
      "quarter_label": "2021-09 (Q3)",
      "revenue": 1782000000,
      "gross_profit": 280000000,
      "operating_income": 121000000,
      "net_income": 73000000,
      "opex": 159000000,
      "cogs": 1502000000,
      "rd": null,
      "sga": 128000000,
      "fcf": 154000000,
      "ocf": 154000000,
      "capex": null,
      "gross_margin": 0.15712682379349047,
      "op_margin": 0.06790123456790123,
      "fcf_margin": 0.08641975308641975,
      "op_leverage_ratio": Infinity,
      "fcf_margin_change": -0.058657967120834126
    },
    {
      "date": "2021-12-31T00:00:00",
      "quarter_label": "2021-12 (Q4)",
      "revenue": 1988000000,
      "gross_profit": 287000000,
      "operating_income": 83000000,
      "net_income": 39000000,
      "opex": 204000000,
      "cogs": 1701000000,
      "rd": null,
      "sga": 149000000,
      "fcf": 150000000,
      "ocf": 150000000,
      "capex": null,
      "gross_margin": 0.1443661971830986,
      "op_margin": 0.041750503018108655,
      "fcf_margin": 0.07545271629778671,
      "incr_op_margin_yoy": -0.141113426615064,
      "rev_growth_yoy": 0.2033169904969433,
      "op_leverage_ratio": 0.4084549195660307,
      "fcf_margin_change": -0.010967036788633033
    },
    {
      "date": "2022-03-31T00:00:00",
      "quarter_label": "2022-03 (Q1)",
      "revenue": 2245000000,
      "gross_profit": 387000000,
      "operating_income": 193000000,
      "net_income": 107000000,
      "opex": 194000000,
      "cogs": 1858000000,
      "rd": null,
      "sga": 181000000,
      "fcf": 18000000,
      "ocf": 18000000,
      "capex": null,
      "gross_margin": 0.17238307349665924,
      "op_margin": 0.08596881959910913,
      "fcf_margin": 0.008017817371937639,
      "incr_op_margin_yoy": 0.14261744966442952,
      "rev_growth_yoy": 0.36143117040630685,
      "rev_growth_yoy_accel": 0.15811417990936355,
      "op_leverage_ratio": Infinity,
      "fcf_margin_change": -0.06743489892584907
    },
    {
      "date": "2022-06-30T00:00:00",
      "quarter_label": "2022-06 (Q2)",
      "revenue": 2358000000,
      "gross_profit": 441000000,
      "operating_income": 152000000,
      "net_income": 66000000,
      "opex": 289000000,
      "cogs": 1917000000,
      "rd": null,
      "sga": 185000000,
      "fcf": 270000000,
      "ocf": 270000000,
      "capex": null,
      "gross_margin": 0.18702290076335878,
      "op_margin": 0.06446140797285835,
      "fcf_margin": 0.11450381679389313,
      "incr_op_margin_yoy": 0.09178743961352658,
      "rev_growth_yoy": 0.35751295336787564,
      "rev_growth_yoy_accel": -0.003918217038431204,
      "op_leverage_ratio": 0.10278748095182277,
      "fcf_margin_change": 0.10648599942195548
    },
    {
      "date": "2022-09-30T00:00:00",
      "quarter_label": "2022-09 (Q3)",
      "revenue": 2451000000,
      "gross_profit": 511000000,
      "operating_income": 293000000,
      "net_income": 193000000,
      "opex": 218000000,
      "cogs": 1940000000,
      "rd": null,
      "sga": 203000000,
      "fcf": 332000000,
      "ocf": 332000000,
      "capex": null,
      "gross_margin": 0.20848633210934311,
      "op_margin": 0.11954304365565076,
      "fcf_margin": 0.13545491636066911,
      "incr_op_margin_yoy": 0.2571001494768311,
      "rev_growth_yoy": 0.37542087542087543,
      "rev_growth_yoy_accel": 0.017907922052999792,
      "op_leverage_ratio": Infinity,
      "fcf_margin_change": 0.020951099566775988
    },
    {
      "date": "2022-12-31T00:00:00",
      "quarter_label": "2022-12 (Q4)",
      "revenue": 2386000000,
      "gross_profit": 491000000,
      "operating_income": 268000000,
      "net_income": 156000000,
      "opex": 223000000,
      "cogs": 1895000000,
      "rd": null,
      "sga": 205000000,
      "fcf": 470000000,
      "ocf": 470000000,
      "capex": null,
      "gross_margin": 0.2057837384744342,
      "op_margin": 0.11232187761944677,
      "fcf_margin": 0.1969823973176865,
      "incr_op_margin_yoy": 0.4648241206030151,
      "rev_growth_yoy": 0.20020120724346077,
      "rev_growth_yoy_accel": -0.17521966817741466,
      "fcf_margin_change": 0.06152748095701738
    },
    {
      "date": "2023-03-31T00:00:00",
      "quarter_label": "2023-03 (Q1)",
      "revenue": 2438000000,
      "gross_profit": 560000000,
      "operating_income": 330000000,
      "net_income": 207000000,
      "opex": 230000000,
      "cogs": 1878000000,
      "rd": null,
      "sga": 197000000,
      "fcf": 60000000,
      "ocf": 60000000,
      "capex": null,
      "gross_margin": 0.22969647251845776,
      "op_margin": 0.13535684987694832,
      "fcf_margin": 0.02461033634126333,
      "incr_op_margin_yoy": 0.7098445595854922,
      "rev_growth_yoy": 0.08596881959910913,
      "rev_growth_yoy_accel": -0.11423238764435165,
      "op_leverage_ratio": 0.6942881092084779,
      "fcf_margin_change": -0.17237206097642316
    },
    {
      "date": "2023-06-30T00:00:00",
      "quarter_label": "2023-06 (Q2)",
      "revenue": 2392000000,
      "gross_profit": 506000000,
      "operating_income": 267000000,
      "net_income": 150000000,
      "opex": 239000000,
      "cogs": 1886000000,
      "rd": null,
      "sga": 205000000,
      "fcf": 231000000,
      "ocf": 231000000,
      "capex": null,
      "gross_margin": 0.21153846153846154,
      "op_margin": 0.11162207357859531,
      "fcf_margin": 0.09657190635451506,
      "incr_op_margin_yoy": 3.3823529411764706,
      "rev_growth_yoy": 0.01441899915182358,
      "rev_growth_yoy_accel": -0.07154982044728554,
      "fcf_margin_change": 0.07196157001325172
    },
    {
      "date": "2023-09-30T00:00:00",
      "quarter_label": "2023-09 (Q3)",
      "revenue": 2349000000,
      "gross_profit": 550000000,
      "operating_income": 287000000,
      "net_income": 170000000,
      "opex": 263000000,
      "cogs": 1799000000,
      "rd": null,
      "sga": 220000000,
      "fcf": 411000000,
      "ocf": 411000000,
      "capex": null,
      "gross_margin": 0.23414218816517668,
      "op_margin": 0.1221796509152831,
      "fcf_margin": 0.17496807151979565,
      "incr_op_margin_yoy": 0.058823529411764705,
      "rev_growth_yoy": -0.0416156670746634,
      "rev_growth_yoy_accel": -0.05603466622648698,
      "fcf_margin_change": 0.0783961651652806
    },
    {
      "date": "2023-12-31T00:00:00",
      "quarter_label": "2023-12 (Q4)",
      "revenue": 2249000000,
      "gross_profit": 501000000,
      "operating_income": 290000000,
      "net_income": 196000000,
      "opex": 211000000,
      "cogs": 1748000000,
      "rd": null,
      "sga": 183000000,
      "fcf": 442000000,
      "ocf": 442000000,
      "capex": null,
      "gross_margin": 0.22276567363272565,
      "op_margin": 0.12894619831036017,
      "fcf_margin": 0.19653179190751446,
      "incr_op_margin_yoy": -0.16058394160583941,
      "rev_growth_yoy": -0.057418273260687346,
      "rev_growth_yoy_accel": -0.015802606186023943,
      "fcf_margin_change": 0.02156372038771881
    },
    {
      "date": "2024-03-31T00:00:00",
      "quarter_label": "2024-03 (Q1)",
      "revenue": 2259000000,
      "gross_profit": 526000000,
      "operating_income": 278000000,
      "net_income": 165000000,
      "opex": 248000000,
      "cogs": 1733000000,
      "rd": null,
      "sga": 215000000,
      "fcf": 3000000,
      "ocf": 3000000,
      "capex": null,
      "gross_margin": 0.23284639220894202,
      "op_margin": 0.12306330234617087,
      "fcf_margin": 0.0013280212483399733,
      "incr_op_margin_yoy": 0.2905027932960894,
      "rev_growth_yoy": -0.0734208367514356,
      "rev_growth_yoy_accel": -0.016002563490748252,
      "fcf_margin_change": -0.1952037706591745
    },
    {
      "date": "2024-06-30T00:00:00",
      "quarter_label": "2024-06 (Q2)",
      "revenue": 2237000000,
      "gross_profit": 481000000,
      "operating_income": 324000000,
      "net_income": 190000000,
      "opex": 157000000,
      "cogs": 1756000000,
      "rd": null,
      "sga": 197000000,
      "fcf": 161000000,
      "ocf": 161000000,
      "capex": null,
      "gross_margin": 0.21502011622708986,
      "op_margin": 0.14483683504693787,
      "fcf_margin": 0.07197139025480555,
      "incr_op_margin_yoy": -0.36774193548387096,
      "rev_growth_yoy": -0.06479933110367893,
      "rev_growth_yoy_accel": 0.00862150564775667,
      "fcf_margin_change": 0.07064336900646558
    },
    {
      "date": "2024-09-30T00:00:00",
      "quarter_label": "2024-09 (Q3)",
      "revenue": 2216000000,
      "gross_profit": 502000000,
      "operating_income": 278000000,
      "net_income": 165000000,
      "opex": 224000000,
      "cogs": 1714000000,
      "rd": null,
      "sga": 191000000,
      "fcf": 187000000,
      "ocf": 187000000,
      "capex": null,
      "gross_margin": 0.22653429602888087,
      "op_margin": 0.12545126353790614,
      "fcf_margin": 0.08438628158844766,
      "incr_op_margin_yoy": 0.06766917293233082,
      "rev_growth_yoy": -0.05661983822903363,
      "rev_growth_yoy_accel": 0.008179492874645297,
      "fcf_margin_change": 0.012414891333642111
    },
    {
      "date": "2024-12-31T00:00:00",
      "quarter_label": "2024-12 (Q4)",
      "revenue": 2095000000,
      "gross_profit": 453000000,
      "operating_income": 239000000,
      "net_income": 138000000,
      "opex": 214000000,
      "cogs": 1642000000,
      "rd": null,
      "sga": 171000000,
      "fcf": 489000000,
      "ocf": 489000000,
      "capex": null,
      "gross_margin": 0.2162291169451074,
      "op_margin": 0.11408114558472554,
      "fcf_margin": 0.2334128878281623,
      "incr_op_margin_yoy": 0.33116883116883117,
      "rev_growth_yoy": -0.06847487772343264,
      "rev_growth_yoy_accel": -0.011855039494399006,
      "fcf_margin_change": 0.14902660623971464
    },
    {
      "date": "2025-03-31T00:00:00",
      "quarter_label": "2025-03 (Q1)",
      "revenue": 2120000000,
      "gross_profit": 445000000,
      "operating_income": 221000000,
      "net_income": 127000000,
      "opex": 224000000,
      "cogs": 1675000000,
      "rd": null,
      "sga": 196000000,
      "fcf": -174000000,
      "ocf": -174000000,
      "capex": null,
      "gross_margin": 0.2099056603773585,
      "op_margin": 0.10424528301886793,
      "fcf_margin": -0.0820754716981132,
      "incr_op_margin_yoy": 0.41007194244604317,
      "rev_growth_yoy": -0.061531651173085435,
      "rev_growth_yoy_accel": 0.006943226550347202,
      "op_leverage_ratio": 0.2553699284009547,
      "fcf_margin_change": -0.3154883595262755
    },
    {
      "date": "2025-06-30T00:00:00",
      "quarter_label": "2025-06 (Q2)",
      "revenue": 2204000000,
      "gross_profit": 420000000,
      "operating_income": 193000000,
      "net_income": 104000000,
      "opex": 227000000,
      "cogs": 1784000000,
      "rd": null,
      "sga": 204000000,
      "fcf": 267000000,
      "ocf": 267000000,
      "capex": null,
      "gross_margin": 0.19056261343012704,
      "op_margin": 0.08756805807622504,
      "fcf_margin": 0.12114337568058076,
      "incr_op_margin_yoy": 3.9696969696969697,
      "rev_growth_yoy": -0.014751899865891819,
      "rev_growth_yoy_accel": 0.04677975130719361,
      "op_leverage_ratio": 2.958490566037736,
      "fcf_margin_change": 0.20321884737869395
    },
    {
      "date": "2025-09-30T00:00:00",
      "quarter_label": "2025-09 (Q3)",
      "revenue": 2190000000,
      "gross_profit": 434000000,
      "operating_income": 234000000,
      "net_income": null,
      "opex": 200000000,
      "cogs": 1756000000,
      "rd": null,
      "sga": 163000000,
      "fcf": 227000000,
      "ocf": 227000000,
      "capex": null,
      "gross_margin": 0.19817351598173516,
      "op_margin": 0.10684931506849316,
      "fcf_margin": 0.10365296803652968,
      "incr_op_margin_yoy": 1.6923076923076923,
      "rev_growth_yoy": -0.011732851985559567,
      "rev_growth_yoy_accel": 0.003019047880332252,
      "fcf_margin_change": -0.017490407644051076
    }
  ],
  "signals": [
    {
      "quarter": "2025-09 (Q3)",
      "signal": "INCREMENTAL MARGIN (YoY)",
      "detail": "YoY Incr OPM: +169.2% vs year-ago OPM: +12.5%",
      "severity": "HIGH"
    },
    {
      "quarter": "2025-06 (Q2)",
      "signal": "FCF TURNED POSITIVE",
      "detail": "FCF margin: -8.2% -> +12.1%",
      "severity": "HIGH"
    },
    {
      "quarter": "2025-06 (Q2)",
      "signal": "OPERATING LEVERAGE",
      "detail": "Rev growth +4.0% vs OpEx growth +1.3% (leverage: 3.0x)",
      "severity": "MEDIUM"
    },
    {
      "quarter": "2025-06 (Q2)",
      "signal": "INCREMENTAL MARGIN (YoY)",
      "detail": "YoY Incr OPM: +397.0% vs year-ago OPM: +14.5%",
      "severity": "HIGH"
    },
    {
      "quarter": "2025-03 (Q1)",
      "signal": "INCREMENTAL MARGIN (YoY)",
      "detail": "YoY Incr OPM: +41.0% vs year-ago OPM: +12.3%",
      "severity": "HIGH"
    },
    {
      "quarter": "2024-12 (Q4)",
      "signal": "FCF MARGIN EXPANSION",
      "detail": "FCF margin: +8.4% -> +23.3% (+14.9%)",
      "severity": "MEDIUM"
    },
    {
      "quarter": "2024-12 (Q4)",
      "signal": "INCREMENTAL MARGIN (YoY)",
      "detail": "YoY Incr OPM: +33.1% vs year-ago OPM: +12.9%",
      "severity": "HIGH"
    },
    {
      "quarter": "2024-06 (Q2)",
      "signal": "FCF MARGIN EXPANSION",
      "detail": "FCF margin: +0.1% -> +7.2% (+7.1%)",
      "severity": "MEDIUM"
    },
    {
      "quarter": "2024-03 (Q1)",
      "signal": "INCREMENTAL MARGIN (YoY)",
      "detail": "YoY Incr OPM: +29.1% vs year-ago OPM: +13.5%",
      "severity": "MEDIUM"
    },
    {
      "quarter": "2023-09 (Q3)",
      "signal": "FCF MARGIN EXPANSION",
      "detail": "FCF margin: +9.7% -> +17.5% (+7.8%)",
      "severity": "MEDIUM"
    },
    {
      "quarter": "2023-09 (Q3)",
      "signal": "GROSS MARGIN INFLECTION",
      "detail": "GM: +23.0% -> +21.2% -> +23.4% (reversal +2.3%)",
      "severity": "MEDIUM"
    },
    {
      "quarter": "2023-09 (Q3)",
      "signal": "YoY REVENUE GROWTH DECELERATION",
      "detail": "YoY growth: -4.2% vs prior quarter YoY: +1.4% (decel: -5.6%)",
      "severity": "WARNING"
    },
    {
      "quarter": "2023-06 (Q2)",
      "signal": "FCF MARGIN EXPANSION",
      "detail": "FCF margin: +2.5% -> +9.7% (+7.2%)",
      "severity": "MEDIUM"
    },
    {
      "quarter": "2023-06 (Q2)",
      "signal": "YoY REVENUE GROWTH DECELERATION",
      "detail": "YoY growth: +1.4% vs prior quarter YoY: +8.6% (decel: -7.2%)",
      "severity": "WARNING"
    },
    {
      "quarter": "2023-06 (Q2)",
      "signal": "INCREMENTAL MARGIN (YoY)",
      "detail": "YoY Incr OPM: +338.2% vs year-ago OPM: +6.4%",
      "severity": "HIGH"
    },
    {
      "quarter": "2023-03 (Q1)",
      "signal": "GROSS MARGIN INFLECTION",
      "detail": "GM: +20.8% -> +20.6% -> +23.0% (reversal +2.4%)",
      "severity": "MEDIUM"
    },
    {
      "quarter": "2023-03 (Q1)",
      "signal": "YoY REVENUE GROWTH DECELERATION",
      "detail": "YoY growth: +8.6% vs prior quarter YoY: +20.0% (decel: -11.4%)",
      "severity": "WARNING"
    },
    {
      "quarter": "2023-03 (Q1)",
      "signal": "INCREMENTAL MARGIN (YoY)",
      "detail": "YoY Incr OPM: +71.0% vs year-ago OPM: +8.6%",
      "severity": "HIGH"
    },
    {
      "quarter": "2022-12 (Q4)",
      "signal": "FCF MARGIN EXPANSION",
      "detail": "FCF margin: +13.5% -> +19.7% (+6.2%)",
      "severity": "MEDIUM"
    },
    {
      "quarter": "2022-12 (Q4)",
      "signal": "YoY REVENUE GROWTH DECELERATION",
      "detail": "YoY growth: +20.0% vs prior quarter YoY: +37.5% (decel: -17.5%)",
      "severity": "WARNING"
    },
    {
      "quarter": "2022-12 (Q4)",
      "signal": "INCREMENTAL MARGIN (YoY)",
      "detail": "YoY Incr OPM: +46.5% vs year-ago OPM: +4.2%",
      "severity": "HIGH"
    },
    {
      "quarter": "2022-09 (Q3)",
      "signal": "INCREMENTAL MARGIN (YoY)",
      "detail": "YoY Incr OPM: +25.7% vs year-ago OPM: +6.8%",
      "severity": "MEDIUM"
    },
    {
      "quarter": "2022-06 (Q2)",
      "signal": "FCF MARGIN EXPANSION",
      "detail": "FCF margin: +0.8% -> +11.5% (+10.6%)",
      "severity": "MEDIUM"
    },
    {
      "quarter": "2022-03 (Q1)",
      "signal": "GROSS MARGIN INFLECTION",
      "detail": "GM: +15.7% -> +14.4% -> +17.2% (reversal +2.8%)",
      "severity": "MEDIUM"
    },
    {
      "quarter": "2022-03 (Q1)",
      "signal": "YoY REVENUE GROWTH ACCELERATION",
      "detail": "YoY growth: +36.1% vs prior quarter YoY: +20.3% (accel: +15.8%)",
      "severity": "HIGH"
    },
    {
      "quarter": "2021-06 (Q2)",
      "signal": "FCF MARGIN EXPANSION",
      "detail": "FCF margin: +3.2% -> +14.5% (+11.3%)",
      "severity": "MEDIUM"
    }
  ],
  "data_quality": {
    "n_quarters": 20,
    "coverage": {
      "revenue": [
        20,
        20
      ],
      "gross_profit": [
        20,
        20
      ],
      "op_income": [
        20,
        20
      ],
      "fcf": [
        20,
        20
      ]
    },
    "gaps": [],
    "warnings": []
  },
  "market_cap": null,
  "source": "SEC EDGAR",
  "last_updated": "2026-02-02T21:09:36.344595",
  "sector": "Consumer Cyclical",
  "industry": "Packaging & Containers"
}