{
  "ticker": "GPRE",
  "name": "GREEN PLAINS INC.",
  "quarters": [
    {
      "date": "2020-12-31T00:00:00",
      "quarter_label": "2020-12 (Q4)",
      "revenue": 478764000,
      "gross_profit": -34795000,
      "operating_income": -34795000,
      "net_income": -49630000,
      "opex": 513559000,
      "cogs": 513559000,
      "rd": null,
      "sga": 22842000,
      "fcf": -2756000,
      "ocf": 22447000,
      "capex": -25203000,
      "gross_margin": -0.07267672590253235,
      "op_margin": -0.07267672590253235,
      "fcf_margin": -0.005756489627457369
    },
    {
      "date": "2021-03-31T00:00:00",
      "quarter_label": "2021-03 (Q1)",
      "revenue": 553640000,
      "gross_profit": 44407000,
      "operating_income": 31347000,
      "net_income": -6545000,
      "opex": 522293000,
      "cogs": 509233000,
      "rd": null,
      "sga": 23518000,
      "fcf": -68505000,
      "ocf": -36981000,
      "capex": -31524000,
      "gross_margin": 0.08020916118777545,
      "op_margin": 0.056619825157141826,
      "fcf_margin": -0.12373564048840402,
      "op_leverage_ratio": 9.19598609213167,
      "fcf_margin_change": -0.11797915086094665
    },
    {
      "date": "2021-06-30T00:00:00",
      "quarter_label": "2021-06 (Q2)",
      "revenue": 724418000,
      "gross_profit": 85010000,
      "operating_income": 31033000,
      "net_income": 9743000,
      "opex": 693385000,
      "cogs": 639408000,
      "rd": null,
      "sga": 23383000,
      "fcf": -21606000,
      "ocf": 6769000,
      "capex": -28375000,
      "gross_margin": 0.11734937563671803,
      "op_margin": 0.04283852692782344,
      "fcf_margin": -0.0298253218445704,
      "op_leverage_ratio": 0.9416488175912004,
      "fcf_margin_change": 0.09391031864383362
    },
    {
      "date": "2021-09-30T00:00:00",
      "quarter_label": "2021-09 (Q3)",
      "revenue": 746791000,
      "gross_profit": 16612000,
      "operating_income": -44675000,
      "net_income": -59622000,
      "opex": 791466000,
      "cogs": 730179000,
      "rd": null,
      "sga": 26022000,
      "fcf": -61448000,
      "ocf": 2340000,
      "capex": -63788000,
      "gross_margin": 0.022244510177546327,
      "op_margin": -0.05982262774993271,
      "fcf_margin": -0.082282727028044,
      "op_leverage_ratio": 0.21833559646663273,
      "fcf_margin_change": -0.052457405183473596
    },
    {
      "date": "2021-12-31T00:00:00",
      "quarter_label": "2021-12 (Q4)",
      "revenue": 802319000,
      "gross_profit": 56030000,
      "operating_income": 7803000,
      "net_income": -9568000,
      "opex": 794516000,
      "cogs": 746289000,
      "rd": null,
      "sga": 18216000,
      "fcf": -31390000,
      "ocf": 32118000,
      "capex": -63508000,
      "gross_margin": 0.06983506560358162,
      "op_margin": 0.009725558038635505,
      "fcf_margin": -0.03912408904687537,
      "incr_op_margin_yoy": 0.13165613265132667,
      "rev_growth_yoy": 0.6758131354905549,
      "op_leverage_ratio": 19.295026515966644,
      "fcf_margin_change": 0.043158637981168625
    },
    {
      "date": "2022-03-31T00:00:00",
      "quarter_label": "2022-03 (Q1)",
      "revenue": 781435000,
      "gross_profit": 8926000,
      "operating_income": -47902000,
      "net_income": -61474000,
      "opex": 829337000,
      "cogs": 772509000,
      "rd": null,
      "sga": 30863000,
      "fcf": -224524000,
      "ocf": -162540000,
      "capex": -61984000,
      "gross_margin": 0.01142257513420822,
      "op_margin": -0.06130004414954539,
      "fcf_margin": -0.28732268198890504,
      "incr_op_margin_yoy": -0.34789613468249964,
      "rev_growth_yoy": 0.4114496784914385,
      "rev_growth_yoy_accel": -0.2643634569991164,
      "fcf_margin_change": -0.24819859294202967
    },
    {
      "date": "2022-06-30T00:00:00",
      "quarter_label": "2022-06 (Q2)",
      "revenue": 1012394000,
      "gross_profit": 91080000,
      "operating_income": 33841000,
      "net_income": 46398000,
      "opex": 978553000,
      "cogs": 921314000,
      "rd": null,
      "sga": 30113000,
      "fcf": -10400000,
      "ocf": 55899000,
      "capex": -66299000,
      "gross_margin": 0.08996497411086987,
      "op_margin": 0.03342670936414084,
      "fcf_margin": -0.010272680399133144,
      "incr_op_margin_yoy": 0.009750812567713976,
      "rev_growth_yoy": 0.39752739440488777,
      "rev_growth_yoy_accel": -0.013922284086550718,
      "op_leverage_ratio": 1.6426978132153043,
      "fcf_margin_change": 0.2770500015897719
    },
    {
      "date": "2022-09-30T00:00:00",
      "quarter_label": "2022-09 (Q3)",
      "revenue": 954977000,
      "gross_profit": -1880000,
      "operating_income": -61880000,
      "net_income": -73526000,
      "opex": 1016857000,
      "cogs": 956857000,
      "rd": null,
      "sga": 29066000,
      "fcf": 17233000,
      "ocf": 72175000,
      "capex": -54942000,
      "gross_margin": -0.0019686337995574762,
      "op_margin": -0.06479737208330671,
      "fcf_margin": 0.018045460780730844,
      "incr_op_margin_yoy": -0.08264244473691795,
      "rev_growth_yoy": 0.27877411484605463,
      "rev_growth_yoy_accel": -0.11875327955883314,
      "fcf_margin_change": 0.02831814117986399
    },
    {
      "date": "2022-12-31T00:00:00",
      "quarter_label": "2022-12 (Q4)",
      "revenue": 914043000,
      "gross_profit": 39712000,
      "operating_income": -23007000,
      "net_income": -38616000,
      "opex": 937050000,
      "cogs": 874331000,
      "rd": null,
      "sga": 28888000,
      "fcf": 75034000,
      "ocf": 104175000,
      "capex": -29141000,
      "gross_margin": 0.043446533696992376,
      "op_margin": -0.025170588254600713,
      "fcf_margin": 0.0820902298907163,
      "incr_op_margin_yoy": -0.27576885897389997,
      "rev_growth_yoy": 0.13925134516320814,
      "rev_growth_yoy_accel": -0.1395227696828465,
      "fcf_margin_change": 0.06404476910998547
    },
    {
      "date": "2023-03-31T00:00:00",
      "quarter_label": "2023-03 (Q1)",
      "revenue": 832949000,
      "gross_profit": 7944000,
      "operating_income": -56540000,
      "net_income": -70324000,
      "opex": 889489000,
      "cogs": 825005000,
      "rd": null,
      "sga": 31845000,
      "fcf": -149559000,
      "ocf": -116968000,
      "capex": -32591000,
      "gross_margin": 0.009537198555974015,
      "op_margin": -0.06787930593589764,
      "fcf_margin": -0.17955361012498963,
      "incr_op_margin_yoy": -0.1676825717280739,
      "rev_growth_yoy": 0.0659223095970874,
      "rev_growth_yoy_accel": -0.07332903556612073,
      "fcf_margin_change": -0.26164384001570595
    },
    {
      "date": "2023-06-30T00:00:00",
      "quarter_label": "2023-06 (Q2)",
      "revenue": 857632000,
      "gross_profit": 22541000,
      "operating_income": -42480000,
      "net_income": -52604000,
      "opex": 900112000,
      "cogs": 835091000,
      "rd": null,
      "sga": 33325000,
      "fcf": -67776000,
      "ocf": -51465000,
      "capex": -16311000,
      "gross_margin": 0.02628283459572404,
      "op_margin": -0.04953173389052647,
      "fcf_margin": -0.07902690198126935,
      "incr_op_margin_yoy": 0.49315077344567787,
      "rev_growth_yoy": -0.15286736191640804,
      "rev_growth_yoy_accel": -0.21878967151349543,
      "op_leverage_ratio": 2.4812637586760578,
      "fcf_margin_change": 0.10052670814372028
    },
    {
      "date": "2023-09-30T00:00:00",
      "quarter_label": "2023-09 (Q3)",
      "revenue": 892770000,
      "gross_profit": 81471000,
      "operating_income": 21174000,
      "net_income": 22311000,
      "opex": 871596000,
      "cogs": 811299000,
      "rd": null,
      "sga": 35340000,
      "fcf": 84073000,
      "ocf": 113047000,
      "capex": -28974000,
      "gross_margin": 0.09125642662723882,
      "op_margin": 0.023717194798212306,
      "fcf_margin": 0.09417095108482589,
      "incr_op_margin_yoy": -1.3351230568907035,
      "rev_growth_yoy": -0.06513978870695315,
      "rev_growth_yoy_accel": 0.08772757320945489,
      "op_leverage_ratio": Infinity,
      "fcf_margin_change": 0.17319785306609525
    },
    {
      "date": "2023-12-31T00:00:00",
      "quarter_label": "2023-12 (Q4)",
      "revenue": 712392000,
      "gross_profit": 79949000,
      "operating_income": 16268000,
      "net_income": 7233000,
      "opex": 696124000,
      "cogs": 632443000,
      "rd": null,
      "sga": 32840000,
      "fcf": 81515000,
      "ocf": 111732000,
      "capex": -30217000,
      "gross_margin": 0.11222613392626532,
      "op_margin": 0.022835742119507237,
      "fcf_margin": 0.11442436186818493,
      "incr_op_margin_yoy": -0.19476719679049448,
      "rev_growth_yoy": -0.22061434746505362,
      "rev_growth_yoy_accel": -0.15547455875810046,
      "fcf_margin_change": 0.020253410783359044
    },
    {
      "date": "2024-03-31T00:00:00",
      "quarter_label": "2024-03 (Q1)",
      "revenue": 597214000,
      "gross_profit": 8367000,
      "operating_income": -44889000,
      "net_income": -51412000,
      "opex": 642103000,
      "cogs": 588847000,
      "rd": null,
      "sga": 31769000,
      "fcf": -72394000,
      "ocf": -50599000,
      "capex": -21795000,
      "gross_margin": 0.014010053347711205,
      "op_margin": -0.0751640115603452,
      "fcf_margin": -0.12121952934793893,
      "incr_op_margin_yoy": -0.049424141514836574,
      "rev_growth_yoy": -0.28301252537670374,
      "rev_growth_yoy_accel": -0.062398177911650116,
      "fcf_margin_change": -0.23564389121612386
    },
    {
      "date": "2024-06-30T00:00:00",
      "quarter_label": "2024-06 (Q2)",
      "revenue": 618825000,
      "gross_profit": 37823000,
      "operating_income": -17711000,
      "net_income": -24350000,
      "opex": 636536000,
      "cogs": 581002000,
      "rd": null,
      "sga": 33950000,
      "fcf": -32807000,
      "ocf": -15118000,
      "capex": -17689000,
      "gross_margin": 0.061120672241748476,
      "op_margin": -0.028620369248171938,
      "fcf_margin": -0.053014988082252655,
      "incr_op_margin_yoy": -0.10371974020862035,
      "rev_growth_yoy": -0.27844926495280026,
      "rev_growth_yoy_accel": 0.004563260423903481,
      "op_leverage_ratio": Infinity,
      "fcf_margin_change": 0.06820454126568629
    },
    {
      "date": "2024-09-30T00:00:00",
      "quarter_label": "2024-09 (Q3)",
      "revenue": 658735000,
      "gross_profit": 78109000,
      "operating_income": 56052000,
      "net_income": 48200000,
      "opex": 602683000,
      "cogs": 580626000,
      "rd": null,
      "sga": 26710000,
      "fcf": 34380000,
      "ocf": 62721000,
      "capex": -28341000,
      "gross_margin": 0.11857423698452337,
      "op_margin": 0.08509036258890146,
      "fcf_margin": 0.052190941729223436,
      "incr_op_margin_yoy": -0.1490289913901767,
      "rev_growth_yoy": -0.2621447853310483,
      "rev_growth_yoy_accel": 0.016304479621751966,
      "op_leverage_ratio": Infinity,
      "fcf_margin_change": 0.10520592981147608
    },
    {
      "date": "2024-12-31T00:00:00",
      "quarter_label": "2024-12 (Q4)",
      "revenue": 584022000,
      "gross_profit": 6151000,
      "operating_income": -40911000,
      "net_income": -54935000,
      "opex": 624933000,
      "cogs": 577871000,
      "rd": null,
      "sga": 25616000,
      "fcf": -54228000,
      "ocf": -26969000,
      "capex": -27259000,
      "gross_margin": 0.010532137487971344,
      "op_margin": -0.07005044330521795,
      "fcf_margin": -0.09285266650913836,
      "incr_op_margin_yoy": 0.4454233855262133,
      "rev_growth_yoy": -0.18019573493245292,
      "rev_growth_yoy_accel": 0.08194905039859537,
      "fcf_margin_change": -0.1450436082383618
    },
    {
      "date": "2025-03-31T00:00:00",
      "quarter_label": "2025-03 (Q1)",
      "revenue": 601515000,
      "gross_profit": 3039000,
      "operating_income": -62260000,
      "net_income": -72906000,
      "opex": 663775000,
      "cogs": 598476000,
      "rd": null,
      "sga": 42912000,
      "fcf": -71751000,
      "ocf": -55041000,
      "capex": -16710000,
      "gross_margin": 0.0050522430862073265,
      "op_margin": -0.10350531574441203,
      "fcf_margin": -0.11928380838383083,
      "incr_op_margin_yoy": -4.038828179493141,
      "rev_growth_yoy": 0.0072017735686035495,
      "rev_growth_yoy_accel": 0.18739750850105646,
      "op_leverage_ratio": 0.48191113755054266,
      "fcf_margin_change": -0.026431141874692476
    },
    {
      "date": "2025-06-30T00:00:00",
      "quarter_label": "2025-06 (Q2)",
      "revenue": 552829000,
      "gross_profit": 41570000,
      "operating_income": -28363000,
      "net_income": -72238000,
      "opex": 581192000,
      "cogs": 511259000,
      "rd": null,
      "sga": 27605000,
      "fcf": 47652000,
      "ocf": 58795000,
      "capex": -11143000,
      "gross_margin": 0.0751950422282478,
      "op_margin": -0.051305195639157856,
      "fcf_margin": 0.08619663584942179,
      "incr_op_margin_yoy": 0.16140372143766288,
      "rev_growth_yoy": -0.10664727507776835,
      "rev_growth_yoy_accel": -0.1138490486463719,
      "fcf_margin_change": 0.20548044423325262
    },
    {
      "date": "2025-09-30T00:00:00",
      "quarter_label": "2025-09 (Q3)",
      "revenue": 508487000,
      "gross_profit": 52166000,
      "operating_income": 33869000,
      "net_income": 11926000,
      "opex": 474618000,
      "cogs": 456321000,
      "rd": null,
      "sga": 29335000,
      "fcf": 35758000,
      "ocf": 39769000,
      "capex": -4011000,
      "gross_margin": 0.10259062670235423,
      "op_margin": 0.06660740589238269,
      "fcf_margin": 0.07032234845728602,
      "incr_op_margin_yoy": 0.14764256429370107,
      "rev_growth_yoy": -0.2280856490090856,
      "rev_growth_yoy_accel": -0.12143837393131725,
      "fcf_margin_change": -0.01587428739213577
    }
  ],
  "signals": [
    {
      "quarter": "2025-09 (Q3)",
      "signal": "YoY REVENUE GROWTH DECELERATION",
      "detail": "YoY growth: -22.8% vs prior quarter YoY: -10.7% (decel: -12.1%)",
      "severity": "WARNING"
    },
    {
      "quarter": "2025-09 (Q3)",
      "signal": "OP MARGIN TURNED POSITIVE (QoQ)",
      "detail": "Op margin: -5.1% -> +6.7%",
      "severity": "HIGH"
    },
    {
      "quarter": "2025-06 (Q2)",
      "signal": "FCF TURNED POSITIVE",
      "detail": "FCF margin: -11.9% -> +8.6%",
      "severity": "HIGH"
    },
    {
      "quarter": "2025-06 (Q2)",
      "signal": "GROSS MARGIN INFLECTION",
      "detail": "GM: +1.1% -> +0.5% -> +7.5% (reversal +7.0%)",
      "severity": "HIGH"
    },
    {
      "quarter": "2025-06 (Q2)",
      "signal": "YoY REVENUE GROWTH DECELERATION",
      "detail": "YoY growth: -10.7% vs prior quarter YoY: +0.7% (decel: -11.4%)",
      "severity": "WARNING"
    },
    {
      "quarter": "2025-03 (Q1)",
      "signal": "YoY REVENUE GROWTH ACCELERATION",
      "detail": "YoY growth: +0.7% vs prior quarter YoY: -18.0% (accel: +18.7%)",
      "severity": "HIGH"
    },
    {
      "quarter": "2024-12 (Q4)",
      "signal": "YoY REVENUE GROWTH ACCELERATION",
      "detail": "YoY growth: -18.0% vs prior quarter YoY: -26.2% (accel: +8.2%)",
      "severity": "MEDIUM"
    },
    {
      "quarter": "2024-09 (Q3)",
      "signal": "FCF TURNED POSITIVE",
      "detail": "FCF margin: -5.3% -> +5.2%",
      "severity": "HIGH"
    },
    {
      "quarter": "2024-09 (Q3)",
      "signal": "OP MARGIN TURNED POSITIVE (QoQ)",
      "detail": "Op margin: -2.9% -> +8.5%",
      "severity": "HIGH"
    },
    {
      "quarter": "2024-06 (Q2)",
      "signal": "FCF MARGIN EXPANSION",
      "detail": "FCF margin: -12.1% -> -5.3% (+6.8%)",
      "severity": "MEDIUM"
    },
    {
      "quarter": "2024-06 (Q2)",
      "signal": "GROSS MARGIN INFLECTION",
      "detail": "GM: +11.2% -> +1.4% -> +6.1% (reversal +4.7%)",
      "severity": "MEDIUM"
    },
    {
      "quarter": "2024-03 (Q1)",
      "signal": "YoY REVENUE GROWTH DECELERATION",
      "detail": "YoY growth: -28.3% vs prior quarter YoY: -22.1% (decel: -6.2%)",
      "severity": "WARNING"
    },
    {
      "quarter": "2023-12 (Q4)",
      "signal": "YoY REVENUE GROWTH DECELERATION",
      "detail": "YoY growth: -22.1% vs prior quarter YoY: -6.5% (decel: -15.5%)",
      "severity": "WARNING"
    },
    {
      "quarter": "2023-12 (Q4)",
      "signal": "OP MARGIN TURNED POSITIVE (YoY)",
      "detail": "Op margin: -2.5% (year-ago) -> +2.3%",
      "severity": "HIGH"
    },
    {
      "quarter": "2023-09 (Q3)",
      "signal": "FCF TURNED POSITIVE",
      "detail": "FCF margin: -7.9% -> +9.4%",
      "severity": "HIGH"
    },
    {
      "quarter": "2023-09 (Q3)",
      "signal": "YoY REVENUE GROWTH ACCELERATION",
      "detail": "YoY growth: -6.5% vs prior quarter YoY: -15.3% (accel: +8.8%)",
      "severity": "MEDIUM"
    },
    {
      "quarter": "2023-09 (Q3)",
      "signal": "OP MARGIN TURNED POSITIVE (YoY)",
      "detail": "Op margin: -6.5% (year-ago) -> +2.4%",
      "severity": "HIGH"
    },
    {
      "quarter": "2023-09 (Q3)",
      "signal": "OP MARGIN TURNED POSITIVE (QoQ)",
      "detail": "Op margin: -5.0% -> +2.4%",
      "severity": "HIGH"
    },
    {
      "quarter": "2023-06 (Q2)",
      "signal": "FCF MARGIN EXPANSION",
      "detail": "FCF margin: -18.0% -> -7.9% (+10.1%)",
      "severity": "MEDIUM"
    },
    {
      "quarter": "2023-06 (Q2)",
      "signal": "OPERATING LEVERAGE",
      "detail": "Rev growth +3.0% vs OpEx growth +1.2% (leverage: 2.5x)",
      "severity": "MEDIUM"
    },
    {
      "quarter": "2023-06 (Q2)",
      "signal": "YoY REVENUE GROWTH DECELERATION",
      "detail": "YoY growth: -15.3% vs prior quarter YoY: +6.6% (decel: -21.9%)",
      "severity": "WARNING"
    },
    {
      "quarter": "2023-03 (Q1)",
      "signal": "YoY REVENUE GROWTH DECELERATION",
      "detail": "YoY growth: +6.6% vs prior quarter YoY: +13.9% (decel: -7.3%)",
      "severity": "WARNING"
    },
    {
      "quarter": "2022-12 (Q4)",
      "signal": "FCF MARGIN EXPANSION",
      "detail": "FCF margin: +1.8% -> +8.2% (+6.4%)",
      "severity": "MEDIUM"
    },
    {
      "quarter": "2022-12 (Q4)",
      "signal": "GROSS MARGIN INFLECTION",
      "detail": "GM: +9.0% -> -0.2% -> +4.3% (reversal +4.5%)",
      "severity": "MEDIUM"
    },
    {
      "quarter": "2022-12 (Q4)",
      "signal": "YoY REVENUE GROWTH DECELERATION",
      "detail": "YoY growth: +13.9% vs prior quarter YoY: +27.9% (decel: -14.0%)",
      "severity": "WARNING"
    },
    {
      "quarter": "2022-09 (Q3)",
      "signal": "FCF TURNED POSITIVE",
      "detail": "FCF margin: -1.0% -> +1.8%",
      "severity": "HIGH"
    },
    {
      "quarter": "2022-09 (Q3)",
      "signal": "YoY REVENUE GROWTH DECELERATION",
      "detail": "YoY growth: +27.9% vs prior quarter YoY: +39.8% (decel: -11.9%)",
      "severity": "WARNING"
    },
    {
      "quarter": "2022-06 (Q2)",
      "signal": "FCF MARGIN EXPANSION",
      "detail": "FCF margin: -28.7% -> -1.0% (+27.7%)",
      "severity": "MEDIUM"
    },
    {
      "quarter": "2022-06 (Q2)",
      "signal": "OPERATING LEVERAGE",
      "detail": "Rev growth +29.6% vs OpEx growth +18.0% (leverage: 1.6x)",
      "severity": "MEDIUM"
    },
    {
      "quarter": "2022-06 (Q2)",
      "signal": "GROSS MARGIN INFLECTION",
      "detail": "GM: +7.0% -> +1.1% -> +9.0% (reversal +7.9%)",
      "severity": "HIGH"
    },
    {
      "quarter": "2022-06 (Q2)",
      "signal": "OP MARGIN TURNED POSITIVE (QoQ)",
      "detail": "Op margin: -6.1% -> +3.3%",
      "severity": "HIGH"
    },
    {
      "quarter": "2022-03 (Q1)",
      "signal": "YoY REVENUE GROWTH DECELERATION",
      "detail": "YoY growth: +41.1% vs prior quarter YoY: +67.6% (decel: -26.4%)",
      "severity": "WARNING"
    },
    {
      "quarter": "2021-12 (Q4)",
      "signal": "OPERATING LEVERAGE",
      "detail": "Rev growth +7.4% vs OpEx growth +0.4% (leverage: 19.3x)",
      "severity": "MEDIUM"
    },
    {
      "quarter": "2021-12 (Q4)",
      "signal": "GROSS MARGIN INFLECTION",
      "detail": "GM: +11.7% -> +2.2% -> +7.0% (reversal +4.8%)",
      "severity": "MEDIUM"
    },
    {
      "quarter": "2021-12 (Q4)",
      "signal": "OP MARGIN TURNED POSITIVE (YoY)",
      "detail": "Op margin: -7.3% (year-ago) -> +1.0%",
      "severity": "HIGH"
    },
    {
      "quarter": "2021-12 (Q4)",
      "signal": "OP MARGIN TURNED POSITIVE (QoQ)",
      "detail": "Op margin: -6.0% -> +1.0%",
      "severity": "HIGH"
    },
    {
      "quarter": "2021-06 (Q2)",
      "signal": "FCF MARGIN EXPANSION",
      "detail": "FCF margin: -12.4% -> -3.0% (+9.4%)",
      "severity": "MEDIUM"
    },
    {
      "quarter": "2021-03 (Q1)",
      "signal": "OPERATING LEVERAGE",
      "detail": "Rev growth +15.6% vs OpEx growth +1.7% (leverage: 9.2x)",
      "severity": "MEDIUM"
    },
    {
      "quarter": "2021-03 (Q1)",
      "signal": "OP MARGIN TURNED POSITIVE (QoQ)",
      "detail": "Op margin: -7.3% -> +5.7%",
      "severity": "HIGH"
    }
  ],
  "data_quality": {
    "n_quarters": 20,
    "coverage": {
      "revenue": [
        20,
        20
      ],
      "gross_profit": [
        20,
        20
      ],
      "op_income": [
        20,
        20
      ],
      "fcf": [
        20,
        20
      ]
    },
    "gaps": [],
    "warnings": []
  },
  "market_cap": null,
  "source": "SEC EDGAR",
  "last_updated": "2026-02-02T22:07:55.658816",
  "sector": "Basic Materials",
  "industry": "Chemicals"
}