{
  "ticker": "GPRO",
  "name": "GOPRO, INC.",
  "quarters": [
    {
      "date": "2020-12-31T00:00:00",
      "quarter_label": "2020-12 (Q4)",
      "revenue": 357772000,
      "gross_profit": 136083000,
      "operating_income": 55355000,
      "net_income": 44413000,
      "opex": 80728000,
      "cogs": 221689000,
      "rd": 27515000,
      "sga": null,
      "fcf": 105932000,
      "ocf": 106253000,
      "capex": -321000,
      "gross_margin": 0.3803623536777613,
      "op_margin": 0.15472144270652818,
      "fcf_margin": 0.29608801135918966
    },
    {
      "date": "2021-03-31T00:00:00",
      "quarter_label": "2021-03 (Q1)",
      "revenue": 203680000,
      "gross_profit": 78696000,
      "operating_income": -3512000,
      "net_income": -10168000,
      "opex": 82208000,
      "cogs": 124984000,
      "rd": 32430000,
      "sga": null,
      "fcf": -26560000,
      "ocf": -25492000,
      "capex": -1068000,
      "gross_margin": 0.3863707776904949,
      "op_margin": -0.017242733699921447,
      "fcf_margin": -0.13040062843676356,
      "fcf_margin_change": -0.4264886397959532
    },
    {
      "date": "2021-06-30T00:00:00",
      "quarter_label": "2021-06 (Q2)",
      "revenue": 249586000,
      "gross_profit": 99282000,
      "operating_income": 9502000,
      "net_income": 16952000,
      "opex": 89780000,
      "cogs": 150304000,
      "rd": 37800000,
      "sga": null,
      "fcf": 22224000,
      "ocf": 23174000,
      "capex": -950000,
      "gross_margin": 0.39778673483288324,
      "op_margin": 0.03807104565159905,
      "fcf_margin": 0.08904345596307485,
      "op_leverage_ratio": 2.4469468903708993,
      "fcf_margin_change": 0.21944408439983842
    },
    {
      "date": "2021-09-30T00:00:00",
      "quarter_label": "2021-09 (Q3)",
      "revenue": 316669000,
      "gross_profit": 138053000,
      "operating_income": 48601000,
      "net_income": 311761000,
      "opex": 89452000,
      "cogs": 178616000,
      "rd": 36458000,
      "sga": null,
      "fcf": 64801000,
      "ocf": 67623000,
      "capex": -2822000,
      "gross_margin": 0.43595362981535923,
      "op_margin": 0.15347571123160145,
      "fcf_margin": 0.2046332290183125,
      "op_leverage_ratio": Infinity,
      "fcf_margin_change": 0.11558977305523764
    },
    {
      "date": "2021-12-31T00:00:00",
      "quarter_label": "2021-12 (Q4)",
      "revenue": 391149000,
      "gross_profit": 161074000,
      "operating_income": 58625000,
      "net_income": 52626000,
      "opex": 102449000,
      "cogs": 230075000,
      "rd": 34806000,
      "sga": null,
      "fcf": 163143000,
      "ocf": 163848000,
      "capex": -705000,
      "gross_margin": 0.4117970389800306,
      "op_margin": 0.14987894638615976,
      "fcf_margin": 0.41708658337359933,
      "incr_op_margin_yoy": 0.0979716571291608,
      "rev_growth_yoy": 0.09329125811969634,
      "op_leverage_ratio": 1.6187547415648444,
      "fcf_margin_change": 0.21245335435528684
    },
    {
      "date": "2022-03-31T00:00:00",
      "quarter_label": "2022-03 (Q1)",
      "revenue": 216705000,
      "gross_profit": 90476000,
      "operating_income": 8162000,
      "net_income": 5685000,
      "opex": 82314000,
      "cogs": 126229000,
      "rd": 31598000,
      "sga": null,
      "fcf": -73927000,
      "ocf": -73407000,
      "capex": -520000,
      "gross_margin": 0.41750767171961883,
      "op_margin": 0.03766410558132023,
      "fcf_margin": -0.34114118271382754,
      "incr_op_margin_yoy": 0.8962763915547025,
      "rev_growth_yoy": 0.06394835035349568,
      "rev_growth_yoy_accel": -0.02934290776620066,
      "fcf_margin_change": -0.7582277660874268
    },
    {
      "date": "2022-06-30T00:00:00",
      "quarter_label": "2022-06 (Q2)",
      "revenue": 250685000,
      "gross_profit": 96004000,
      "operating_income": 4655000,
      "net_income": 2519000,
      "opex": 91349000,
      "cogs": 154681000,
      "rd": 36218000,
      "sga": null,
      "fcf": 12082000,
      "ocf": 12856000,
      "capex": -774000,
      "gross_margin": 0.3829666713205816,
      "op_margin": 0.01856912060952989,
      "fcf_margin": 0.04819594311586254,
      "incr_op_margin_yoy": -4.410373066424022,
      "rev_growth_yoy": 0.004403291851305762,
      "rev_growth_yoy_accel": -0.05954505850218991,
      "op_leverage_ratio": 1.4285649559910776,
      "fcf_margin_change": 0.3893371258296901
    },
    {
      "date": "2022-09-30T00:00:00",
      "quarter_label": "2022-09 (Q3)",
      "revenue": 305130000,
      "gross_profit": 116045000,
      "operating_income": 24431000,
      "net_income": 17570000,
      "opex": 91614000,
      "cogs": 189085000,
      "rd": 36043000,
      "sga": null,
      "fcf": 38825000,
      "ocf": 40736000,
      "capex": -1911000,
      "gross_margin": 0.3803133090813752,
      "op_margin": 0.08006751220791138,
      "fcf_margin": 0.12724084816307804,
      "incr_op_margin_yoy": 2.094635583672762,
      "rev_growth_yoy": -0.03643867887289252,
      "rev_growth_yoy_accel": -0.040841970724198276,
      "op_leverage_ratio": 74.86650810740835,
      "fcf_margin_change": 0.07904490504721551
    },
    {
      "date": "2022-12-31T00:00:00",
      "quarter_label": "2022-12 (Q4)",
      "revenue": 321021000,
      "gross_profit": 104303000,
      "operating_income": 1707000,
      "net_income": 3073000,
      "opex": 102596000,
      "cogs": 216718000,
      "rd": 36026000,
      "sga": null,
      "fcf": 25320000,
      "ocf": 25562000,
      "capex": -242000,
      "gross_margin": 0.32491020836643086,
      "op_margin": 0.005317409141458036,
      "fcf_margin": 0.07887334473445662,
      "incr_op_margin_yoy": 0.8116301619895049,
      "rev_growth_yoy": -0.17928717700927269,
      "rev_growth_yoy_accel": -0.14284849813638018,
      "op_leverage_ratio": 0.4344569257071765,
      "fcf_margin_change": -0.04836750342862142
    },
    {
      "date": "2023-03-31T00:00:00",
      "quarter_label": "2023-03 (Q1)",
      "revenue": 174720000,
      "gross_profit": 52502000,
      "operating_income": -39814000,
      "net_income": -29869000,
      "opex": 92316000,
      "cogs": 122218000,
      "rd": 38185000,
      "sga": null,
      "fcf": -67585000,
      "ocf": -67102000,
      "capex": -483000,
      "gross_margin": 0.3004922161172161,
      "op_margin": -0.2278731684981685,
      "fcf_margin": -0.38681891025641024,
      "incr_op_margin_yoy": 1.1426938192211504,
      "rev_growth_yoy": -0.19374264553194434,
      "rev_growth_yoy_accel": -0.014455468522671655,
      "fcf_margin_change": -0.46569225499086686
    },
    {
      "date": "2023-06-30T00:00:00",
      "quarter_label": "2023-06 (Q2)",
      "revenue": 241020000,
      "gross_profit": 75772000,
      "operating_income": -22494000,
      "net_income": -17212000,
      "opex": 98266000,
      "cogs": 165248000,
      "rd": 41903000,
      "sga": null,
      "fcf": -8330000,
      "ocf": -7852000,
      "capex": -478000,
      "gross_margin": 0.31438054933200565,
      "op_margin": -0.09332835449340304,
      "fcf_margin": -0.034561447182806404,
      "incr_op_margin_yoy": 2.809001551991723,
      "rev_growth_yoy": -0.03855436105072103,
      "rev_growth_yoy_accel": 0.15518828448122332,
      "op_leverage_ratio": 5.887499999999999,
      "fcf_margin_change": 0.35225746307360384
    },
    {
      "date": "2023-09-30T00:00:00",
      "quarter_label": "2023-09 (Q3)",
      "revenue": 294299000,
      "gross_profit": 94204000,
      "operating_income": -3787000,
      "net_income": -3684000,
      "opex": 97991000,
      "cogs": 200095000,
      "rd": 41708000,
      "sga": null,
      "fcf": -1662000,
      "ocf": -1638000,
      "capex": -24000,
      "gross_margin": 0.32009622866540494,
      "op_margin": -0.012867865674025395,
      "fcf_margin": -0.005647317863805177,
      "incr_op_margin_yoy": 2.6052996029914137,
      "rev_growth_yoy": -0.03549634581981451,
      "rev_growth_yoy_accel": 0.0030580152309065203,
      "op_leverage_ratio": Infinity,
      "fcf_margin_change": 0.028914129319001225
    },
    {
      "date": "2023-12-31T00:00:00",
      "quarter_label": "2023-12 (Q4)",
      "revenue": 295420000,
      "gross_profit": 101095000,
      "operating_income": -9368000,
      "net_income": -2418000,
      "opex": 110463000,
      "cogs": 194325000,
      "rd": 43892000,
      "sga": null,
      "fcf": 43194000,
      "ocf": 43729000,
      "capex": -535000,
      "gross_margin": 0.34220770428542413,
      "op_margin": -0.03171078464558933,
      "fcf_margin": 0.14621217250016924,
      "incr_op_margin_yoy": 0.43260028905120895,
      "rev_growth_yoy": -0.07974867687783666,
      "rev_growth_yoy_accel": -0.04425233105802215,
      "fcf_margin_change": 0.15185949036397442
    },
    {
      "date": "2024-03-31T00:00:00",
      "quarter_label": "2024-03 (Q1)",
      "revenue": 155469000,
      "gross_profit": 53038000,
      "operating_income": -41413000,
      "net_income": -339088000,
      "opex": 94451000,
      "cogs": 102431000,
      "rd": 44612000,
      "sga": null,
      "fcf": -99367000,
      "ocf": -98403000,
      "capex": -964000,
      "gross_margin": 0.3411483961432826,
      "op_margin": -0.2663746470357435,
      "fcf_margin": -0.6391434948446314,
      "incr_op_margin_yoy": 0.08306062022752064,
      "rev_growth_yoy": -0.11018200549450549,
      "rev_growth_yoy_accel": -0.030433328616668837,
      "fcf_margin_change": -0.7853556673448007
    },
    {
      "date": "2024-06-30T00:00:00",
      "quarter_label": "2024-06 (Q2)",
      "revenue": 186224000,
      "gross_profit": 56710000,
      "operating_income": -46509000,
      "net_income": -47821000,
      "opex": 103219000,
      "cogs": 129514000,
      "rd": 46932000,
      "sga": null,
      "fcf": -111000,
      "ocf": 605000,
      "capex": -716000,
      "gross_margin": 0.30452573245124154,
      "op_margin": -0.24974761577455107,
      "fcf_margin": -0.0005960563622304321,
      "incr_op_margin_yoy": 0.43826191692824296,
      "rev_growth_yoy": -0.22735042735042735,
      "rev_growth_yoy_accel": -0.11716842185592186,
      "op_leverage_ratio": 2.1309729918990588,
      "fcf_margin_change": 0.6385474384824009
    },
    {
      "date": "2024-09-30T00:00:00",
      "quarter_label": "2024-09 (Q3)",
      "revenue": 258898000,
      "gross_profit": 91846000,
      "operating_income": -8011000,
      "net_income": -8211000,
      "opex": 99857000,
      "cogs": 167052000,
      "rd": 44328000,
      "sga": null,
      "fcf": -4187000,
      "ocf": -2244000,
      "capex": -1943000,
      "gross_margin": 0.35475747205463154,
      "op_margin": -0.030942687853903854,
      "fcf_margin": -0.0161723922162396,
      "incr_op_margin_yoy": 0.11931866331459563,
      "rev_growth_yoy": -0.12028922966099104,
      "rev_growth_yoy_accel": 0.10706119768943631,
      "op_leverage_ratio": Infinity,
      "fcf_margin_change": -0.015576335854009167
    },
    {
      "date": "2024-12-31T00:00:00",
      "quarter_label": "2024-12 (Q4)",
      "revenue": 200882000,
      "gross_profit": 69701000,
      "operating_income": -39100000,
      "net_income": -37191000,
      "opex": 108801000,
      "cogs": 131181000,
      "rd": 50025000,
      "sga": null,
      "fcf": -25515000,
      "ocf": -25099000,
      "capex": -416000,
      "gross_margin": 0.3469748409514043,
      "op_margin": -0.19464163040989238,
      "fcf_margin": -0.12701486444778526,
      "incr_op_margin_yoy": 0.31449787387082445,
      "rev_growth_yoy": -0.3200121860402139,
      "rev_growth_yoy_accel": -0.19972295637922288,
      "fcf_margin_change": -0.11084247223154566
    },
    {
      "date": "2025-03-31T00:00:00",
      "quarter_label": "2025-03 (Q1)",
      "revenue": 134308000,
      "gross_profit": 43149000,
      "operating_income": -45208000,
      "net_income": -46709000,
      "opex": 88357000,
      "cogs": 91159000,
      "rd": 29557000,
      "sga": null,
      "fcf": -58491000,
      "ocf": -57186000,
      "capex": -1305000,
      "gross_margin": 0.32126902343866337,
      "op_margin": -0.3365994579622956,
      "fcf_margin": -0.43549900229323646,
      "incr_op_margin_yoy": 0.17933935069231133,
      "rev_growth_yoy": -0.13611073590233422,
      "rev_growth_yoy_accel": 0.1839014501378797,
      "fcf_margin_change": -0.3084841378454512
    },
    {
      "date": "2025-06-30T00:00:00",
      "quarter_label": "2025-06 (Q2)",
      "revenue": 152643000,
      "gross_profit": 54663000,
      "operating_income": -14007000,
      "net_income": -16422000,
      "opex": 68670000,
      "cogs": 97980000,
      "rd": 30503000,
      "sga": null,
      "fcf": 8274000,
      "ocf": 8752000,
      "capex": -478000,
      "gross_margin": 0.35811010003734206,
      "op_margin": -0.09176313358621097,
      "fcf_margin": 0.05420490949470333,
      "incr_op_margin_yoy": -0.9678687352967452,
      "rev_growth_yoy": -0.18032584414468597,
      "rev_growth_yoy_accel": -0.04421510824235175,
      "op_leverage_ratio": Infinity,
      "fcf_margin_change": 0.4897039117879398
    },
    {
      "date": "2025-09-30T00:00:00",
      "quarter_label": "2025-09 (Q3)",
      "revenue": 162918000,
      "gross_profit": 57167000,
      "operating_income": -15885000,
      "net_income": -21252000,
      "opex": 73052000,
      "cogs": 105751000,
      "rd": 34603000,
      "sga": null,
      "fcf": 11228000,
      "ocf": 12162000,
      "capex": -934000,
      "gross_margin": 0.3508943149314379,
      "op_margin": -0.09750303833830516,
      "fcf_margin": 0.06891810604107589,
      "incr_op_margin_yoy": 0.08203792456761826,
      "rev_growth_yoy": -0.37072515044534915,
      "rev_growth_yoy_accel": -0.19039930630066318,
      "op_leverage_ratio": 1.054871628361937,
      "fcf_margin_change": 0.014713196546372556
    }
  ],
  "signals": [
    {
      "quarter": "2025-09 (Q3)",
      "signal": "YoY REVENUE GROWTH DECELERATION",
      "detail": "YoY growth: -37.1% vs prior quarter YoY: -18.0% (decel: -19.0%)",
      "severity": "WARNING"
    },
    {
      "quarter": "2025-06 (Q2)",
      "signal": "FCF TURNED POSITIVE",
      "detail": "FCF margin: -43.5% -> +5.4%",
      "severity": "HIGH"
    },
    {
      "quarter": "2025-06 (Q2)",
      "signal": "GROSS MARGIN INFLECTION",
      "detail": "GM: +34.7% -> +32.1% -> +35.8% (reversal +3.7%)",
      "severity": "MEDIUM"
    },
    {
      "quarter": "2025-03 (Q1)",
      "signal": "YoY REVENUE GROWTH ACCELERATION",
      "detail": "YoY growth: -13.6% vs prior quarter YoY: -32.0% (accel: +18.4%)",
      "severity": "HIGH"
    },
    {
      "quarter": "2024-12 (Q4)",
      "signal": "YoY REVENUE GROWTH DECELERATION",
      "detail": "YoY growth: -32.0% vs prior quarter YoY: -12.0% (decel: -20.0%)",
      "severity": "WARNING"
    },
    {
      "quarter": "2024-09 (Q3)",
      "signal": "GROSS MARGIN INFLECTION",
      "detail": "GM: +34.1% -> +30.5% -> +35.5% (reversal +5.0%)",
      "severity": "HIGH"
    },
    {
      "quarter": "2024-09 (Q3)",
      "signal": "YoY REVENUE GROWTH ACCELERATION",
      "detail": "YoY growth: -12.0% vs prior quarter YoY: -22.7% (accel: +10.7%)",
      "severity": "MEDIUM"
    },
    {
      "quarter": "2024-06 (Q2)",
      "signal": "FCF MARGIN EXPANSION",
      "detail": "FCF margin: -63.9% -> -0.1% (+63.9%)",
      "severity": "MEDIUM"
    },
    {
      "quarter": "2024-06 (Q2)",
      "signal": "OPERATING LEVERAGE",
      "detail": "Rev growth +19.8% vs OpEx growth +9.3% (leverage: 2.1x)",
      "severity": "MEDIUM"
    },
    {
      "quarter": "2024-06 (Q2)",
      "signal": "YoY REVENUE GROWTH DECELERATION",
      "detail": "YoY growth: -22.7% vs prior quarter YoY: -11.0% (decel: -11.7%)",
      "severity": "WARNING"
    },
    {
      "quarter": "2023-12 (Q4)",
      "signal": "FCF TURNED POSITIVE",
      "detail": "FCF margin: -0.6% -> +14.6%",
      "severity": "HIGH"
    },
    {
      "quarter": "2023-06 (Q2)",
      "signal": "FCF MARGIN EXPANSION",
      "detail": "FCF margin: -38.7% -> -3.5% (+35.2%)",
      "severity": "MEDIUM"
    },
    {
      "quarter": "2023-06 (Q2)",
      "signal": "OPERATING LEVERAGE",
      "detail": "Rev growth +37.9% vs OpEx growth +6.4% (leverage: 5.9x)",
      "severity": "MEDIUM"
    },
    {
      "quarter": "2023-06 (Q2)",
      "signal": "YoY REVENUE GROWTH ACCELERATION",
      "detail": "YoY growth: -3.9% vs prior quarter YoY: -19.4% (accel: +15.5%)",
      "severity": "HIGH"
    },
    {
      "quarter": "2022-12 (Q4)",
      "signal": "YoY REVENUE GROWTH DECELERATION",
      "detail": "YoY growth: -17.9% vs prior quarter YoY: -3.6% (decel: -14.3%)",
      "severity": "WARNING"
    },
    {
      "quarter": "2022-12 (Q4)",
      "signal": "INCREMENTAL MARGIN (YoY)",
      "detail": "YoY Incr OPM: +81.2% vs year-ago OPM: +15.0%",
      "severity": "HIGH"
    },
    {
      "quarter": "2022-09 (Q3)",
      "signal": "FCF MARGIN EXPANSION",
      "detail": "FCF margin: +4.8% -> +12.7% (+7.9%)",
      "severity": "MEDIUM"
    },
    {
      "quarter": "2022-09 (Q3)",
      "signal": "OPERATING LEVERAGE",
      "detail": "Rev growth +21.7% vs OpEx growth +0.3% (leverage: 74.9x)",
      "severity": "MEDIUM"
    },
    {
      "quarter": "2022-09 (Q3)",
      "signal": "INCREMENTAL MARGIN (YoY)",
      "detail": "YoY Incr OPM: +209.5% vs year-ago OPM: +15.3%",
      "severity": "HIGH"
    },
    {
      "quarter": "2022-06 (Q2)",
      "signal": "FCF TURNED POSITIVE",
      "detail": "FCF margin: -34.1% -> +4.8%",
      "severity": "HIGH"
    },
    {
      "quarter": "2022-06 (Q2)",
      "signal": "YoY REVENUE GROWTH DECELERATION",
      "detail": "YoY growth: +0.4% vs prior quarter YoY: +6.4% (decel: -6.0%)",
      "severity": "WARNING"
    },
    {
      "quarter": "2022-03 (Q1)",
      "signal": "OP MARGIN TURNED POSITIVE (YoY)",
      "detail": "Op margin: -1.7% (year-ago) -> +3.8%",
      "severity": "HIGH"
    },
    {
      "quarter": "2021-12 (Q4)",
      "signal": "FCF MARGIN EXPANSION",
      "detail": "FCF margin: +20.5% -> +41.7% (+21.2%)",
      "severity": "MEDIUM"
    },
    {
      "quarter": "2021-12 (Q4)",
      "signal": "OPERATING LEVERAGE",
      "detail": "Rev growth +23.5% vs OpEx growth +14.5% (leverage: 1.6x)",
      "severity": "MEDIUM"
    },
    {
      "quarter": "2021-09 (Q3)",
      "signal": "FCF MARGIN EXPANSION",
      "detail": "FCF margin: +8.9% -> +20.5% (+11.6%)",
      "severity": "MEDIUM"
    },
    {
      "quarter": "2021-06 (Q2)",
      "signal": "FCF TURNED POSITIVE",
      "detail": "FCF margin: -13.0% -> +8.9%",
      "severity": "HIGH"
    },
    {
      "quarter": "2021-06 (Q2)",
      "signal": "OPERATING LEVERAGE",
      "detail": "Rev growth +22.5% vs OpEx growth +9.2% (leverage: 2.4x)",
      "severity": "MEDIUM"
    },
    {
      "quarter": "2021-06 (Q2)",
      "signal": "OP MARGIN TURNED POSITIVE (QoQ)",
      "detail": "Op margin: -1.7% -> +3.8%",
      "severity": "HIGH"
    }
  ],
  "data_quality": {
    "n_quarters": 20,
    "coverage": {
      "revenue": [
        20,
        20
      ],
      "gross_profit": [
        20,
        20
      ],
      "op_income": [
        20,
        20
      ],
      "fcf": [
        20,
        20
      ]
    },
    "gaps": [],
    "warnings": []
  },
  "market_cap": null,
  "source": "SEC EDGAR",
  "last_updated": "2026-02-02T23:00:05.125617"
}