{
  "ticker": "GPUS",
  "name": "HYPERSCALE DATA, INC.",
  "quarters": [
    {
      "date": "2020-12-31T00:00:00",
      "quarter_label": "2020-12 (Q4)",
      "revenue": 7189299,
      "gross_profit": 1917649,
      "operating_income": -709361,
      "net_income": -8087192,
      "opex": 2627010,
      "cogs": 5271650,
      "rd": 477243,
      "sga": null,
      "fcf": -5850000,
      "ocf": -5822000,
      "capex": -28000,
      "gross_margin": 0.2667365761251549,
      "op_margin": -0.09866900792413837,
      "fcf_margin": -0.8137093755594252
    },
    {
      "date": "2021-03-31T00:00:00",
      "quarter_label": "2021-03 (Q1)",
      "revenue": 13244629,
      "gross_profit": 8136721,
      "operating_income": 1200993,
      "net_income": 1997381,
      "opex": 6935728,
      "cogs": 5107908,
      "rd": 601918,
      "sga": null,
      "fcf": -18590000,
      "ocf": -14241000,
      "capex": -4349000,
      "gross_margin": 0.6143411793565527,
      "op_margin": 0.090677738123129,
      "fcf_margin": -1.4035878241663091,
      "op_leverage_ratio": 0.5135289418479481,
      "fcf_margin_change": -0.5898784486068839
    },
    {
      "date": "2021-06-30T00:00:00",
      "quarter_label": "2021-06 (Q2)",
      "revenue": 62129000,
      "gross_profit": 55851000,
      "operating_income": 45823000,
      "net_income": 42216000,
      "opex": 10028000,
      "cogs": 6278000,
      "rd": 531000,
      "sga": null,
      "fcf": -8699000,
      "ocf": -7458000,
      "capex": -1241000,
      "gross_margin": 0.8989521801413188,
      "op_margin": 0.73754607349225,
      "fcf_margin": -0.14001512981055544,
      "op_leverage_ratio": 8.278365532007333,
      "fcf_margin_change": 1.2635726943557537
    },
    {
      "date": "2021-09-30T00:00:00",
      "quarter_label": "2021-09 (Q3)",
      "revenue": -30794000,
      "gross_profit": -36065000,
      "operating_income": -49874000,
      "net_income": -42870000,
      "opex": 13809000,
      "cogs": 5271000,
      "rd": 524000,
      "sga": null,
      "fcf": -57767000,
      "ocf": -35212000,
      "capex": -22555000,
      "gross_margin": 1.1711697083847503,
      "op_margin": 1.6196012210170811,
      "fcf_margin": 1.8759173865038643,
      "fcf_margin_change": 2.01593251631442
    },
    {
      "date": "2021-12-31T00:00:00",
      "quarter_label": "2021-12 (Q4)",
      "revenue": 7820000,
      "gross_profit": 619000,
      "operating_income": -15511000,
      "net_income": -25530000,
      "opex": 16130000,
      "cogs": 7201000,
      "rd": 384000,
      "sga": null,
      "fcf": -128608000,
      "ocf": -4760000,
      "capex": -123848000,
      "gross_margin": 0.07915601023017903,
      "op_margin": -1.9835038363171356,
      "fcf_margin": -16.446035805626597,
      "rev_growth_yoy": 0.08772774647430855,
      "fcf_margin_change": -18.32195319213046
    },
    {
      "date": "2022-03-31T00:00:00",
      "quarter_label": "2022-03 (Q1)",
      "revenue": 32826000,
      "gross_profit": 22332000,
      "operating_income": 1030000,
      "net_income": -28772000,
      "opex": 21302000,
      "cogs": 10494000,
      "rd": 695000,
      "sga": null,
      "fcf": -5954000,
      "ocf": 29405000,
      "capex": -35359000,
      "gross_margin": 0.6803143849387681,
      "op_margin": 0.03137756656309024,
      "fcf_margin": -0.18138061292877597,
      "incr_op_margin_yoy": -0.008732432473701663,
      "rev_growth_yoy": 1.4784386184014668,
      "rev_growth_yoy_accel": 1.3907108719271584,
      "op_leverage_ratio": 9.972713094114878,
      "fcf_margin_change": 16.26465519269782
    },
    {
      "date": "2022-06-30T00:00:00",
      "quarter_label": "2022-06 (Q2)",
      "revenue": 17366000,
      "gross_profit": 4997000,
      "operating_income": -23719000,
      "net_income": -25764000,
      "opex": 28716000,
      "cogs": 12369000,
      "rd": 729000,
      "sga": null,
      "fcf": -47445000,
      "ocf": -10025000,
      "capex": -37420000,
      "gross_margin": 0.28774617067833697,
      "op_margin": -1.365829782333295,
      "fcf_margin": -2.732062651157434,
      "incr_op_margin_yoy": 1.5535598597055604,
      "rev_growth_yoy": -0.7204847977595004,
      "rev_growth_yoy_accel": -2.198923416160967,
      "fcf_margin_change": -2.550682038228658
    },
    {
      "date": "2022-09-30T00:00:00",
      "quarter_label": "2022-09 (Q3)",
      "revenue": 49778000,
      "gross_profit": 21100000,
      "operating_income": -5311000,
      "net_income": -7271000,
      "opex": 26411000,
      "cogs": 28678000,
      "rd": 521000,
      "sga": null,
      "fcf": -4770000,
      "ocf": 2509000,
      "capex": -7279000,
      "gross_margin": 0.42388203624090964,
      "op_margin": -0.10669372011732091,
      "fcf_margin": -0.09582546506488811,
      "incr_op_margin_yoy": 0.553082956858462,
      "op_leverage_ratio": Infinity,
      "fcf_margin_change": 2.636237186092546
    },
    {
      "date": "2022-12-31T00:00:00",
      "quarter_label": "2022-12 (Q4)",
      "revenue": 34364000,
      "gross_profit": 7543000,
      "operating_income": -112168000,
      "net_income": -120009000,
      "opex": 119711000,
      "cogs": 26821000,
      "rd": 828000,
      "sga": null,
      "fcf": -14647000,
      "ocf": 4600000,
      "capex": -19247000,
      "gross_margin": 0.2195029682225585,
      "op_margin": -3.264113607263415,
      "fcf_margin": -0.4262309393551391,
      "incr_op_margin_yoy": -3.641387884267631,
      "rev_growth_yoy": 3.394373401534527,
      "fcf_margin_change": -0.330405474290251
    },
    {
      "date": "2023-03-31T00:00:00",
      "quarter_label": "2023-03 (Q1)",
      "revenue": 31186000,
      "gross_profit": 2040000,
      "operating_income": -31418000,
      "net_income": -48645000,
      "opex": 33458000,
      "cogs": 29146000,
      "rd": 1842000,
      "sga": null,
      "fcf": 3395000,
      "ocf": 7703000,
      "capex": -4308000,
      "gross_margin": 0.06541396780606683,
      "op_margin": -1.0074392355544155,
      "fcf_margin": 0.10886295132431219,
      "incr_op_margin_yoy": 19.785365853658536,
      "rev_growth_yoy": -0.04996039724608542,
      "rev_growth_yoy_accel": -3.444333798780612,
      "fcf_margin_change": 0.5350938906794513
    },
    {
      "date": "2023-06-30T00:00:00",
      "quarter_label": "2023-06 (Q2)",
      "revenue": 47408000,
      "gross_profit": 17885000,
      "operating_income": -50505000,
      "net_income": -60683000,
      "opex": 68390000,
      "cogs": 29523000,
      "rd": 1804000,
      "sga": null,
      "fcf": -1828000,
      "ocf": 5210000,
      "capex": -7038000,
      "gross_margin": 0.377257003037462,
      "op_margin": -1.0653265271684105,
      "fcf_margin": -0.038558893013837324,
      "incr_op_margin_yoy": -0.8916184009053991,
      "rev_growth_yoy": 1.7299320511344005,
      "rev_growth_yoy_accel": 1.7798924483804859,
      "op_leverage_ratio": 0.49822010377057546,
      "fcf_margin_change": -0.1474218443381495
    },
    {
      "date": "2023-09-30T00:00:00",
      "quarter_label": "2023-09 (Q3)",
      "revenue": 47963000,
      "gross_profit": 9668000,
      "operating_income": -21903000,
      "net_income": -21771000,
      "opex": 31571000,
      "cogs": 38295000,
      "rd": 1769000,
      "sga": null,
      "fcf": -18332000,
      "ocf": -15071000,
      "capex": -3261000,
      "gross_margin": 0.2015720451181119,
      "op_margin": -0.4566645122281759,
      "fcf_margin": -0.3822112878677314,
      "incr_op_margin_yoy": 9.14159779614325,
      "rev_growth_yoy": -0.03646189079513038,
      "rev_growth_yoy_accel": -1.766393941929531,
      "op_leverage_ratio": Infinity,
      "fcf_margin_change": -0.3436523948538941
    },
    {
      "date": "2023-12-31T00:00:00",
      "quarter_label": "2023-12 (Q4)",
      "revenue": 36514000,
      "gross_profit": 2285000,
      "operating_income": -51294000,
      "net_income": -99926000,
      "opex": 53579000,
      "cogs": 34229000,
      "rd": 1819000,
      "sga": null,
      "fcf": -3405000,
      "ocf": -3270000,
      "capex": -135000,
      "gross_margin": 0.06257873692282412,
      "op_margin": -1.4047762502054006,
      "fcf_margin": -0.09325190337952566,
      "incr_op_margin_yoy": 28.313488372093023,
      "rev_growth_yoy": 0.06256547549761378,
      "rev_growth_yoy_accel": 0.09902736629274417,
      "fcf_margin_change": 0.28895938448820574
    },
    {
      "date": "2024-03-31T00:00:00",
      "quarter_label": "2024-03 (Q1)",
      "revenue": 44932000,
      "gross_profit": 19509000,
      "operating_income": 397000,
      "net_income": 3717000,
      "opex": 19112000,
      "cogs": 25423000,
      "rd": 1072000,
      "sga": null,
      "fcf": -11636000,
      "ocf": -10216000,
      "capex": -1420000,
      "gross_margin": 0.4341894418231995,
      "op_margin": 0.0088355737558978,
      "fcf_margin": -0.2589691088756343,
      "incr_op_margin_yoy": 2.314491488432999,
      "rev_growth_yoy": 0.440774706599115,
      "rev_growth_yoy_accel": 0.37820923110150123,
      "op_leverage_ratio": Infinity,
      "fcf_margin_change": -0.16571720549610863
    },
    {
      "date": "2024-06-30T00:00:00",
      "quarter_label": "2024-06 (Q2)",
      "revenue": 28404000,
      "gross_profit": -628000,
      "operating_income": -26925000,
      "net_income": -33927000,
      "opex": 26297000,
      "cogs": 29032000,
      "rd": 852000,
      "sga": null,
      "fcf": -5949000,
      "ocf": -3716000,
      "capex": -2233000,
      "gross_margin": -0.022109562033516408,
      "op_margin": -0.9479298690325306,
      "fcf_margin": -0.2094423320659062,
      "incr_op_margin_yoy": -1.2407914123342454,
      "rev_growth_yoy": -0.40086061424232194,
      "rev_growth_yoy_accel": -0.8416353208414369,
      "fcf_margin_change": 0.049526776809728085
    },
    {
      "date": "2024-09-30T00:00:00",
      "quarter_label": "2024-09 (Q3)",
      "revenue": 31061000,
      "gross_profit": 8545000,
      "operating_income": -24595000,
      "net_income": -25549000,
      "opex": 33140000,
      "cogs": 22516000,
      "rd": 4598000,
      "sga": null,
      "fcf": 2600000,
      "ocf": 3709000,
      "capex": -1109000,
      "gross_margin": 0.2751038279514504,
      "op_margin": -0.791828981681208,
      "fcf_margin": 0.08370625543285792,
      "incr_op_margin_yoy": 0.15927109217844043,
      "rev_growth_yoy": -0.35239663907595437,
      "rev_growth_yoy_accel": 0.04846397516636758,
      "op_leverage_ratio": 0.35947750338979706,
      "fcf_margin_change": 0.29314858749876416
    },
    {
      "date": "2024-12-31T00:00:00",
      "quarter_label": "2024-12 (Q4)",
      "revenue": 19443000,
      "gross_profit": 1271000,
      "operating_income": -9135000,
      "net_income": -445000,
      "opex": 10406000,
      "cogs": null,
      "rd": 6200000,
      "sga": null,
      "fcf": -9254000,
      "ocf": -9188000,
      "capex": -66000,
      "gross_margin": 0.06537057038522862,
      "op_margin": -0.469834902021293,
      "fcf_margin": -0.47595535668363936,
      "incr_op_margin_yoy": -2.469626852556968,
      "rev_growth_yoy": -0.46751930766281424,
      "rev_growth_yoy_accel": -0.11512266858685988,
      "fcf_margin_change": -0.5596616121164972
    },
    {
      "date": "2025-03-31T00:00:00",
      "quarter_label": "2025-03 (Q1)",
      "revenue": 25021000,
      "gross_profit": 5283000,
      "operating_income": -6384000,
      "net_income": -4205000,
      "opex": 11667000,
      "cogs": null,
      "rd": 129000,
      "sga": null,
      "fcf": -6839000,
      "ocf": -3959000,
      "capex": -2880000,
      "gross_margin": 0.2111426401822469,
      "op_margin": -0.25514567763079016,
      "fcf_margin": -0.27333040246193196,
      "incr_op_margin_yoy": 0.3405655165486415,
      "rev_growth_yoy": -0.4431362948455444,
      "rev_growth_yoy_accel": 0.024383012817269845,
      "op_leverage_ratio": 2.3674671888053744,
      "fcf_margin_change": 0.2026249542217074
    },
    {
      "date": "2025-06-30T00:00:00",
      "quarter_label": "2025-06 (Q2)",
      "revenue": 25856000,
      "gross_profit": 6127000,
      "operating_income": -10127000,
      "net_income": -19051000,
      "opex": 16254000,
      "cogs": null,
      "rd": 112000,
      "sga": null,
      "fcf": -3493000,
      "ocf": -3096000,
      "capex": -397000,
      "gross_margin": 0.23696627475247525,
      "op_margin": -0.39166924504950495,
      "fcf_margin": -0.1350943688118812,
      "incr_op_margin_yoy": -6.5926216640502355,
      "rev_growth_yoy": -0.08970567525700605,
      "rev_growth_yoy_accel": 0.35343061958853833,
      "op_leverage_ratio": 0.08488134845735469,
      "fcf_margin_change": 0.13823603365005077
    },
    {
      "date": "2025-09-30T00:00:00",
      "quarter_label": "2025-09 (Q3)",
      "revenue": 24328000,
      "gross_profit": 6265000,
      "operating_income": -14057000,
      "net_income": -13013000,
      "opex": 20322000,
      "cogs": null,
      "rd": 1605000,
      "sga": null,
      "fcf": -20560000,
      "ocf": -17753000,
      "capex": -2807000,
      "gross_margin": 0.2575221966458402,
      "op_margin": -0.5778115751397567,
      "fcf_margin": -0.8451167379151595,
      "incr_op_margin_yoy": -1.5651269864844795,
      "rev_growth_yoy": -0.216767006857474,
      "rev_growth_yoy_accel": -0.12706133160046795,
      "fcf_margin_change": -0.7100223691032783
    }
  ],
  "signals": [
    {
      "quarter": "2025-09 (Q3)",
      "signal": "YoY REVENUE GROWTH DECELERATION",
      "detail": "YoY growth: -21.7% vs prior quarter YoY: -9.0% (decel: -12.7%)",
      "severity": "WARNING"
    },
    {
      "quarter": "2025-06 (Q2)",
      "signal": "FCF MARGIN EXPANSION",
      "detail": "FCF margin: -27.3% -> -13.5% (+13.8%)",
      "severity": "MEDIUM"
    },
    {
      "quarter": "2025-06 (Q2)",
      "signal": "YoY REVENUE GROWTH ACCELERATION",
      "detail": "YoY growth: -9.0% vs prior quarter YoY: -44.3% (accel: +35.3%)",
      "severity": "HIGH"
    },
    {
      "quarter": "2025-03 (Q1)",
      "signal": "FCF MARGIN EXPANSION",
      "detail": "FCF margin: -47.6% -> -27.3% (+20.3%)",
      "severity": "MEDIUM"
    },
    {
      "quarter": "2025-03 (Q1)",
      "signal": "OPERATING LEVERAGE",
      "detail": "Rev growth +28.7% vs OpEx growth +12.1% (leverage: 2.4x)",
      "severity": "MEDIUM"
    },
    {
      "quarter": "2025-03 (Q1)",
      "signal": "GROSS MARGIN INFLECTION",
      "detail": "GM: +27.5% -> +6.5% -> +21.1% (reversal +14.6%)",
      "severity": "HIGH"
    },
    {
      "quarter": "2024-12 (Q4)",
      "signal": "YoY REVENUE GROWTH DECELERATION",
      "detail": "YoY growth: -46.8% vs prior quarter YoY: -35.2% (decel: -11.5%)",
      "severity": "WARNING"
    },
    {
      "quarter": "2024-09 (Q3)",
      "signal": "FCF TURNED POSITIVE",
      "detail": "FCF margin: -20.9% -> +8.4%",
      "severity": "HIGH"
    },
    {
      "quarter": "2024-09 (Q3)",
      "signal": "GROSS MARGIN INFLECTION",
      "detail": "GM: +43.4% -> -2.2% -> +27.5% (reversal +29.7%)",
      "severity": "HIGH"
    },
    {
      "quarter": "2024-06 (Q2)",
      "signal": "YoY REVENUE GROWTH DECELERATION",
      "detail": "YoY growth: -40.1% vs prior quarter YoY: +44.1% (decel: -84.2%)",
      "severity": "WARNING"
    },
    {
      "quarter": "2024-03 (Q1)",
      "signal": "GROSS MARGIN INFLECTION",
      "detail": "GM: +20.2% -> +6.3% -> +43.4% (reversal +37.2%)",
      "severity": "HIGH"
    },
    {
      "quarter": "2024-03 (Q1)",
      "signal": "YoY REVENUE GROWTH ACCELERATION",
      "detail": "YoY growth: +44.1% vs prior quarter YoY: +6.3% (accel: +37.8%)",
      "severity": "HIGH"
    },
    {
      "quarter": "2024-03 (Q1)",
      "signal": "OP MARGIN TURNED POSITIVE (YoY)",
      "detail": "Op margin: -100.7% (year-ago) -> +0.9%",
      "severity": "HIGH"
    },
    {
      "quarter": "2024-03 (Q1)",
      "signal": "OP MARGIN TURNED POSITIVE (QoQ)",
      "detail": "Op margin: -140.5% -> +0.9%",
      "severity": "HIGH"
    },
    {
      "quarter": "2023-12 (Q4)",
      "signal": "FCF MARGIN EXPANSION",
      "detail": "FCF margin: -38.2% -> -9.3% (+28.9%)",
      "severity": "MEDIUM"
    },
    {
      "quarter": "2023-12 (Q4)",
      "signal": "YoY REVENUE GROWTH ACCELERATION",
      "detail": "YoY growth: +6.3% vs prior quarter YoY: -3.6% (accel: +9.9%)",
      "severity": "MEDIUM"
    },
    {
      "quarter": "2023-09 (Q3)",
      "signal": "YoY REVENUE GROWTH DECELERATION",
      "detail": "YoY growth: -3.6% vs prior quarter YoY: +173.0% (decel: -176.6%)",
      "severity": "WARNING"
    },
    {
      "quarter": "2023-06 (Q2)",
      "signal": "GROSS MARGIN INFLECTION",
      "detail": "GM: +22.0% -> +6.5% -> +37.7% (reversal +31.2%)",
      "severity": "HIGH"
    },
    {
      "quarter": "2023-06 (Q2)",
      "signal": "YoY REVENUE GROWTH ACCELERATION",
      "detail": "YoY growth: +173.0% vs prior quarter YoY: -5.0% (accel: +178.0%)",
      "severity": "HIGH"
    },
    {
      "quarter": "2023-03 (Q1)",
      "signal": "FCF TURNED POSITIVE",
      "detail": "FCF margin: -42.6% -> +10.9%",
      "severity": "HIGH"
    },
    {
      "quarter": "2023-03 (Q1)",
      "signal": "YoY REVENUE GROWTH DECELERATION",
      "detail": "YoY growth: -5.0% vs prior quarter YoY: +339.4% (decel: -344.4%)",
      "severity": "WARNING"
    },
    {
      "quarter": "2022-09 (Q3)",
      "signal": "FCF MARGIN EXPANSION",
      "detail": "FCF margin: -273.2% -> -9.6% (+263.6%)",
      "severity": "MEDIUM"
    },
    {
      "quarter": "2022-09 (Q3)",
      "signal": "GROSS MARGIN INFLECTION",
      "detail": "GM: +68.0% -> +28.8% -> +42.4% (reversal +13.6%)",
      "severity": "HIGH"
    },
    {
      "quarter": "2022-06 (Q2)",
      "signal": "YoY REVENUE GROWTH DECELERATION",
      "detail": "YoY growth: -72.0% vs prior quarter YoY: +147.8% (decel: -219.9%)",
      "severity": "WARNING"
    },
    {
      "quarter": "2022-03 (Q1)",
      "signal": "FCF MARGIN EXPANSION",
      "detail": "FCF margin: -1644.6% -> -18.1% (+1626.5%)",
      "severity": "MEDIUM"
    },
    {
      "quarter": "2022-03 (Q1)",
      "signal": "OPERATING LEVERAGE",
      "detail": "Rev growth +319.8% vs OpEx growth +32.1% (leverage: 10.0x)",
      "severity": "MEDIUM"
    },
    {
      "quarter": "2022-03 (Q1)",
      "signal": "GROSS MARGIN INFLECTION",
      "detail": "GM: +117.1% -> +7.9% -> +68.0% (reversal +60.1%)",
      "severity": "HIGH"
    },
    {
      "quarter": "2022-03 (Q1)",
      "signal": "YoY REVENUE GROWTH ACCELERATION",
      "detail": "YoY growth: +147.8% vs prior quarter YoY: +8.8% (accel: +139.1%)",
      "severity": "HIGH"
    },
    {
      "quarter": "2022-03 (Q1)",
      "signal": "OP MARGIN TURNED POSITIVE (QoQ)",
      "detail": "Op margin: -198.4% -> +3.1%",
      "severity": "HIGH"
    },
    {
      "quarter": "2021-09 (Q3)",
      "signal": "FCF TURNED POSITIVE",
      "detail": "FCF margin: -14.0% -> +187.6%",
      "severity": "HIGH"
    },
    {
      "quarter": "2021-06 (Q2)",
      "signal": "FCF MARGIN EXPANSION",
      "detail": "FCF margin: -140.4% -> -14.0% (+126.4%)",
      "severity": "MEDIUM"
    },
    {
      "quarter": "2021-06 (Q2)",
      "signal": "OPERATING LEVERAGE",
      "detail": "Rev growth +369.1% vs OpEx growth +44.6% (leverage: 8.3x)",
      "severity": "MEDIUM"
    },
    {
      "quarter": "2021-03 (Q1)",
      "signal": "OP MARGIN TURNED POSITIVE (QoQ)",
      "detail": "Op margin: -9.9% -> +9.1%",
      "severity": "HIGH"
    }
  ],
  "data_quality": {
    "n_quarters": 20,
    "coverage": {
      "revenue": [
        20,
        20
      ],
      "gross_profit": [
        20,
        20
      ],
      "op_income": [
        20,
        20
      ],
      "fcf": [
        20,
        20
      ]
    },
    "gaps": [],
    "warnings": []
  },
  "market_cap": null,
  "source": "SEC EDGAR",
  "last_updated": "2026-02-02T23:26:09.951033"
}