{
  "ticker": "GRC",
  "name": "The Gorman-Rupp Company",
  "quarters": [
    {
      "date": "2020-12-31T00:00:00",
      "quarter_label": "2020-12 (Q4)",
      "revenue": 82500000,
      "gross_profit": 21287000,
      "operating_income": 8436000,
      "net_income": 6807000,
      "opex": 12851000,
      "cogs": 61213000,
      "rd": null,
      "sga": 12851000,
      "fcf": 19734000,
      "ocf": 19734000,
      "capex": null,
      "gross_margin": 0.25802424242424243,
      "op_margin": 0.10225454545454546,
      "fcf_margin": 0.2392
    },
    {
      "date": "2021-03-31T00:00:00",
      "quarter_label": "2021-03 (Q1)",
      "revenue": 89027000,
      "gross_profit": 23042000,
      "operating_income": 8973000,
      "net_income": 7429000,
      "opex": 14069000,
      "cogs": 65985000,
      "rd": null,
      "sga": 14069000,
      "fcf": 13682000,
      "ocf": 13682000,
      "capex": null,
      "gross_margin": 0.2588203578689611,
      "op_margin": 0.10078964808428903,
      "fcf_margin": 0.15368371392948207,
      "op_leverage_ratio": 0.834736298950092,
      "fcf_margin_change": -0.08551628607051792
    },
    {
      "date": "2021-06-30T00:00:00",
      "quarter_label": "2021-06 (Q2)",
      "revenue": 93015000,
      "gross_profit": 24673000,
      "operating_income": 10614000,
      "net_income": 7097000,
      "opex": 14059000,
      "cogs": 68342000,
      "rd": null,
      "sga": 14059000,
      "fcf": 14429000,
      "ocf": 14429000,
      "capex": null,
      "gross_margin": 0.265258291673386,
      "op_margin": 0.11411062731817449,
      "fcf_margin": 0.15512551738966834,
      "op_leverage_ratio": Infinity,
      "fcf_margin_change": 0.0014418034601862695
    },
    {
      "date": "2021-09-30T00:00:00",
      "quarter_label": "2021-09 (Q3)",
      "revenue": 102110000,
      "gross_profit": 25833000,
      "operating_income": 11542000,
      "net_income": 8782000,
      "opex": 14291000,
      "cogs": 76277000,
      "rd": null,
      "sga": 14291000,
      "fcf": 13424000,
      "ocf": 13424000,
      "capex": null,
      "gross_margin": 0.25299187151111546,
      "op_margin": 0.1130349622955636,
      "fcf_margin": 0.13146606600724708,
      "op_leverage_ratio": 5.925379341856244,
      "fcf_margin_change": -0.02365945138242126
    },
    {
      "date": "2021-12-31T00:00:00",
      "quarter_label": "2021-12 (Q4)",
      "revenue": 94164000,
      "gross_profit": 22349000,
      "operating_income": 8228000,
      "net_income": 6543000,
      "opex": 14121000,
      "cogs": 71815000,
      "rd": null,
      "sga": 14121000,
      "fcf": 3903000,
      "ocf": 3903000,
      "capex": null,
      "gross_margin": 0.2373412344420373,
      "op_margin": 0.0873794656131855,
      "fcf_margin": 0.04144896138651714,
      "incr_op_margin_yoy": -0.01783264746227709,
      "rev_growth_yoy": 0.1413818181818182,
      "fcf_margin_change": -0.09001710462072995
    },
    {
      "date": "2022-03-31T00:00:00",
      "quarter_label": "2022-03 (Q1)",
      "revenue": 102167000,
      "gross_profit": 25497000,
      "operating_income": 9458000,
      "net_income": 7543000,
      "opex": 16039000,
      "cogs": 76670000,
      "rd": null,
      "sga": 16039000,
      "fcf": 6165000,
      "ocf": 6165000,
      "capex": null,
      "gross_margin": 0.24956199164113657,
      "op_margin": 0.09257392308671097,
      "fcf_margin": 0.06034238061213503,
      "incr_op_margin_yoy": 0.03691019786910198,
      "rev_growth_yoy": 0.14759567322273018,
      "rev_growth_yoy_accel": 0.006213855040911986,
      "op_leverage_ratio": 0.6257268174855583,
      "fcf_margin_change": 0.018893419225617894
    },
    {
      "date": "2022-06-30T00:00:00",
      "quarter_label": "2022-06 (Q2)",
      "revenue": 119067000,
      "gross_profit": 28239000,
      "operating_income": 2907000,
      "net_income": -996000,
      "opex": 25332000,
      "cogs": 90828000,
      "rd": null,
      "sga": 24114000,
      "fcf": 527000,
      "ocf": 527000,
      "capex": null,
      "gross_margin": 0.23716898888860893,
      "op_margin": 0.024414825266446623,
      "fcf_margin": 0.004426079434268101,
      "incr_op_margin_yoy": -0.29583141409488717,
      "rev_growth_yoy": 0.280083857442348,
      "rev_growth_yoy_accel": 0.1324881842196178,
      "op_leverage_ratio": 0.28549428156352014,
      "fcf_margin_change": -0.05591630117786693
    },
    {
      "date": "2022-09-30T00:00:00",
      "quarter_label": "2022-09 (Q3)",
      "revenue": 153792000,
      "gross_profit": 40563000,
      "operating_income": 15311000,
      "net_income": 2221000,
      "opex": 25252000,
      "cogs": 113229000,
      "rd": null,
      "sga": 22076000,
      "fcf": 5816000,
      "ocf": 5816000,
      "capex": null,
      "gross_margin": 0.26375234082397003,
      "op_margin": 0.09955654390345402,
      "fcf_margin": 0.03781731169371619,
      "incr_op_margin_yoy": 0.07292674432104021,
      "rev_growth_yoy": 0.5061404367838606,
      "rev_growth_yoy_accel": 0.22605657934151258,
      "op_leverage_ratio": Infinity,
      "fcf_margin_change": 0.03339123225944809
    },
    {
      "date": "2022-12-31T00:00:00",
      "quarter_label": "2022-12 (Q4)",
      "revenue": 146001000,
      "gross_profit": 36638000,
      "operating_income": 12507000,
      "net_income": 2427000,
      "opex": 24131000,
      "cogs": 109363000,
      "rd": null,
      "sga": 20992000,
      "fcf": 1177000,
      "ocf": 1177000,
      "capex": null,
      "gross_margin": 0.25094348668844735,
      "op_margin": 0.08566379682330943,
      "fcf_margin": 0.008061588619256033,
      "incr_op_margin_yoy": 0.08254721530952794,
      "rev_growth_yoy": 0.5504970052249267,
      "rev_growth_yoy_accel": 0.04435656844106617,
      "fcf_margin_change": -0.029755723074460155
    },
    {
      "date": "2023-03-31T00:00:00",
      "quarter_label": "2023-03 (Q1)",
      "revenue": 160466000,
      "gross_profit": 45523000,
      "operating_income": 19095000,
      "net_income": 6520000,
      "opex": 26428000,
      "cogs": 114943000,
      "rd": null,
      "sga": 23237000,
      "fcf": 18622000,
      "ocf": 18622000,
      "capex": null,
      "gross_margin": 0.2836924956065459,
      "op_margin": 0.11899717074021911,
      "fcf_margin": 0.1160495058143158,
      "incr_op_margin_yoy": 0.16530300691264002,
      "rev_growth_yoy": 0.5706245656621023,
      "rev_growth_yoy_accel": 0.020127560437175562,
      "op_leverage_ratio": 1.0408231231603047,
      "fcf_margin_change": 0.10798791719505978
    },
    {
      "date": "2023-06-30T00:00:00",
      "quarter_label": "2023-06 (Q2)",
      "revenue": 171024000,
      "gross_profit": 51658000,
      "operating_income": 24283000,
      "net_income": 10477000,
      "opex": 27375000,
      "cogs": 119366000,
      "rd": null,
      "sga": 24193000,
      "fcf": 19234000,
      "ocf": 19234000,
      "capex": null,
      "gross_margin": 0.3020511741042193,
      "op_margin": 0.14198592010478062,
      "fcf_margin": 0.11246374777808962,
      "incr_op_margin_yoy": 0.41141713339877206,
      "rev_growth_yoy": 0.4363677593287813,
      "rev_growth_yoy_accel": -0.134256806333321,
      "op_leverage_ratio": 1.8361702639267987,
      "fcf_margin_change": -0.003585758036226183
    },
    {
      "date": "2023-09-30T00:00:00",
      "quarter_label": "2023-09 (Q3)",
      "revenue": 167456000,
      "gross_profit": 48134000,
      "operating_income": 21875000,
      "net_income": 8978000,
      "opex": 26259000,
      "cogs": 119322000,
      "rd": null,
      "sga": 23233000,
      "fcf": 33803000,
      "ocf": 33803000,
      "capex": null,
      "gross_margin": 0.28744267150773933,
      "op_margin": 0.13063133002102045,
      "fcf_margin": 0.20186198165488248,
      "incr_op_margin_yoy": 0.4803864168618267,
      "rev_growth_yoy": 0.08884727424053267,
      "rev_growth_yoy_accel": -0.3475204850882486,
      "fcf_margin_change": 0.08939823387679285
    },
    {
      "date": "2023-12-31T00:00:00",
      "quarter_label": "2023-12 (Q4)",
      "revenue": 160565000,
      "gross_profit": 50938000,
      "operating_income": 21788000,
      "net_income": -19455000,
      "opex": 29150000,
      "cogs": 109627000,
      "rd": null,
      "sga": 25996000,
      "fcf": 26566000,
      "ocf": 26566000,
      "capex": null,
      "gross_margin": 0.31724223834584125,
      "op_margin": 0.13569582412107245,
      "fcf_margin": 0.16545324323482702,
      "incr_op_margin_yoy": 0.6372562482834386,
      "rev_growth_yoy": 0.09975274141957932,
      "rev_growth_yoy_accel": 0.010905467179046655,
      "fcf_margin_change": -0.03640873842005546
    },
    {
      "date": "2024-03-31T00:00:00",
      "quarter_label": "2024-03 (Q1)",
      "revenue": 159268000,
      "gross_profit": 48394000,
      "operating_income": 20429000,
      "net_income": 7884000,
      "opex": 27965000,
      "cogs": 110874000,
      "rd": null,
      "sga": 24888000,
      "fcf": 10742000,
      "ocf": 10742000,
      "capex": null,
      "gross_margin": 0.3038526257628651,
      "op_margin": 0.12826807644975763,
      "fcf_margin": 0.06744606575080996,
      "incr_op_margin_yoy": -1.1135225375626043,
      "rev_growth_yoy": -0.007465755985691673,
      "rev_growth_yoy_accel": -0.107218497405271,
      "fcf_margin_change": -0.09800717748401706
    },
    {
      "date": "2024-06-30T00:00:00",
      "quarter_label": "2024-06 (Q2)",
      "revenue": 169513000,
      "gross_profit": 54079000,
      "operating_income": 26049000,
      "net_income": 8335000,
      "opex": 28030000,
      "cogs": 115434000,
      "rd": null,
      "sga": 24930000,
      "fcf": 22655000,
      "ocf": 22655000,
      "capex": null,
      "gross_margin": 0.31902567944641413,
      "op_margin": 0.15366963005787168,
      "fcf_margin": 0.1336475668532797,
      "incr_op_margin_yoy": -1.1687624090006619,
      "rev_growth_yoy": -0.008835017307512396,
      "rev_growth_yoy_accel": -0.001369261321820723,
      "op_leverage_ratio": 27.674826272504397,
      "fcf_margin_change": 0.06620150110246974
    },
    {
      "date": "2024-09-30T00:00:00",
      "quarter_label": "2024-09 (Q3)",
      "revenue": 168182000,
      "gross_profit": 52661000,
      "operating_income": 23885000,
      "net_income": 12919000,
      "opex": 28776000,
      "cogs": 115521000,
      "rd": null,
      "sga": 25675000,
      "fcf": 27177000,
      "ocf": 27177000,
      "capex": null,
      "gross_margin": 0.31311912095230165,
      "op_margin": 0.1420187653851185,
      "fcf_margin": 0.16159279827805592,
      "rev_growth_yoy": 0.004335467227211925,
      "rev_growth_yoy_accel": 0.01317048453472432,
      "fcf_margin_change": 0.02794523142477623
    },
    {
      "date": "2024-12-31T00:00:00",
      "quarter_label": "2024-12 (Q4)",
      "revenue": 162704000,
      "gross_profit": 49193000,
      "operating_income": 21080000,
      "net_income": 10977000,
      "opex": 28113000,
      "cogs": 113511000,
      "rd": null,
      "sga": 25012000,
      "fcf": 9256000,
      "ocf": 9256000,
      "capex": null,
      "gross_margin": 0.30234659258530827,
      "op_margin": 0.12956042875405643,
      "fcf_margin": 0.05688858294817583,
      "incr_op_margin_yoy": -0.33099579242636745,
      "rev_growth_yoy": 0.01332170771961511,
      "rev_growth_yoy_accel": 0.008986240492403184,
      "fcf_margin_change": -0.10470421532988008
    },
    {
      "date": "2025-03-31T00:00:00",
      "quarter_label": "2025-03 (Q1)",
      "revenue": 163948000,
      "gross_profit": 50332000,
      "operating_income": 22125000,
      "net_income": 12128000,
      "opex": 28207000,
      "cogs": 113616000,
      "rd": null,
      "sga": 25107000,
      "fcf": 21100000,
      "ocf": 21100000,
      "capex": null,
      "gross_margin": 0.3069997804181814,
      "op_margin": 0.1349513260302047,
      "fcf_margin": 0.1286993436943421,
      "incr_op_margin_yoy": 0.3623931623931624,
      "rev_growth_yoy": 0.029384433784564384,
      "rev_growth_yoy_accel": 0.016062726064949275,
      "fcf_margin_change": 0.07181076074616627
    },
    {
      "date": "2025-06-30T00:00:00",
      "quarter_label": "2025-06 (Q2)",
      "revenue": 179045000,
      "gross_profit": 56053000,
      "operating_income": 26912000,
      "net_income": 15797000,
      "opex": 29141000,
      "cogs": 122992000,
      "rd": null,
      "sga": 26039000,
      "fcf": 27788000,
      "ocf": 27788000,
      "capex": null,
      "gross_margin": 0.3130665475159876,
      "op_margin": 0.15030858164148678,
      "fcf_margin": 0.15520120640062554,
      "incr_op_margin_yoy": 0.09053713806126731,
      "rev_growth_yoy": 0.0562316754467209,
      "rev_growth_yoy_accel": 0.026847241662156515,
      "op_leverage_ratio": 2.7809587964617597,
      "fcf_margin_change": 0.026501862706283436
    },
    {
      "date": "2025-09-30T00:00:00",
      "quarter_label": "2025-09 (Q3)",
      "revenue": 172825000,
      "gross_profit": 50420000,
      "operating_income": 21477000,
      "net_income": 11344000,
      "opex": 28943000,
      "cogs": 122405000,
      "rd": null,
      "sga": 25856000,
      "fcf": 42342000,
      "ocf": 42342000,
      "capex": null,
      "gross_margin": 0.291740199623897,
      "op_margin": 0.12427021553594676,
      "fcf_margin": 0.24499927672501084,
      "incr_op_margin_yoy": -0.5186301959939694,
      "rev_growth_yoy": 0.027606997181624668,
      "rev_growth_yoy_accel": -0.02862467826509623,
      "fcf_margin_change": 0.0897980703243853
    }
  ],
  "signals": [
    {
      "quarter": "2025-09 (Q3)",
      "signal": "FCF MARGIN EXPANSION",
      "detail": "FCF margin: +15.5% -> +24.5% (+9.0%)",
      "severity": "MEDIUM"
    },
    {
      "quarter": "2025-06 (Q2)",
      "signal": "OPERATING LEVERAGE",
      "detail": "Rev growth +9.2% vs OpEx growth +3.3% (leverage: 2.8x)",
      "severity": "MEDIUM"
    },
    {
      "quarter": "2025-03 (Q1)",
      "signal": "FCF MARGIN EXPANSION",
      "detail": "FCF margin: +5.7% -> +12.9% (+7.2%)",
      "severity": "MEDIUM"
    },
    {
      "quarter": "2025-03 (Q1)",
      "signal": "INCREMENTAL MARGIN (YoY)",
      "detail": "YoY Incr OPM: +36.2% vs year-ago OPM: +12.8%",
      "severity": "HIGH"
    },
    {
      "quarter": "2024-06 (Q2)",
      "signal": "FCF MARGIN EXPANSION",
      "detail": "FCF margin: +6.7% -> +13.4% (+6.6%)",
      "severity": "MEDIUM"
    },
    {
      "quarter": "2024-06 (Q2)",
      "signal": "OPERATING LEVERAGE",
      "detail": "Rev growth +6.4% vs OpEx growth +0.2% (leverage: 27.7x)",
      "severity": "MEDIUM"
    },
    {
      "quarter": "2024-03 (Q1)",
      "signal": "YoY REVENUE GROWTH DECELERATION",
      "detail": "YoY growth: -0.7% vs prior quarter YoY: +10.0% (decel: -10.7%)",
      "severity": "WARNING"
    },
    {
      "quarter": "2023-12 (Q4)",
      "signal": "GROSS MARGIN INFLECTION",
      "detail": "GM: +30.2% -> +28.7% -> +31.7% (reversal +3.0%)",
      "severity": "MEDIUM"
    },
    {
      "quarter": "2023-12 (Q4)",
      "signal": "INCREMENTAL MARGIN (YoY)",
      "detail": "YoY Incr OPM: +63.7% vs year-ago OPM: +8.6%",
      "severity": "HIGH"
    },
    {
      "quarter": "2023-09 (Q3)",
      "signal": "FCF MARGIN EXPANSION",
      "detail": "FCF margin: +11.2% -> +20.2% (+8.9%)",
      "severity": "MEDIUM"
    },
    {
      "quarter": "2023-09 (Q3)",
      "signal": "YoY REVENUE GROWTH DECELERATION",
      "detail": "YoY growth: +8.9% vs prior quarter YoY: +43.6% (decel: -34.8%)",
      "severity": "WARNING"
    },
    {
      "quarter": "2023-09 (Q3)",
      "signal": "INCREMENTAL MARGIN (YoY)",
      "detail": "YoY Incr OPM: +48.0% vs year-ago OPM: +10.0%",
      "severity": "HIGH"
    },
    {
      "quarter": "2023-06 (Q2)",
      "signal": "OPERATING LEVERAGE",
      "detail": "Rev growth +6.6% vs OpEx growth +3.6% (leverage: 1.8x)",
      "severity": "MEDIUM"
    },
    {
      "quarter": "2023-06 (Q2)",
      "signal": "YoY REVENUE GROWTH DECELERATION",
      "detail": "YoY growth: +43.6% vs prior quarter YoY: +57.1% (decel: -13.4%)",
      "severity": "WARNING"
    },
    {
      "quarter": "2023-06 (Q2)",
      "signal": "INCREMENTAL MARGIN (YoY)",
      "detail": "YoY Incr OPM: +41.1% vs year-ago OPM: +2.4%",
      "severity": "HIGH"
    },
    {
      "quarter": "2023-03 (Q1)",
      "signal": "FCF MARGIN EXPANSION",
      "detail": "FCF margin: +0.8% -> +11.6% (+10.8%)",
      "severity": "MEDIUM"
    },
    {
      "quarter": "2023-03 (Q1)",
      "signal": "GROSS MARGIN INFLECTION",
      "detail": "GM: +26.4% -> +25.1% -> +28.4% (reversal +3.3%)",
      "severity": "MEDIUM"
    },
    {
      "quarter": "2022-09 (Q3)",
      "signal": "GROSS MARGIN INFLECTION",
      "detail": "GM: +25.0% -> +23.7% -> +26.4% (reversal +2.7%)",
      "severity": "MEDIUM"
    },
    {
      "quarter": "2022-09 (Q3)",
      "signal": "YoY REVENUE GROWTH ACCELERATION",
      "detail": "YoY growth: +50.6% vs prior quarter YoY: +28.0% (accel: +22.6%)",
      "severity": "HIGH"
    },
    {
      "quarter": "2022-06 (Q2)",
      "signal": "YoY REVENUE GROWTH ACCELERATION",
      "detail": "YoY growth: +28.0% vs prior quarter YoY: +14.8% (accel: +13.2%)",
      "severity": "MEDIUM"
    },
    {
      "quarter": "2021-09 (Q3)",
      "signal": "OPERATING LEVERAGE",
      "detail": "Rev growth +9.8% vs OpEx growth +1.7% (leverage: 5.9x)",
      "severity": "MEDIUM"
    }
  ],
  "data_quality": {
    "n_quarters": 20,
    "coverage": {
      "revenue": [
        20,
        20
      ],
      "gross_profit": [
        20,
        20
      ],
      "op_income": [
        20,
        20
      ],
      "fcf": [
        20,
        20
      ]
    },
    "gaps": [],
    "warnings": []
  },
  "market_cap": null,
  "source": "SEC EDGAR",
  "last_updated": "2026-02-02T21:51:05.391861",
  "sector": "Industrials",
  "industry": "Specialty Industrial Machinery"
}