{
  "ticker": "GRMN",
  "name": "GARMIN LTD",
  "sector": "Technology",
  "industry": "Scientific & Technical Instruments",
  "quarters": [
    {
      "date": "2021-03-27T00:00:00",
      "quarter_label": "2021-03 (Q1)",
      "revenue": 1072327000,
      "gross_profit": 641556000,
      "operating_income": 249659000,
      "net_income": 220029000,
      "opex": 391897000,
      "cogs": 430771000,
      "rd": 203214000,
      "sga": 157622000,
      "fcf": 331468000,
      "ocf": 368362000,
      "capex": -36894000,
      "gross_margin": 0.5982839189911286,
      "op_margin": 0.23281983947060925,
      "fcf_margin": 0.30911093351188584
    },
    {
      "date": "2021-06-26T00:00:00",
      "quarter_label": "2021-06 (Q2)",
      "revenue": 1326905000,
      "gross_profit": 780851000,
      "operating_income": 371172000,
      "net_income": 316997000,
      "opex": 409679000,
      "cogs": 546054000,
      "rd": 200981000,
      "sga": 165759000,
      "fcf": 120032000,
      "ocf": 229680000,
      "capex": -109648000,
      "gross_margin": 0.5884754372016082,
      "op_margin": 0.2797276368692559,
      "fcf_margin": 0.09046013090613118,
      "op_leverage_ratio": 5.2322075377446176,
      "fcf_margin_change": -0.21865080260575465
    },
    {
      "date": "2021-09-25T00:00:00",
      "quarter_label": "2021-09 (Q3)",
      "revenue": 1191973000,
      "gross_profit": 695947000,
      "operating_income": 282670000,
      "net_income": 259039000,
      "opex": 413277000,
      "cogs": 496026000,
      "rd": 214057000,
      "sga": 162515000,
      "fcf": 204005000,
      "ocf": 245423000,
      "capex": -41418000,
      "gross_margin": 0.5838613794104397,
      "op_margin": 0.2371446333096471,
      "fcf_margin": 0.17114901092558304,
      "fcf_margin_change": 0.08068888001945186
    },
    {
      "date": "2021-12-25T00:00:00",
      "quarter_label": "2021-12 (Q4)",
      "revenue": 1391589000,
      "gross_profit": 772105000,
      "operating_income": 315120000,
      "net_income": 286136000,
      "opex": 456985000,
      "cogs": 619484000,
      "rd": 221771000,
      "sga": 174090000,
      "fcf": 49277000,
      "ocf": 168962000,
      "capex": -119685000,
      "gross_margin": 0.5548369525772336,
      "op_margin": 0.22644617052879837,
      "fcf_margin": 0.035410598962768464,
      "op_leverage_ratio": 1.5834677859809603,
      "fcf_margin_change": -0.13573841196281458
    },
    {
      "date": "2022-03-26T00:00:00",
      "quarter_label": "2022-03 (Q1)",
      "revenue": 1172662000,
      "gross_profit": 662479000,
      "operating_income": 228556000,
      "net_income": 211592000,
      "opex": 433923000,
      "cogs": 510183000,
      "rd": 209006000,
      "sga": 190784000,
      "fcf": 125919000,
      "ocf": 185634000,
      "capex": -59715000,
      "gross_margin": 0.5649360173690288,
      "op_margin": 0.19490356129899322,
      "fcf_margin": 0.1073787672833263,
      "incr_op_margin_yoy": -0.21032540987691234,
      "rev_growth_yoy": 0.0935675404983741,
      "fcf_margin_change": 0.07196816832055784
    },
    {
      "date": "2022-06-25T00:00:00",
      "quarter_label": "2022-06 (Q2)",
      "revenue": 1240833000,
      "gross_profit": 728826000,
      "operating_income": 292740000,
      "net_income": 257873000,
      "opex": 436086000,
      "cogs": 512007000,
      "rd": 201518000,
      "sga": 191211000,
      "fcf": 4759000,
      "ocf": 79842000,
      "capex": -75083000,
      "gross_margin": 0.5873683243434048,
      "op_margin": 0.2359221587433603,
      "fcf_margin": 0.0038353267522704504,
      "incr_op_margin_yoy": 0.9112371038200576,
      "rev_growth_yoy": -0.06486673876426723,
      "rev_growth_yoy_accel": -0.1584342792626413,
      "op_leverage_ratio": 11.662266556981226,
      "fcf_margin_change": -0.10354344053105585
    },
    {
      "date": "2022-09-24T00:00:00",
      "quarter_label": "2022-09 (Q3)",
      "revenue": 1140434000,
      "gross_profit": 670499000,
      "operating_income": 239373000,
      "net_income": 210848000,
      "opex": 431126000,
      "cogs": 469935000,
      "rd": 208692000,
      "sga": 189546000,
      "fcf": 103988000,
      "ocf": 154118000,
      "capex": -50130000,
      "gross_margin": 0.5879331903468329,
      "op_margin": 0.20989640785876254,
      "fcf_margin": 0.09118283039614743,
      "incr_op_margin_yoy": 0.8400822677972021,
      "rev_growth_yoy": -0.043238395500569224,
      "rev_growth_yoy_accel": 0.021628343263698002,
      "fcf_margin_change": 0.08734750364387697
    },
    {
      "date": "2022-12-31T00:00:00",
      "quarter_label": "2022-12 (Q4)",
      "revenue": 1306355000,
      "gross_profit": 744970000,
      "operating_income": 267174000,
      "net_income": 293272000,
      "opex": 477796000,
      "cogs": 561385000,
      "rd": 215712000,
      "sga": 204422000,
      "fcf": 309307000,
      "ocf": 368665000,
      "capex": -59358000,
      "gross_margin": 0.570266122149033,
      "op_margin": 0.20451867983817568,
      "fcf_margin": 0.23677101553559332,
      "incr_op_margin_yoy": 0.5625219982636037,
      "rev_growth_yoy": -0.06124940625428916,
      "rev_growth_yoy_accel": -0.018011010753719935,
      "op_leverage_ratio": 1.3439948786630196,
      "fcf_margin_change": 0.14558818513944588
    },
    {
      "date": "2023-04-01T00:00:00",
      "quarter_label": "2023-04 (Q2)",
      "revenue": 1147424000,
      "gross_profit": 652794000,
      "operating_income": 196982000,
      "net_income": 202327000,
      "opex": 455812000,
      "cogs": 494630000,
      "rd": 221485000,
      "sga": 203980000,
      "fcf": 232396000,
      "ocf": 279210000,
      "capex": -46814000,
      "gross_margin": 0.568921340324065,
      "op_margin": 0.17167324371810247,
      "fcf_margin": 0.20253716150263548,
      "incr_op_margin_yoy": 1.2510500039622792,
      "rev_growth_yoy": -0.021521973083463094,
      "rev_growth_yoy_accel": 0.03972743317082607,
      "fcf_margin_change": -0.03423385403295784
    },
    {
      "date": "2023-07-01T00:00:00",
      "quarter_label": "2023-07 (Q3)",
      "revenue": 1320795000,
      "gross_profit": 759442000,
      "operating_income": 284355000,
      "net_income": 287939000,
      "opex": 475087000,
      "cogs": 561353000,
      "rd": 224394000,
      "sga": 204349000,
      "fcf": 221170000,
      "ocf": 273702000,
      "capex": -52532000,
      "gross_margin": 0.5749885485635545,
      "op_margin": 0.21529079077373856,
      "fcf_margin": 0.16745217842284382,
      "incr_op_margin_yoy": -0.1048623095970586,
      "rev_growth_yoy": 0.06444219326855427,
      "rev_growth_yoy_accel": 0.08596416635201737,
      "op_leverage_ratio": 3.5730894815394207,
      "fcf_margin_change": -0.03508498307979166
    },
    {
      "date": "2023-09-30T00:00:00",
      "quarter_label": "2023-09 (Q3)",
      "revenue": 1277531000,
      "gross_profit": 728569000,
      "operating_income": 270369000,
      "net_income": 257243000,
      "opex": 458200000,
      "cogs": 548962000,
      "rd": 221572000,
      "sga": 201470000,
      "fcf": 311882000,
      "ocf": 357412000,
      "capex": -45530000,
      "gross_margin": 0.57029457602203,
      "op_margin": 0.2116340034018744,
      "fcf_margin": 0.24412871390205013,
      "incr_op_margin_yoy": 0.22608809820783823,
      "rev_growth_yoy": 0.12021476034562281,
      "rev_growth_yoy_accel": 0.05577256707706854,
      "fcf_margin_change": 0.0766765354792063
    },
    {
      "date": "2023-12-30T00:00:00",
      "quarter_label": "2023-12 (Q4)",
      "revenue": 1482501000,
      "gross_profit": 864149000,
      "operating_income": 340454000,
      "net_income": 542127000,
      "opex": 523695000,
      "cogs": 618352000,
      "rd": 237245000,
      "sga": 225190000,
      "fcf": 417293000,
      "ocf": 465941000,
      "capex": -48648000,
      "gross_margin": 0.582899438179131,
      "op_margin": 0.2296484117042754,
      "fcf_margin": 0.2814790681422812,
      "incr_op_margin_yoy": 0.4160185300829993,
      "rev_growth_yoy": 0.13483777380574194,
      "rev_growth_yoy_accel": 0.014623013460119128,
      "op_leverage_ratio": 1.122446867241061,
      "fcf_margin_change": 0.03735035424023106
    },
    {
      "date": "2024-03-30T00:00:00",
      "quarter_label": "2024-03 (Q1)",
      "revenue": 1381649000,
      "gross_profit": 802139000,
      "operating_income": 298410000,
      "net_income": 275961000,
      "opex": 503729000,
      "cogs": 579510000,
      "rd": 242535000,
      "sga": 261194000,
      "fcf": 402137000,
      "ocf": 435305000,
      "capex": -33168000,
      "gross_margin": 0.5805664101374517,
      "op_margin": 0.21598104873234808,
      "fcf_margin": 0.29105583255949957,
      "incr_op_margin_yoy": 0.43303661009712885,
      "rev_growth_yoy": 0.20413116685723848,
      "rev_growth_yoy_accel": 0.06929339305149654,
      "fcf_margin_change": 0.009576764417218386
    },
    {
      "date": "2024-06-29T00:00:00",
      "quarter_label": "2024-06 (Q2)",
      "revenue": 1506671000,
      "gross_profit": 862891000,
      "operating_income": 342027000,
      "net_income": 300630000,
      "opex": 520864000,
      "cogs": 643780000,
      "rd": 243151000,
      "sga": 277713000,
      "fcf": 218164000,
      "ocf": 255321000,
      "capex": -37157000,
      "gross_margin": 0.5727136183015403,
      "op_margin": 0.2270084178961432,
      "fcf_margin": 0.1447986985878138,
      "incr_op_margin_yoy": 0.3102713637048355,
      "rev_growth_yoy": 0.14073039343728588,
      "rev_growth_yoy_accel": -0.0634007734199526,
      "op_leverage_ratio": 2.6601220340582934,
      "fcf_margin_change": -0.14625713397168577
    },
    {
      "date": "2024-09-28T00:00:00",
      "quarter_label": "2024-09 (Q3)",
      "revenue": 1586022000,
      "gross_profit": 951599000,
      "operating_income": 437475000,
      "net_income": 399111000,
      "opex": 514124000,
      "cogs": 634423000,
      "rd": 249162000,
      "sga": 264962000,
      "fcf": 219411000,
      "ocf": 257955000,
      "capex": -38544000,
      "gross_margin": 0.5999910467824532,
      "op_margin": 0.27583160889319314,
      "fcf_margin": 0.1383404517717913,
      "incr_op_margin_yoy": 0.5416884123037625,
      "rev_growth_yoy": 0.24147437518150244,
      "rev_growth_yoy_accel": 0.10074398174421656,
      "op_leverage_ratio": null,
      "fcf_margin_change": -0.0064582468160225
    },
    {
      "date": "2024-12-28T00:00:00",
      "quarter_label": "2024-12 (Q4)",
      "revenue": 1822561000,
      "gross_profit": 1079925000,
      "operating_income": 516081000,
      "net_income": 435733000,
      "opex": 563844000,
      "cogs": 742636000,
      "rd": 258753000,
      "sga": 305091000,
      "fcf": 399188000,
      "ocf": 483890000,
      "capex": -84702000,
      "gross_margin": 0.5925316079955623,
      "op_margin": 0.28316253886701187,
      "fcf_margin": 0.2190258652522467,
      "incr_op_margin_yoy": 0.516458860201141,
      "rev_growth_yoy": 0.2293826445985534,
      "rev_growth_yoy_accel": -0.012091730582949045,
      "op_leverage_ratio": 1.5421630989317714,
      "fcf_margin_change": 0.08068541348045541
    },
    {
      "date": "2025-03-29T00:00:00",
      "quarter_label": "2025-03 (Q1)",
      "revenue": 1535099000,
      "gross_profit": 884545000,
      "operating_income": 332824000,
      "net_income": 332769000,
      "opex": 551721000,
      "cogs": 650554000,
      "rd": 268120000,
      "sga": 283601000,
      "fcf": 380726000,
      "ocf": 420788000,
      "capex": -40062000,
      "gross_margin": 0.5762136513671106,
      "op_margin": 0.216809469617269,
      "fcf_margin": 0.2480139717373277,
      "incr_op_margin_yoy": 0.22426849136526555,
      "rev_growth_yoy": 0.11106294000864185,
      "rev_growth_yoy_accel": -0.11831970458991155,
      "fcf_margin_change": 0.02898810648508099
    },
    {
      "date": "2025-06-28T00:00:00",
      "quarter_label": "2025-06 (Q2)",
      "revenue": 1814564000,
      "gross_profit": 1067012000,
      "operating_income": 472295000,
      "net_income": 400822000,
      "opex": 594717000,
      "cogs": 747552000,
      "rd": 276663000,
      "sga": 318054000,
      "fcf": 127495000,
      "ocf": 173171000,
      "capex": -45676000,
      "gross_margin": 0.5880266554389925,
      "op_margin": 0.260280155453321,
      "fcf_margin": 0.07026205744189788,
      "incr_op_margin_yoy": 0.4230950362625977,
      "rev_growth_yoy": 0.20435317332051922,
      "rev_growth_yoy_accel": 0.09329023331187737,
      "op_leverage_ratio": 2.3360519502446615,
      "fcf_margin_change": -0.1777519142954298
    },
    {
      "date": "2025-09-27T00:00:00",
      "quarter_label": "2025-09 (Q3)",
      "revenue": 1770901000,
      "gross_profit": 1046487000,
      "operating_income": 456803000,
      "net_income": 401615000,
      "opex": 589684000,
      "cogs": 724414000,
      "rd": 286464000,
      "sga": 303220000,
      "fcf": 425080000,
      "ocf": 485615000,
      "capex": -60535000,
      "gross_margin": 0.5909347840449579,
      "op_margin": 0.257949484471464,
      "fcf_margin": 0.24003600427127209,
      "incr_op_margin_yoy": 0.10454405313745747,
      "rev_growth_yoy": 0.11656773991785738,
      "rev_growth_yoy_accel": -0.08778543340266184,
      "fcf_margin_change": 0.1697739468293742
    },
    {
      "date": "2025-12-27T00:00:00",
      "quarter_label": "2025-12 (Q4)",
      "revenue": 2124955000,
      "gross_profit": 1258260000,
      "operating_income": 614154000,
      "net_income": 528681000,
      "opex": 644106000,
      "cogs": 866695000,
      "rd": 294984000,
      "sga": 349122000,
      "fcf": 429612000,
      "ocf": 553785000,
      "capex": -124173000,
      "gross_margin": 0.5921348922683068,
      "op_margin": 0.2890197674774289,
      "fcf_margin": 0.2021746342863731,
      "incr_op_margin_yoy": 0.32432191114903075,
      "rev_growth_yoy": 0.16591708041596412,
      "rev_growth_yoy_accel": 0.04934934049810674,
      "op_leverage_ratio": 2.1663073252580545,
      "fcf_margin_change": -0.037861369984898974
    }
  ],
  "signals": [
    {
      "quarter": "2025-12 (Q4)",
      "signal": "OPERATING LEVERAGE",
      "detail": "Rev growth +20.0% vs OpEx growth +9.2% (leverage: 2.2x)",
      "severity": "MEDIUM"
    },
    {
      "quarter": "2025-09 (Q3)",
      "signal": "FCF MARGIN EXPANSION",
      "detail": "FCF margin: +7.0% -> +24.0% (+17.0%)",
      "severity": "MEDIUM"
    },
    {
      "quarter": "2025-09 (Q3)",
      "signal": "YoY REVENUE GROWTH DECELERATION",
      "detail": "YoY growth: +11.7% vs prior quarter YoY: +20.4% (decel: -8.8%)",
      "severity": "WARNING"
    },
    {
      "quarter": "2025-06 (Q2)",
      "signal": "OPERATING LEVERAGE",
      "detail": "Rev growth +18.2% vs OpEx growth +7.8% (leverage: 2.3x)",
      "severity": "MEDIUM"
    },
    {
      "quarter": "2025-06 (Q2)",
      "signal": "YoY REVENUE GROWTH ACCELERATION",
      "detail": "YoY growth: +20.4% vs prior quarter YoY: +11.1% (accel: +9.3%)",
      "severity": "MEDIUM"
    },
    {
      "quarter": "2025-06 (Q2)",
      "signal": "INCREMENTAL MARGIN (YoY)",
      "detail": "YoY Incr OPM: +42.3% vs year-ago OPM: +22.7%",
      "severity": "MEDIUM"
    },
    {
      "quarter": "2025-03 (Q1)",
      "signal": "YoY REVENUE GROWTH DECELERATION",
      "detail": "YoY growth: +11.1% vs prior quarter YoY: +22.9% (decel: -11.8%)",
      "severity": "WARNING"
    },
    {
      "quarter": "2024-12 (Q4)",
      "signal": "FCF MARGIN EXPANSION",
      "detail": "FCF margin: +13.8% -> +21.9% (+8.1%)",
      "severity": "MEDIUM"
    },
    {
      "quarter": "2024-12 (Q4)",
      "signal": "OPERATING LEVERAGE",
      "detail": "Rev growth +14.9% vs OpEx growth +9.7% (leverage: 1.5x)",
      "severity": "MEDIUM"
    },
    {
      "quarter": "2024-12 (Q4)",
      "signal": "INCREMENTAL MARGIN (YoY)",
      "detail": "YoY Incr OPM: +51.6% vs year-ago OPM: +23.0%",
      "severity": "HIGH"
    },
    {
      "quarter": "2024-09 (Q3)",
      "signal": "GROSS MARGIN INFLECTION",
      "detail": "GM: +58.1% -> +57.3% -> +60.0% (reversal +2.7%)",
      "severity": "MEDIUM"
    },
    {
      "quarter": "2024-09 (Q3)",
      "signal": "YoY REVENUE GROWTH ACCELERATION",
      "detail": "YoY growth: +24.1% vs prior quarter YoY: +14.1% (accel: +10.1%)",
      "severity": "MEDIUM"
    },
    {
      "quarter": "2024-09 (Q3)",
      "signal": "INCREMENTAL MARGIN (YoY)",
      "detail": "YoY Incr OPM: +54.2% vs year-ago OPM: +21.2%",
      "severity": "HIGH"
    },
    {
      "quarter": "2024-06 (Q2)",
      "signal": "OPERATING LEVERAGE",
      "detail": "Rev growth +9.0% vs OpEx growth +3.4% (leverage: 2.7x)",
      "severity": "MEDIUM"
    },
    {
      "quarter": "2024-06 (Q2)",
      "signal": "YoY REVENUE GROWTH DECELERATION",
      "detail": "YoY growth: +14.1% vs prior quarter YoY: +20.4% (decel: -6.3%)",
      "severity": "WARNING"
    },
    {
      "quarter": "2024-03 (Q1)",
      "signal": "YoY REVENUE GROWTH ACCELERATION",
      "detail": "YoY growth: +20.4% vs prior quarter YoY: +13.5% (accel: +6.9%)",
      "severity": "MEDIUM"
    },
    {
      "quarter": "2024-03 (Q1)",
      "signal": "INCREMENTAL MARGIN (YoY)",
      "detail": "YoY Incr OPM: +43.3% vs year-ago OPM: +17.2%",
      "severity": "HIGH"
    },
    {
      "quarter": "2023-12 (Q4)",
      "signal": "INCREMENTAL MARGIN (YoY)",
      "detail": "YoY Incr OPM: +41.6% vs year-ago OPM: +20.5%",
      "severity": "HIGH"
    },
    {
      "quarter": "2023-09 (Q3)",
      "signal": "FCF MARGIN EXPANSION",
      "detail": "FCF margin: +16.7% -> +24.4% (+7.7%)",
      "severity": "MEDIUM"
    },
    {
      "quarter": "2023-09 (Q3)",
      "signal": "YoY REVENUE GROWTH ACCELERATION",
      "detail": "YoY growth: +12.0% vs prior quarter YoY: +6.4% (accel: +5.6%)",
      "severity": "MEDIUM"
    },
    {
      "quarter": "2023-07 (Q3)",
      "signal": "OPERATING LEVERAGE",
      "detail": "Rev growth +15.1% vs OpEx growth +4.2% (leverage: 3.6x)",
      "severity": "MEDIUM"
    },
    {
      "quarter": "2023-07 (Q3)",
      "signal": "YoY REVENUE GROWTH ACCELERATION",
      "detail": "YoY growth: +6.4% vs prior quarter YoY: -2.2% (accel: +8.6%)",
      "severity": "MEDIUM"
    },
    {
      "quarter": "2023-04 (Q2)",
      "signal": "INCREMENTAL MARGIN (YoY)",
      "detail": "YoY Incr OPM: +125.1% vs year-ago OPM: +19.5%",
      "severity": "HIGH"
    },
    {
      "quarter": "2022-12 (Q4)",
      "signal": "FCF MARGIN EXPANSION",
      "detail": "FCF margin: +9.1% -> +23.7% (+14.6%)",
      "severity": "MEDIUM"
    },
    {
      "quarter": "2022-12 (Q4)",
      "signal": "INCREMENTAL MARGIN (YoY)",
      "detail": "YoY Incr OPM: +56.3% vs year-ago OPM: +22.6%",
      "severity": "HIGH"
    },
    {
      "quarter": "2022-09 (Q3)",
      "signal": "FCF MARGIN EXPANSION",
      "detail": "FCF margin: +0.4% -> +9.1% (+8.7%)",
      "severity": "MEDIUM"
    },
    {
      "quarter": "2022-09 (Q3)",
      "signal": "INCREMENTAL MARGIN (YoY)",
      "detail": "YoY Incr OPM: +84.0% vs year-ago OPM: +23.7%",
      "severity": "HIGH"
    },
    {
      "quarter": "2022-06 (Q2)",
      "signal": "OPERATING LEVERAGE",
      "detail": "Rev growth +5.8% vs OpEx growth +0.5% (leverage: 11.7x)",
      "severity": "MEDIUM"
    },
    {
      "quarter": "2022-06 (Q2)",
      "signal": "YoY REVENUE GROWTH DECELERATION",
      "detail": "YoY growth: -6.5% vs prior quarter YoY: +9.4% (decel: -15.8%)",
      "severity": "WARNING"
    },
    {
      "quarter": "2022-06 (Q2)",
      "signal": "INCREMENTAL MARGIN (YoY)",
      "detail": "YoY Incr OPM: +91.1% vs year-ago OPM: +28.0%",
      "severity": "HIGH"
    },
    {
      "quarter": "2022-03 (Q1)",
      "signal": "FCF MARGIN EXPANSION",
      "detail": "FCF margin: +3.5% -> +10.7% (+7.2%)",
      "severity": "MEDIUM"
    },
    {
      "quarter": "2021-12 (Q4)",
      "signal": "OPERATING LEVERAGE",
      "detail": "Rev growth +16.7% vs OpEx growth +10.6% (leverage: 1.6x)",
      "severity": "MEDIUM"
    },
    {
      "quarter": "2021-09 (Q3)",
      "signal": "FCF MARGIN EXPANSION",
      "detail": "FCF margin: +9.0% -> +17.1% (+8.1%)",
      "severity": "MEDIUM"
    },
    {
      "quarter": "2021-06 (Q2)",
      "signal": "OPERATING LEVERAGE",
      "detail": "Rev growth +23.7% vs OpEx growth +4.5% (leverage: 5.2x)",
      "severity": "MEDIUM"
    }
  ],
  "data_quality": {
    "n_quarters": 20,
    "coverage": {
      "revenue": [
        20,
        20
      ],
      "gross_profit": [
        20,
        20
      ],
      "op_income": [
        20,
        20
      ],
      "fcf": [
        20,
        20
      ]
    },
    "gaps": [],
    "warnings": []
  },
  "market_cap": null,
  "source": "SEC EDGAR",
  "last_updated": "2026-02-24T10:30:20.287034"
}