{
  "ticker": "GRND",
  "name": "Grindr Inc.",
  "quarters": [
    {
      "date": "2022-03-31T00:00:00",
      "quarter_label": "2022-03 (Q1)",
      "revenue": 43530000,
      "gross_profit": 31829000,
      "operating_income": -1206351,
      "net_income": 8009333,
      "opex": 1206351,
      "cogs": 11701000,
      "rd": 3647000,
      "sga": 10378000,
      "fcf": 13859000,
      "ocf": 13962000,
      "capex": -103000,
      "gross_margin": 0.7311968757178957,
      "op_margin": -0.027713094417643004,
      "fcf_margin": 0.31837813002526993
    },
    {
      "date": "2022-06-30T00:00:00",
      "quarter_label": "2022-06 (Q2)",
      "revenue": 46555000,
      "gross_profit": 34453000,
      "operating_income": -3037584,
      "net_income": -7518082,
      "opex": 3037584,
      "cogs": 12102000,
      "rd": 4175000,
      "sga": 23234000,
      "fcf": 13726000,
      "ocf": 13874000,
      "capex": -148000,
      "gross_margin": 0.7400494039308345,
      "op_margin": -0.06524721297390183,
      "fcf_margin": 0.2948340672323059,
      "op_leverage_ratio": 0.0457790519357013,
      "fcf_margin_change": -0.02354406279296406
    },
    {
      "date": "2022-09-30T00:00:00",
      "quarter_label": "2022-09 (Q3)",
      "revenue": 50402000,
      "gross_profit": 37447000,
      "operating_income": -4731970,
      "net_income": -9184474,
      "opex": 4731970,
      "cogs": 12955000,
      "rd": 4159000,
      "sga": 20325000,
      "fcf": 8870000,
      "ocf": 8958000,
      "capex": -88000,
      "gross_margin": 0.7429665489464704,
      "op_margin": -0.09388456807269553,
      "fcf_margin": 0.17598507995714455,
      "op_leverage_ratio": 0.14813981484183672,
      "fcf_margin_change": -0.11884898727516133
    },
    {
      "date": "2022-12-31T00:00:00",
      "quarter_label": "2022-12 (Q4)",
      "revenue": 54528000,
      "gross_profit": 40006000,
      "operating_income": 22010905,
      "net_income": 9545223,
      "opex": 173004095,
      "cogs": 14522000,
      "rd": 5919000,
      "sga": 21358000,
      "fcf": 13759000,
      "ocf": 13850000,
      "capex": -91000,
      "gross_margin": 0.7336781103286385,
      "op_margin": 0.4036624303110329,
      "fcf_margin": 0.25232907863849763,
      "op_leverage_ratio": 0.0023020314735309948,
      "fcf_margin_change": 0.07634399868135308
    },
    {
      "date": "2023-03-31T00:00:00",
      "quarter_label": "2023-03 (Q1)",
      "revenue": 55809000,
      "gross_profit": 40994000,
      "operating_income": 8591000,
      "net_income": -32899000,
      "opex": 47218000,
      "cogs": 14815000,
      "rd": 5506000,
      "sga": 18945000,
      "fcf": 8469000,
      "ocf": 8501000,
      "capex": -32000,
      "gross_margin": 0.7345410238492,
      "op_margin": 0.15393574513071367,
      "fcf_margin": 0.15174971778745364,
      "incr_op_margin_yoy": 0.7978948611450444,
      "rev_growth_yoy": 0.28208132322536184,
      "op_leverage_ratio": Infinity,
      "fcf_margin_change": -0.10057936085104399
    },
    {
      "date": "2023-06-30T00:00:00",
      "quarter_label": "2023-06 (Q2)",
      "revenue": 61538000,
      "gross_profit": 45428000,
      "operating_income": 13930000,
      "net_income": 22331000,
      "opex": 47608000,
      "cogs": 16110000,
      "rd": 6200000,
      "sga": 17158000,
      "fcf": 6219000,
      "ocf": 6282000,
      "capex": -63000,
      "gross_margin": 0.7382105365790244,
      "op_margin": 0.22636419773148297,
      "fcf_margin": 0.10105950794630959,
      "incr_op_margin_yoy": 1.132455716478676,
      "rev_growth_yoy": 0.3218343894318548,
      "rev_growth_yoy_accel": 0.03975306620649294,
      "op_leverage_ratio": 12.428466964477286,
      "fcf_margin_change": -0.05069020984114404
    },
    {
      "date": "2023-09-30T00:00:00",
      "quarter_label": "2023-09 (Q3)",
      "revenue": 70258000,
      "gross_profit": 52015000,
      "operating_income": 16572000,
      "net_income": -437000,
      "opex": 53686000,
      "cogs": 18243000,
      "rd": 13270000,
      "sga": 16420000,
      "fcf": 8187000,
      "ocf": 8333000,
      "capex": -146000,
      "gross_margin": 0.7403427367701899,
      "op_margin": 0.2358734948333286,
      "fcf_margin": 0.11652765521364115,
      "incr_op_margin_yoy": 1.072923549556809,
      "rev_growth_yoy": 0.39395262092774097,
      "rev_growth_yoy_accel": 0.0721182314958862,
      "op_leverage_ratio": 1.1099217169762206,
      "fcf_margin_change": 0.015468147267331561
    },
    {
      "date": "2023-12-31T00:00:00",
      "quarter_label": "2023-12 (Q4)",
      "revenue": 72086000,
      "gross_profit": 53796000,
      "operating_income": 16355000,
      "net_income": -44763000,
      "opex": 55731000,
      "cogs": 18290000,
      "rd": 4351000,
      "sga": 27894000,
      "fcf": 12763000,
      "ocf": 13031000,
      "capex": -268000,
      "gross_margin": 0.7462752823016952,
      "op_margin": 0.22688178009599644,
      "fcf_margin": 0.17705240962184057,
      "incr_op_margin_yoy": -0.3221269506777537,
      "rev_growth_yoy": 0.32199970657276994,
      "rev_growth_yoy_accel": -0.07195291435497103,
      "op_leverage_ratio": 0.6830431547406725,
      "fcf_margin_change": 0.06052475440819942
    },
    {
      "date": "2024-03-31T00:00:00",
      "quarter_label": "2024-03 (Q1)",
      "revenue": 75345000,
      "gross_profit": 55725000,
      "operating_income": 19256000,
      "net_income": -9406000,
      "opex": 56089000,
      "cogs": 19620000,
      "rd": 5741000,
      "sga": 26609000,
      "fcf": 20254000,
      "ocf": 20449000,
      "capex": -195000,
      "gross_margin": 0.7395978498905037,
      "op_margin": 0.25557103988320395,
      "fcf_margin": 0.2688167761629836,
      "incr_op_margin_yoy": 0.5459152334152334,
      "rev_growth_yoy": 0.3500510670321991,
      "rev_growth_yoy_accel": 0.028051360459429187,
      "op_leverage_ratio": 7.0379672588467805,
      "fcf_margin_change": 0.09176436654114303
    },
    {
      "date": "2024-06-30T00:00:00",
      "quarter_label": "2024-06 (Q2)",
      "revenue": 82345000,
      "gross_profit": 61346000,
      "operating_income": 24555000,
      "net_income": -22424000,
      "opex": 57790000,
      "cogs": 20999000,
      "rd": 7754000,
      "sga": 24802000,
      "fcf": 15670000,
      "ocf": 15850000,
      "capex": -180000,
      "gross_margin": 0.7449875523711215,
      "op_margin": 0.29819661181613943,
      "fcf_margin": 0.19029692148885785,
      "incr_op_margin_yoy": 0.5106454558562022,
      "rev_growth_yoy": 0.33811628587214404,
      "rev_growth_yoy_accel": -0.011934781160055086,
      "op_leverage_ratio": 3.063493663032083,
      "fcf_margin_change": -0.07851985467412576
    },
    {
      "date": "2024-09-30T00:00:00",
      "quarter_label": "2024-09 (Q3)",
      "revenue": 89325000,
      "gross_profit": 66410000,
      "operating_income": 28387000,
      "net_income": 24681000,
      "opex": 60938000,
      "cogs": 22915000,
      "rd": 8806000,
      "sga": 24976000,
      "fcf": 28801000,
      "ocf": 29125000,
      "capex": -324000,
      "gross_margin": 0.7434648754547999,
      "op_margin": 0.3177945703890288,
      "fcf_margin": 0.3224293310943185,
      "incr_op_margin_yoy": 0.6196569990035139,
      "rev_growth_yoy": 0.271385465000427,
      "rev_growth_yoy_accel": -0.06673082087171706,
      "op_leverage_ratio": 1.55609518726917,
      "fcf_margin_change": 0.13213240960546063
    },
    {
      "date": "2024-12-31T00:00:00",
      "quarter_label": "2024-12 (Q4)",
      "revenue": 97621000,
      "gross_profit": 73576000,
      "operating_income": 20400000,
      "net_income": -123852000,
      "opex": 77221000,
      "cogs": 24045000,
      "rd": 10506000,
      "sga": 38355000,
      "fcf": 29287000,
      "ocf": 29533000,
      "capex": -246000,
      "gross_margin": 0.7536902920478176,
      "op_margin": 0.20897143032749102,
      "fcf_margin": 0.30000717058829557,
      "incr_op_margin_yoy": 0.15841002545525748,
      "rev_growth_yoy": 0.35422967011625006,
      "rev_growth_yoy_accel": 0.08284420511582308,
      "op_leverage_ratio": 0.3475757688418975,
      "fcf_margin_change": -0.022422160506022915
    },
    {
      "date": "2025-03-31T00:00:00",
      "quarter_label": "2025-03 (Q1)",
      "revenue": 93938000,
      "gross_profit": 69396000,
      "operating_income": 25392000,
      "net_income": 27019000,
      "opex": 68546000,
      "cogs": 24542000,
      "rd": 10287000,
      "sga": 30240000,
      "fcf": 23669000,
      "ocf": 23793000,
      "capex": -124000,
      "gross_margin": 0.738742574889821,
      "op_margin": 0.2703059464753348,
      "fcf_margin": 0.25196406140220146,
      "incr_op_margin_yoy": 0.33001667294142956,
      "rev_growth_yoy": 0.24677151768531422,
      "rev_growth_yoy_accel": -0.10745815243093584,
      "fcf_margin_change": -0.04804310918609411
    },
    {
      "date": "2025-06-30T00:00:00",
      "quarter_label": "2025-06 (Q2)",
      "revenue": 104220000,
      "gross_profit": 76812000,
      "operating_income": 24346000,
      "net_income": 16638000,
      "opex": 79874000,
      "cogs": 27408000,
      "rd": 12941000,
      "sga": 36457000,
      "fcf": 37326000,
      "ocf": 37518000,
      "capex": -192000,
      "gross_margin": 0.7370178468624065,
      "op_margin": 0.23360199577816157,
      "fcf_margin": 0.3581462291306851,
      "incr_op_margin_yoy": -0.009554285714285715,
      "rev_growth_yoy": 0.2656506163094298,
      "rev_growth_yoy_accel": 0.018879098624115603,
      "op_leverage_ratio": 0.6623158773252655,
      "fcf_margin_change": 0.10618216772848366
    },
    {
      "date": "2025-09-30T00:00:00",
      "quarter_label": "2025-09 (Q3)",
      "revenue": 115766000,
      "gross_profit": 86847000,
      "operating_income": 45241000,
      "net_income": 30834000,
      "opex": 70525000,
      "cogs": 28919000,
      "rd": 11088000,
      "sga": 29256000,
      "fcf": 55241000,
      "ocf": 55449000,
      "capex": -208000,
      "gross_margin": 0.750194357583401,
      "op_margin": 0.39079695247309226,
      "fcf_margin": 0.47717810065131383,
      "incr_op_margin_yoy": 0.6374191596384403,
      "rev_growth_yoy": 0.2960089560593339,
      "rev_growth_yoy_accel": 0.030358339749904095,
      "op_leverage_ratio": Infinity,
      "fcf_margin_change": 0.11903187152062872
    }
  ],
  "signals": [
    {
      "quarter": "2025-09 (Q3)",
      "signal": "FCF MARGIN EXPANSION",
      "detail": "FCF margin: +35.8% -> +47.7% (+11.9%)",
      "severity": "MEDIUM"
    },
    {
      "quarter": "2025-09 (Q3)",
      "signal": "INCREMENTAL MARGIN (YoY)",
      "detail": "YoY Incr OPM: +63.7% vs year-ago OPM: +31.8%",
      "severity": "HIGH"
    },
    {
      "quarter": "2025-06 (Q2)",
      "signal": "FCF MARGIN EXPANSION",
      "detail": "FCF margin: +25.2% -> +35.8% (+10.6%)",
      "severity": "MEDIUM"
    },
    {
      "quarter": "2025-03 (Q1)",
      "signal": "YoY REVENUE GROWTH DECELERATION",
      "detail": "YoY growth: +24.7% vs prior quarter YoY: +35.4% (decel: -10.7%)",
      "severity": "WARNING"
    },
    {
      "quarter": "2024-12 (Q4)",
      "signal": "YoY REVENUE GROWTH ACCELERATION",
      "detail": "YoY growth: +35.4% vs prior quarter YoY: +27.1% (accel: +8.3%)",
      "severity": "MEDIUM"
    },
    {
      "quarter": "2024-09 (Q3)",
      "signal": "FCF MARGIN EXPANSION",
      "detail": "FCF margin: +19.0% -> +32.2% (+13.2%)",
      "severity": "MEDIUM"
    },
    {
      "quarter": "2024-09 (Q3)",
      "signal": "OPERATING LEVERAGE",
      "detail": "Rev growth +8.5% vs OpEx growth +5.4% (leverage: 1.6x)",
      "severity": "MEDIUM"
    },
    {
      "quarter": "2024-09 (Q3)",
      "signal": "YoY REVENUE GROWTH DECELERATION",
      "detail": "YoY growth: +27.1% vs prior quarter YoY: +33.8% (decel: -6.7%)",
      "severity": "WARNING"
    },
    {
      "quarter": "2024-09 (Q3)",
      "signal": "INCREMENTAL MARGIN (YoY)",
      "detail": "YoY Incr OPM: +62.0% vs year-ago OPM: +23.6%",
      "severity": "HIGH"
    },
    {
      "quarter": "2024-06 (Q2)",
      "signal": "OPERATING LEVERAGE",
      "detail": "Rev growth +9.3% vs OpEx growth +3.0% (leverage: 3.1x)",
      "severity": "MEDIUM"
    },
    {
      "quarter": "2024-06 (Q2)",
      "signal": "INCREMENTAL MARGIN (YoY)",
      "detail": "YoY Incr OPM: +51.1% vs year-ago OPM: +22.6%",
      "severity": "HIGH"
    },
    {
      "quarter": "2024-03 (Q1)",
      "signal": "FCF MARGIN EXPANSION",
      "detail": "FCF margin: +17.7% -> +26.9% (+9.2%)",
      "severity": "MEDIUM"
    },
    {
      "quarter": "2024-03 (Q1)",
      "signal": "OPERATING LEVERAGE",
      "detail": "Rev growth +4.5% vs OpEx growth +0.6% (leverage: 7.0x)",
      "severity": "MEDIUM"
    },
    {
      "quarter": "2024-03 (Q1)",
      "signal": "INCREMENTAL MARGIN (YoY)",
      "detail": "YoY Incr OPM: +54.6% vs year-ago OPM: +15.4%",
      "severity": "HIGH"
    },
    {
      "quarter": "2023-12 (Q4)",
      "signal": "FCF MARGIN EXPANSION",
      "detail": "FCF margin: +11.7% -> +17.7% (+6.1%)",
      "severity": "MEDIUM"
    },
    {
      "quarter": "2023-12 (Q4)",
      "signal": "YoY REVENUE GROWTH DECELERATION",
      "detail": "YoY growth: +32.2% vs prior quarter YoY: +39.4% (decel: -7.2%)",
      "severity": "WARNING"
    },
    {
      "quarter": "2023-09 (Q3)",
      "signal": "YoY REVENUE GROWTH ACCELERATION",
      "detail": "YoY growth: +39.4% vs prior quarter YoY: +32.2% (accel: +7.2%)",
      "severity": "MEDIUM"
    },
    {
      "quarter": "2023-09 (Q3)",
      "signal": "OP MARGIN TURNED POSITIVE (YoY)",
      "detail": "Op margin: -9.4% (year-ago) -> +23.6%",
      "severity": "HIGH"
    },
    {
      "quarter": "2023-06 (Q2)",
      "signal": "OPERATING LEVERAGE",
      "detail": "Rev growth +10.3% vs OpEx growth +0.8% (leverage: 12.4x)",
      "severity": "MEDIUM"
    },
    {
      "quarter": "2023-06 (Q2)",
      "signal": "OP MARGIN TURNED POSITIVE (YoY)",
      "detail": "Op margin: -6.5% (year-ago) -> +22.6%",
      "severity": "HIGH"
    },
    {
      "quarter": "2023-03 (Q1)",
      "signal": "OP MARGIN TURNED POSITIVE (YoY)",
      "detail": "Op margin: -2.8% (year-ago) -> +15.4%",
      "severity": "HIGH"
    },
    {
      "quarter": "2022-12 (Q4)",
      "signal": "FCF MARGIN EXPANSION",
      "detail": "FCF margin: +17.6% -> +25.2% (+7.6%)",
      "severity": "MEDIUM"
    },
    {
      "quarter": "2022-12 (Q4)",
      "signal": "OP MARGIN TURNED POSITIVE (QoQ)",
      "detail": "Op margin: -9.4% -> +40.4%",
      "severity": "HIGH"
    }
  ],
  "data_quality": {
    "n_quarters": 15,
    "coverage": {
      "revenue": [
        15,
        15
      ],
      "gross_profit": [
        15,
        15
      ],
      "op_income": [
        15,
        15
      ],
      "fcf": [
        15,
        15
      ]
    },
    "gaps": [],
    "warnings": []
  },
  "market_cap": null,
  "source": "SEC EDGAR",
  "last_updated": "2026-02-02T21:32:36.737703",
  "sector": "Technology",
  "industry": "Software - Application"
}