{
  "ticker": "GROV",
  "name": "Grove Collaborative Holdings, Inc.",
  "quarters": [
    {
      "date": "2021-06-30T00:00:00",
      "quarter_label": "2021-06 (Q2)",
      "revenue": 99023000,
      "gross_profit": 49066000,
      "operating_income": -249630,
      "net_income": -262247,
      "opex": 49315630,
      "cogs": 49957000,
      "rd": 5688000,
      "sga": 46971000,
      "fcf": null,
      "ocf": null,
      "capex": null,
      "gross_margin": 0.4955010452117185,
      "op_margin": -0.0025209294810296596,
      "fcf_margin": null
    },
    {
      "date": "2021-09-30T00:00:00",
      "quarter_label": "2021-09 (Q3)",
      "revenue": 95178000,
      "gross_profit": 47984000,
      "operating_income": -1208967,
      "net_income": 5454687,
      "opex": 49192967,
      "cogs": 47194000,
      "rd": 5586000,
      "sga": 46100000,
      "fcf": -28377000,
      "ocf": -26954000,
      "capex": -1423000,
      "gross_margin": 0.5041501187249154,
      "op_margin": -0.01270216856836664,
      "fcf_margin": -0.29814663052386053
    },
    {
      "date": "2021-12-31T00:00:00",
      "quarter_label": "2021-12 (Q4)",
      "revenue": 87264000,
      "gross_profit": 39262000,
      "operating_income": -30441000,
      "net_income": -31987000,
      "opex": 69703000,
      "cogs": 48002000,
      "rd": 6972000,
      "sga": 46029000,
      "fcf": -39836000,
      "ocf": -38336000,
      "capex": -1500000,
      "gross_margin": 0.4499220755408874,
      "op_margin": -0.34883800880088006,
      "fcf_margin": -0.4564998166483315,
      "fcf_margin_change": -0.15835318612447097
    },
    {
      "date": "2022-03-31T00:00:00",
      "quarter_label": "2022-03 (Q1)",
      "revenue": 90479000,
      "gross_profit": 42737000,
      "operating_income": -1008046,
      "net_income": -23552197,
      "opex": 43745046,
      "cogs": 47742000,
      "rd": 6240000,
      "sga": 50970000,
      "fcf": -30855000,
      "ocf": -29503000,
      "capex": -1352000,
      "gross_margin": 0.47234164833828846,
      "op_margin": -0.011141215088584091,
      "fcf_margin": -0.34101835785099305,
      "op_leverage_ratio": Infinity,
      "fcf_margin_change": 0.11548145879733845
    },
    {
      "date": "2022-06-30T00:00:00",
      "quarter_label": "2022-06 (Q2)",
      "revenue": 79279000,
      "gross_profit": 38957000,
      "operating_income": -42758000,
      "net_income": -35310000,
      "opex": 81715000,
      "cogs": 40322000,
      "rd": 5922000,
      "sga": 57895000,
      "fcf": -37893000,
      "ocf": -36635000,
      "capex": -1258000,
      "gross_margin": 0.49139116285523277,
      "op_margin": -0.5393357635691671,
      "fcf_margin": -0.4779702064859547,
      "incr_op_margin_yoy": 2.1529766004862236,
      "rev_growth_yoy": -0.19938802096482636,
      "fcf_margin_change": -0.13695184863496163
    },
    {
      "date": "2022-09-30T00:00:00",
      "quarter_label": "2022-09 (Q3)",
      "revenue": 77733000,
      "gross_profit": 38167000,
      "operating_income": -22561000,
      "net_income": 7662000,
      "opex": 60728000,
      "cogs": 39566000,
      "rd": 5765000,
      "sga": 46295000,
      "fcf": -24379000,
      "ocf": -23409000,
      "capex": -970000,
      "gross_margin": 0.4910012478612687,
      "op_margin": -0.2902370936410533,
      "fcf_margin": -0.3136248440173414,
      "incr_op_margin_yoy": 1.2239629120091717,
      "rev_growth_yoy": -0.18328815482569502,
      "rev_growth_yoy_accel": 0.016099866139131336,
      "fcf_margin_change": 0.16434536246861325
    },
    {
      "date": "2022-12-31T00:00:00",
      "quarter_label": "2022-12 (Q4)",
      "revenue": 74036000,
      "gross_profit": 34791000,
      "operating_income": -28398000,
      "net_income": -12683000,
      "opex": 63189000,
      "cogs": 39245000,
      "rd": 4576000,
      "sga": 51703000,
      "fcf": -7356000,
      "ocf": -6714000,
      "capex": -642000,
      "gross_margin": 0.4699200388999946,
      "op_margin": -0.3835701550597007,
      "fcf_margin": -0.09935706953374034,
      "incr_op_margin_yoy": -0.15444511641971576,
      "rev_growth_yoy": -0.1515859919325266,
      "rev_growth_yoy_accel": 0.031702162893168434,
      "fcf_margin_change": 0.21426777448360107
    },
    {
      "date": "2023-03-31T00:00:00",
      "quarter_label": "2023-03 (Q1)",
      "revenue": 71565000,
      "gross_profit": 37255000,
      "operating_income": -13655000,
      "net_income": -13069000,
      "opex": 50910000,
      "cogs": 34310000,
      "rd": 4216000,
      "sga": 38021000,
      "fcf": -7521000,
      "ocf": -6737000,
      "capex": -784000,
      "gross_margin": 0.5205757004122127,
      "op_margin": -0.19080556137776847,
      "fcf_margin": -0.10509327185076504,
      "incr_op_margin_yoy": 0.6686557047689542,
      "rev_growth_yoy": -0.20904298234949548,
      "rev_growth_yoy_accel": -0.05745699041696889,
      "fcf_margin_change": -0.005736202317024708
    },
    {
      "date": "2023-06-30T00:00:00",
      "quarter_label": "2023-06 (Q2)",
      "revenue": 66106000,
      "gross_profit": 34308000,
      "operating_income": -9560000,
      "net_income": -10867000,
      "opex": 43868000,
      "cogs": 31798000,
      "rd": 4052000,
      "sga": 35159000,
      "fcf": 410000,
      "ocf": 1165000,
      "capex": -755000,
      "gross_margin": 0.5189846609990016,
      "op_margin": -0.1446162224306417,
      "fcf_margin": 0.006202160167004508,
      "incr_op_margin_yoy": -2.5201548622181735,
      "rev_growth_yoy": -0.16616001715460588,
      "rev_growth_yoy_accel": 0.0428829651948896,
      "fcf_margin_change": 0.11129543201776955
    },
    {
      "date": "2023-09-30T00:00:00",
      "quarter_label": "2023-09 (Q3)",
      "revenue": 61750000,
      "gross_profit": 33234000,
      "operating_income": -4105000,
      "net_income": -9811000,
      "opex": 37339000,
      "cogs": 28516000,
      "rd": 3578000,
      "sga": 29699000,
      "fcf": -4374000,
      "ocf": -3530000,
      "capex": -844000,
      "gross_margin": 0.5382024291497975,
      "op_margin": -0.06647773279352227,
      "fcf_margin": -0.07083400809716599,
      "incr_op_margin_yoy": -1.1547268973284115,
      "rev_growth_yoy": -0.20561408925424207,
      "rev_growth_yoy_accel": -0.039454072099636195,
      "fcf_margin_change": -0.0770361682641705
    },
    {
      "date": "2023-12-31T00:00:00",
      "quarter_label": "2023-12 (Q4)",
      "revenue": 59857000,
      "gross_profit": 32562000,
      "operating_income": -7943000,
      "net_income": -9485000,
      "opex": 40505000,
      "cogs": 27295000,
      "rd": 4555000,
      "sga": 32050000,
      "fcf": 507000,
      "ocf": 1109000,
      "capex": -602000,
      "gross_margin": 0.5439965250513724,
      "op_margin": -0.1326996007150375,
      "fcf_margin": 0.008470187279683246,
      "incr_op_margin_yoy": -1.4426264193525637,
      "rev_growth_yoy": -0.19151493867848074,
      "rev_growth_yoy_accel": 0.014099150575761332,
      "fcf_margin_change": 0.07930419537684924
    },
    {
      "date": "2024-03-31T00:00:00",
      "quarter_label": "2024-03 (Q1)",
      "revenue": 53545000,
      "gross_profit": 29740000,
      "operating_income": -533000,
      "net_income": -3391000,
      "opex": 30273000,
      "cogs": 23805000,
      "rd": 3626000,
      "sga": 24594000,
      "fcf": -12898000,
      "ocf": -12380000,
      "capex": -518000,
      "gross_margin": 0.5554206741992717,
      "op_margin": -0.009954244093752918,
      "fcf_margin": -0.2408815015407601,
      "incr_op_margin_yoy": -0.7281908990011099,
      "rev_growth_yoy": -0.2517990637881646,
      "rev_growth_yoy_accel": -0.06028412510968384,
      "fcf_margin_change": -0.24935168882044334
    },
    {
      "date": "2024-06-30T00:00:00",
      "quarter_label": "2024-06 (Q2)",
      "revenue": 52099000,
      "gross_profit": 28063000,
      "operating_income": -6936000,
      "net_income": -10061000,
      "opex": 34999000,
      "cogs": 24036000,
      "rd": 5436000,
      "sga": 27124000,
      "fcf": 1223000,
      "ocf": 1611000,
      "capex": -388000,
      "gross_margin": 0.5386475748094973,
      "op_margin": -0.13313115414883203,
      "fcf_margin": 0.0234745388587113,
      "incr_op_margin_yoy": -0.18733490397658314,
      "rev_growth_yoy": -0.21188696941276133,
      "rev_growth_yoy_accel": 0.039912094375403245,
      "fcf_margin_change": 0.2643560403994714
    },
    {
      "date": "2024-09-30T00:00:00",
      "quarter_label": "2024-09 (Q3)",
      "revenue": 48280000,
      "gross_profit": 25602000,
      "operating_income": -6746000,
      "net_income": -1336000,
      "opex": 32348000,
      "cogs": 22678000,
      "rd": 4802000,
      "sga": 24726000,
      "fcf": 264000,
      "ocf": 750000,
      "capex": -486000,
      "gross_margin": 0.530281690140845,
      "op_margin": -0.13972659486329744,
      "fcf_margin": 0.005468102734051367,
      "incr_op_margin_yoy": 0.19606533036377136,
      "rev_growth_yoy": -0.21813765182186234,
      "rev_growth_yoy_accel": -0.0062506824091010105,
      "fcf_margin_change": -0.018006436124659932
    },
    {
      "date": "2024-12-31T00:00:00",
      "quarter_label": "2024-12 (Q4)",
      "revenue": 49501000,
      "gross_profit": 25943000,
      "operating_income": -8332000,
      "net_income": -12635000,
      "opex": 34275000,
      "cogs": 23558000,
      "rd": 4592000,
      "sga": 26730000,
      "fcf": -95000,
      "ocf": 270000,
      "capex": -365000,
      "gross_margin": 0.5240904224157088,
      "op_margin": -0.16831983192258743,
      "fcf_margin": -0.001919153148421244,
      "incr_op_margin_yoy": 0.037562765546543066,
      "rev_growth_yoy": -0.1730123460915181,
      "rev_growth_yoy_accel": 0.045125305730344234,
      "op_leverage_ratio": 0.42453560767517284,
      "fcf_margin_change": -0.007387255882472611
    },
    {
      "date": "2025-03-31T00:00:00",
      "quarter_label": "2025-03 (Q1)",
      "revenue": 43547000,
      "gross_profit": 23064000,
      "operating_income": -3508000,
      "net_income": -3547000,
      "opex": 26572000,
      "cogs": 20483000,
      "rd": 1779000,
      "sga": 21986000,
      "fcf": -7413000,
      "ocf": -6872000,
      "capex": -541000,
      "gross_margin": 0.5296346476221094,
      "op_margin": -0.08055663995223551,
      "fcf_margin": -0.17022986658093553,
      "incr_op_margin_yoy": 0.2975595119023805,
      "rev_growth_yoy": -0.1867214492482958,
      "rev_growth_yoy_accel": -0.013709103156777702,
      "fcf_margin_change": -0.16831071343251428
    },
    {
      "date": "2025-06-30T00:00:00",
      "quarter_label": "2025-06 (Q2)",
      "revenue": 44026000,
      "gross_profit": 24395000,
      "operating_income": -3490000,
      "net_income": -3626000,
      "opex": 27885000,
      "cogs": 19631000,
      "rd": 2207000,
      "sga": 22956000,
      "fcf": 556000,
      "ocf": 987000,
      "capex": -431000,
      "gross_margin": 0.5541043928587652,
      "op_margin": -0.07927133966292645,
      "fcf_margin": 0.012628901103893154,
      "incr_op_margin_yoy": -0.426854948594079,
      "rev_growth_yoy": -0.15495498953914663,
      "rev_growth_yoy_accel": 0.03176645970914918,
      "op_leverage_ratio": 0.22260596096581206,
      "fcf_margin_change": 0.18285876768482867
    },
    {
      "date": "2025-09-30T00:00:00",
      "quarter_label": "2025-09 (Q3)",
      "revenue": 43734000,
      "gross_profit": 23322000,
      "operating_income": -2731000,
      "net_income": -2960000,
      "opex": 26053000,
      "cogs": 20412000,
      "rd": 1626000,
      "sga": 21273000,
      "fcf": -1201000,
      "ocf": -1040000,
      "capex": -161000,
      "gross_margin": 0.5332693099190561,
      "op_margin": -0.06244569442538986,
      "fcf_margin": -0.027461471623908173,
      "incr_op_margin_yoy": -0.8831940167179938,
      "rev_growth_yoy": -0.09415907207953604,
      "rev_growth_yoy_accel": 0.06079591745961059,
      "fcf_margin_change": -0.040090372727801325
    }
  ],
  "signals": [
    {
      "quarter": "2025-09 (Q3)",
      "signal": "YoY REVENUE GROWTH ACCELERATION",
      "detail": "YoY growth: -9.4% vs prior quarter YoY: -15.5% (accel: +6.1%)",
      "severity": "MEDIUM"
    },
    {
      "quarter": "2025-06 (Q2)",
      "signal": "FCF TURNED POSITIVE",
      "detail": "FCF margin: -17.0% -> +1.3%",
      "severity": "HIGH"
    },
    {
      "quarter": "2024-06 (Q2)",
      "signal": "FCF TURNED POSITIVE",
      "detail": "FCF margin: -24.1% -> +2.3%",
      "severity": "HIGH"
    },
    {
      "quarter": "2024-03 (Q1)",
      "signal": "YoY REVENUE GROWTH DECELERATION",
      "detail": "YoY growth: -25.2% vs prior quarter YoY: -19.2% (decel: -6.0%)",
      "severity": "WARNING"
    },
    {
      "quarter": "2023-12 (Q4)",
      "signal": "FCF TURNED POSITIVE",
      "detail": "FCF margin: -7.1% -> +0.8%",
      "severity": "HIGH"
    },
    {
      "quarter": "2023-06 (Q2)",
      "signal": "FCF TURNED POSITIVE",
      "detail": "FCF margin: -10.5% -> +0.6%",
      "severity": "HIGH"
    },
    {
      "quarter": "2023-03 (Q1)",
      "signal": "GROSS MARGIN INFLECTION",
      "detail": "GM: +49.1% -> +47.0% -> +52.1% (reversal +5.1%)",
      "severity": "HIGH"
    },
    {
      "quarter": "2023-03 (Q1)",
      "signal": "YoY REVENUE GROWTH DECELERATION",
      "detail": "YoY growth: -20.9% vs prior quarter YoY: -15.2% (decel: -5.7%)",
      "severity": "WARNING"
    },
    {
      "quarter": "2022-12 (Q4)",
      "signal": "FCF MARGIN EXPANSION",
      "detail": "FCF margin: -31.4% -> -9.9% (+21.4%)",
      "severity": "MEDIUM"
    },
    {
      "quarter": "2022-09 (Q3)",
      "signal": "FCF MARGIN EXPANSION",
      "detail": "FCF margin: -47.8% -> -31.4% (+16.4%)",
      "severity": "MEDIUM"
    },
    {
      "quarter": "2022-03 (Q1)",
      "signal": "FCF MARGIN EXPANSION",
      "detail": "FCF margin: -45.6% -> -34.1% (+11.5%)",
      "severity": "MEDIUM"
    },
    {
      "quarter": "2022-03 (Q1)",
      "signal": "GROSS MARGIN INFLECTION",
      "detail": "GM: +50.4% -> +45.0% -> +47.2% (reversal +2.2%)",
      "severity": "MEDIUM"
    }
  ],
  "data_quality": {
    "n_quarters": 18,
    "coverage": {
      "revenue": [
        18,
        18
      ],
      "gross_profit": [
        18,
        18
      ],
      "op_income": [
        18,
        18
      ],
      "fcf": [
        17,
        18
      ]
    },
    "gaps": [],
    "warnings": []
  },
  "market_cap": null,
  "source": "SEC EDGAR",
  "last_updated": "2026-02-02T23:34:22.901578"
}