{
  "ticker": "GRPN",
  "name": "Groupon, Inc.",
  "quarters": [
    {
      "date": "2020-12-31T00:00:00",
      "quarter_label": "2020-12 (Q4)",
      "revenue": 343053000,
      "gross_profit": 178799000,
      "operating_income": 9056000,
      "net_income": 13978000,
      "opex": 169743000,
      "cogs": 164254000,
      "rd": null,
      "sga": 128168000,
      "fcf": 68857000,
      "ocf": 80906000,
      "capex": -12049000,
      "gross_margin": 0.5211993482056708,
      "op_margin": 0.02639825333111793,
      "fcf_margin": 0.20071825636271945
    },
    {
      "date": "2021-03-31T00:00:00",
      "quarter_label": "2021-03 (Q1)",
      "revenue": 263817000,
      "gross_profit": 166983000,
      "operating_income": -1248000,
      "net_income": 14558000,
      "opex": 168231000,
      "cogs": 96834000,
      "rd": null,
      "sga": 127143000,
      "fcf": -58445000,
      "ocf": -46405000,
      "capex": -12040000,
      "gross_margin": 0.632950113146613,
      "op_margin": -0.004730551859811915,
      "fcf_margin": -0.22153614058229756,
      "fcf_margin_change": -0.422254396945017
    },
    {
      "date": "2021-06-30T00:00:00",
      "quarter_label": "2021-06 (Q2)",
      "revenue": 265958000,
      "gross_profit": 193943000,
      "operating_income": -1991000,
      "net_income": -3382000,
      "opex": 195934000,
      "cogs": 72015000,
      "rd": null,
      "sga": 137969000,
      "fcf": -46785000,
      "ocf": -34365000,
      "capex": -12420000,
      "gross_margin": 0.7292241632137405,
      "op_margin": -0.0074861444288195885,
      "fcf_margin": -0.17591123410463305,
      "fcf_margin_change": 0.04562490647766451
    },
    {
      "date": "2021-09-30T00:00:00",
      "quarter_label": "2021-09 (Q3)",
      "revenue": 214171000,
      "gross_profit": 181439000,
      "operating_income": -3697000,
      "net_income": 78107000,
      "opex": 185136000,
      "cogs": 32732000,
      "rd": null,
      "sga": 119494000,
      "fcf": -87581000,
      "ocf": -74176000,
      "capex": -13405000,
      "gross_margin": 0.8471688510582666,
      "op_margin": -0.017261907541170372,
      "fcf_margin": -0.408930247325735,
      "fcf_margin_change": -0.23301901322110197
    },
    {
      "date": "2021-12-31T00:00:00",
      "quarter_label": "2021-12 (Q4)",
      "revenue": 223162000,
      "gross_profit": 194751000,
      "operating_income": 2281000,
      "net_income": 29385000,
      "opex": 192470000,
      "cogs": 28411000,
      "rd": null,
      "sga": 126490000,
      "fcf": 19223000,
      "ocf": 30988000,
      "capex": -11765000,
      "gross_margin": 0.8726888986476192,
      "op_margin": 0.010221274231275935,
      "fcf_margin": 0.0861392172502487,
      "incr_op_margin_yoy": 0.056509662943840654,
      "rev_growth_yoy": -0.34948244148863294,
      "op_leverage_ratio": 1.059735062798955,
      "fcf_margin_change": 0.4950694645759837
    },
    {
      "date": "2022-03-31T00:00:00",
      "quarter_label": "2022-03 (Q1)",
      "revenue": 153320000,
      "gross_profit": 134001000,
      "operating_income": -32147000,
      "net_income": -34852000,
      "opex": 166148000,
      "cogs": 19319000,
      "rd": null,
      "sga": 126420000,
      "fcf": -91165000,
      "ocf": -78164000,
      "capex": -13001000,
      "gross_margin": 0.8739955648317245,
      "op_margin": -0.20967258022436733,
      "fcf_margin": -0.5946060527002348,
      "incr_op_margin_yoy": 0.2796365512185851,
      "rev_growth_yoy": -0.41883957440195285,
      "rev_growth_yoy_accel": -0.06935713291331991,
      "fcf_margin_change": -0.6807452699504835
    },
    {
      "date": "2022-06-30T00:00:00",
      "quarter_label": "2022-06 (Q2)",
      "revenue": 153216000,
      "gross_profit": 133972000,
      "operating_income": -66512000,
      "net_income": -91227000,
      "opex": 200484000,
      "cogs": 19244000,
      "rd": null,
      "sga": 123938000,
      "fcf": -39340000,
      "ocf": -30192000,
      "capex": -9148000,
      "gross_margin": 0.8743995405179615,
      "op_margin": -0.4341060985797828,
      "fcf_margin": -0.2567616959064328,
      "incr_op_margin_yoy": 0.57228894289617,
      "rev_growth_yoy": -0.4239090382692004,
      "rev_growth_yoy_accel": -0.005069463867247548,
      "fcf_margin_change": 0.33784435679380204
    },
    {
      "date": "2022-09-30T00:00:00",
      "quarter_label": "2022-09 (Q3)",
      "revenue": 144390000,
      "gross_profit": 125722000,
      "operating_income": -36330000,
      "net_income": -56223000,
      "opex": 162052000,
      "cogs": 18668000,
      "rd": null,
      "sga": 119243000,
      "fcf": -51840000,
      "ocf": -43494000,
      "capex": -8346000,
      "gross_margin": 0.8707112680933583,
      "op_margin": -0.2516102223145647,
      "fcf_margin": -0.3590276334926241,
      "incr_op_margin_yoy": 0.4676487869190754,
      "rev_growth_yoy": -0.32581908848536917,
      "rev_growth_yoy_accel": 0.09808994978383123,
      "fcf_margin_change": -0.10226593758619135
    },
    {
      "date": "2022-12-31T00:00:00",
      "quarter_label": "2022-12 (Q4)",
      "revenue": 148159000,
      "gross_profit": 129129000,
      "operating_income": -32826000,
      "net_income": -55307000,
      "opex": 161955000,
      "cogs": 19030000,
      "rd": null,
      "sga": 111774000,
      "fcf": 10227000,
      "ocf": 15900000,
      "capex": -5673000,
      "gross_margin": 0.8715569084564556,
      "op_margin": -0.2215592707834151,
      "fcf_margin": 0.06902719375805723,
      "incr_op_margin_yoy": 0.4680746103489194,
      "rev_growth_yoy": -0.3360921662290175,
      "rev_growth_yoy_accel": -0.010273077743648329,
      "op_leverage_ratio": Infinity,
      "fcf_margin_change": 0.42805482725068134
    },
    {
      "date": "2023-03-31T00:00:00",
      "quarter_label": "2023-03 (Q1)",
      "revenue": 121611000,
      "gross_profit": 104711000,
      "operating_income": -30565000,
      "net_income": -29147000,
      "opex": 135276000,
      "cogs": 16900000,
      "rd": null,
      "sga": 101634000,
      "fcf": -85864000,
      "ocf": -76320000,
      "capex": -9544000,
      "gross_margin": 0.8610323079326706,
      "op_margin": -0.25133417207324993,
      "fcf_margin": -0.7060545509863417,
      "incr_op_margin_yoy": -0.04989119808256331,
      "rev_growth_yoy": -0.20681581007044092,
      "rev_growth_yoy_accel": 0.12927635615857658,
      "fcf_margin_change": -0.775081744744399
    },
    {
      "date": "2023-06-30T00:00:00",
      "quarter_label": "2023-06 (Q2)",
      "revenue": 129109000,
      "gross_profit": 112965000,
      "operating_income": -4876000,
      "net_income": -12607000,
      "opex": 117841000,
      "cogs": 16144000,
      "rd": null,
      "sga": 96263000,
      "fcf": -44563000,
      "ocf": -42310000,
      "capex": -2253000,
      "gross_margin": 0.8749583685103285,
      "op_margin": -0.037766538351315555,
      "fcf_margin": -0.34515796729894893,
      "incr_op_margin_yoy": -2.556767743808852,
      "rev_growth_yoy": -0.15733996449456975,
      "rev_growth_yoy_accel": 0.049475845575871175,
      "op_leverage_ratio": Infinity,
      "fcf_margin_change": 0.3608965836873928
    },
    {
      "date": "2023-09-30T00:00:00",
      "quarter_label": "2023-09 (Q3)",
      "revenue": 126474000,
      "gross_profit": 110678000,
      "operating_income": -464000,
      "net_income": -41358000,
      "opex": 111142000,
      "cogs": 15796000,
      "rd": null,
      "sga": 80016000,
      "fcf": -17975000,
      "ocf": -13855000,
      "capex": -4120000,
      "gross_margin": 0.8751047646156522,
      "op_margin": -0.003668738238689375,
      "fcf_margin": -0.14212407293198603,
      "incr_op_margin_yoy": -2.001897745032373,
      "rev_growth_yoy": -0.12408061500103885,
      "rev_growth_yoy_accel": 0.03325934949353089,
      "fcf_margin_change": 0.2030338943669629
    },
    {
      "date": "2023-12-31T00:00:00",
      "quarter_label": "2023-12 (Q4)",
      "revenue": 137716000,
      "gross_profit": 122310000,
      "operating_income": 17653000,
      "net_income": 27702000,
      "opex": 104657000,
      "cogs": 15406000,
      "rd": null,
      "sga": 72492000,
      "fcf": 51132000,
      "ocf": 54500000,
      "capex": -3368000,
      "gross_margin": 0.8881320979406895,
      "op_margin": 0.12818408899474282,
      "fcf_margin": 0.3712858346161666,
      "incr_op_margin_yoy": -4.83376424399119,
      "rev_growth_yoy": -0.07048508696737964,
      "rev_growth_yoy_accel": 0.05359552803365922,
      "op_leverage_ratio": Infinity,
      "fcf_margin_change": 0.5134099075481526
    },
    {
      "date": "2024-03-31T00:00:00",
      "quarter_label": "2024-03 (Q1)",
      "revenue": 123084000,
      "gross_profit": 110557000,
      "operating_income": 7370000,
      "net_income": -12271000,
      "opex": 103187000,
      "cogs": 12527000,
      "rd": null,
      "sga": 74282000,
      "fcf": -13820000,
      "ocf": -10111000,
      "capex": -3709000,
      "gross_margin": 0.8982239771213155,
      "op_margin": 0.059877807026096,
      "fcf_margin": -0.1122810438399792,
      "incr_op_margin_yoy": 25.75356415478615,
      "rev_growth_yoy": 0.012112391148826998,
      "rev_growth_yoy_accel": 0.08259747811620663,
      "fcf_margin_change": -0.48356687845614577
    },
    {
      "date": "2024-06-30T00:00:00",
      "quarter_label": "2024-06 (Q2)",
      "revenue": 124615000,
      "gross_profit": 112667000,
      "operating_income": 4358000,
      "net_income": -10035000,
      "opex": 108309000,
      "cogs": 11948000,
      "rd": null,
      "sga": 77212000,
      "fcf": 10826000,
      "ocf": 15300000,
      "capex": -4474000,
      "gross_margin": 0.90412069173053,
      "op_margin": 0.03497171287565702,
      "fcf_margin": 0.08687557677647154,
      "incr_op_margin_yoy": -2.054739652870494,
      "rev_growth_yoy": -0.03480779806210257,
      "rev_growth_yoy_accel": -0.046920189210929567,
      "op_leverage_ratio": 0.25058726794529107,
      "fcf_margin_change": 0.19915662061645073
    },
    {
      "date": "2024-09-30T00:00:00",
      "quarter_label": "2024-09 (Q3)",
      "revenue": 114479000,
      "gross_profit": 102895000,
      "operating_income": -5586000,
      "net_income": 13928000,
      "opex": 108481000,
      "cogs": 11584000,
      "rd": null,
      "sga": 71327000,
      "fcf": -19666000,
      "ocf": -16258000,
      "capex": -3408000,
      "gross_margin": 0.8988111356668035,
      "op_margin": -0.04879497549768953,
      "fcf_margin": -0.17178696529494492,
      "incr_op_margin_yoy": 0.42701125468945395,
      "rev_growth_yoy": -0.09484162752818762,
      "rev_growth_yoy_accel": -0.06003382946608505,
      "fcf_margin_change": -0.2586625420714165
    },
    {
      "date": "2024-12-31T00:00:00",
      "quarter_label": "2024-12 (Q4)",
      "revenue": 130379000,
      "gross_profit": 118187000,
      "operating_income": 2652000,
      "net_income": -50649000,
      "opex": 115535000,
      "cogs": 12192000,
      "rd": null,
      "sga": 72462000,
      "fcf": 63221000,
      "ocf": 66963000,
      "capex": -3742000,
      "gross_margin": 0.9064880080381043,
      "op_margin": 0.02034069903895566,
      "fcf_margin": 0.48490170963115226,
      "incr_op_margin_yoy": 2.04456862477852,
      "rev_growth_yoy": -0.05327630776380377,
      "rev_growth_yoy_accel": 0.041565319764383844,
      "op_leverage_ratio": 2.1359423259874455,
      "fcf_margin_change": 0.6566886749260972
    },
    {
      "date": "2025-03-31T00:00:00",
      "quarter_label": "2025-03 (Q1)",
      "revenue": 117187000,
      "gross_profit": 106298000,
      "operating_income": 1884000,
      "net_income": 7175000,
      "opex": 104414000,
      "cogs": 10889000,
      "rd": null,
      "sga": 69840000,
      "fcf": -3759000,
      "ocf": -22000,
      "capex": -3737000,
      "gross_margin": 0.9070801368752507,
      "op_margin": 0.016076868594639335,
      "fcf_margin": -0.03207693686159727,
      "incr_op_margin_yoy": 0.9303035441750043,
      "rev_growth_yoy": -0.04791037015371616,
      "rev_growth_yoy_accel": 0.0053659376100876136,
      "fcf_margin_change": -0.5169786464927495
    },
    {
      "date": "2025-06-30T00:00:00",
      "quarter_label": "2025-06 (Q2)",
      "revenue": 125702000,
      "gross_profit": 114426000,
      "operating_income": 13054000,
      "net_income": 20337000,
      "opex": 101372000,
      "cogs": 11276000,
      "rd": null,
      "sga": 70669000,
      "fcf": 25189000,
      "ocf": 28419000,
      "capex": -3230000,
      "gross_margin": 0.9102957789056658,
      "op_margin": 0.10384878522219217,
      "fcf_margin": 0.20038662869325866,
      "incr_op_margin_yoy": 8.0,
      "rev_growth_yoy": 0.008722866428600089,
      "rev_growth_yoy_accel": 0.05663323658231625,
      "op_leverage_ratio": Infinity,
      "fcf_margin_change": 0.23246356555485592
    },
    {
      "date": "2025-09-30T00:00:00",
      "quarter_label": "2025-09 (Q3)",
      "revenue": 122825000,
      "gross_profit": 111836000,
      "operating_income": 2194000,
      "net_income": -118373000,
      "opex": 109642000,
      "cogs": 10989000,
      "rd": null,
      "sga": 68264000,
      "fcf": -24588000,
      "ocf": -20506000,
      "capex": -4082000,
      "gross_margin": 0.9105312436393243,
      "op_margin": 0.017862812945247303,
      "fcf_margin": -0.20018725829432119,
      "incr_op_margin_yoy": 0.932183081715792,
      "rev_growth_yoy": 0.07290420077044699,
      "rev_growth_yoy_accel": 0.06418133434184689,
      "fcf_margin_change": -0.40057388698757984
    }
  ],
  "signals": [
    {
      "quarter": "2025-09 (Q3)",
      "signal": "YoY REVENUE GROWTH ACCELERATION",
      "detail": "YoY growth: +7.3% vs prior quarter YoY: +0.9% (accel: +6.4%)",
      "severity": "MEDIUM"
    },
    {
      "quarter": "2025-09 (Q3)",
      "signal": "OP MARGIN TURNED POSITIVE (YoY)",
      "detail": "Op margin: -4.9% (year-ago) -> +1.8%",
      "severity": "HIGH"
    },
    {
      "quarter": "2025-06 (Q2)",
      "signal": "FCF TURNED POSITIVE",
      "detail": "FCF margin: -3.2% -> +20.0%",
      "severity": "HIGH"
    },
    {
      "quarter": "2025-06 (Q2)",
      "signal": "YoY REVENUE GROWTH ACCELERATION",
      "detail": "YoY growth: +0.9% vs prior quarter YoY: -4.8% (accel: +5.7%)",
      "severity": "MEDIUM"
    },
    {
      "quarter": "2025-06 (Q2)",
      "signal": "INCREMENTAL MARGIN (YoY)",
      "detail": "YoY Incr OPM: +800.0% vs year-ago OPM: +3.5%",
      "severity": "HIGH"
    },
    {
      "quarter": "2025-03 (Q1)",
      "signal": "INCREMENTAL MARGIN (YoY)",
      "detail": "YoY Incr OPM: +93.0% vs year-ago OPM: +6.0%",
      "severity": "HIGH"
    },
    {
      "quarter": "2024-12 (Q4)",
      "signal": "FCF TURNED POSITIVE",
      "detail": "FCF margin: -17.2% -> +48.5%",
      "severity": "HIGH"
    },
    {
      "quarter": "2024-12 (Q4)",
      "signal": "OPERATING LEVERAGE",
      "detail": "Rev growth +13.9% vs OpEx growth +6.5% (leverage: 2.1x)",
      "severity": "MEDIUM"
    },
    {
      "quarter": "2024-12 (Q4)",
      "signal": "INCREMENTAL MARGIN (YoY)",
      "detail": "YoY Incr OPM: +204.5% vs year-ago OPM: +12.8%",
      "severity": "HIGH"
    },
    {
      "quarter": "2024-12 (Q4)",
      "signal": "OP MARGIN TURNED POSITIVE (QoQ)",
      "detail": "Op margin: -4.9% -> +2.0%",
      "severity": "HIGH"
    },
    {
      "quarter": "2024-09 (Q3)",
      "signal": "YoY REVENUE GROWTH DECELERATION",
      "detail": "YoY growth: -9.5% vs prior quarter YoY: -3.5% (decel: -6.0%)",
      "severity": "WARNING"
    },
    {
      "quarter": "2024-06 (Q2)",
      "signal": "FCF TURNED POSITIVE",
      "detail": "FCF margin: -11.2% -> +8.7%",
      "severity": "HIGH"
    },
    {
      "quarter": "2024-06 (Q2)",
      "signal": "OP MARGIN TURNED POSITIVE (YoY)",
      "detail": "Op margin: -3.8% (year-ago) -> +3.5%",
      "severity": "HIGH"
    },
    {
      "quarter": "2024-03 (Q1)",
      "signal": "YoY REVENUE GROWTH ACCELERATION",
      "detail": "YoY growth: +1.2% vs prior quarter YoY: -7.0% (accel: +8.3%)",
      "severity": "MEDIUM"
    },
    {
      "quarter": "2024-03 (Q1)",
      "signal": "OP MARGIN TURNED POSITIVE (YoY)",
      "detail": "Op margin: -25.1% (year-ago) -> +6.0%",
      "severity": "HIGH"
    },
    {
      "quarter": "2023-12 (Q4)",
      "signal": "FCF TURNED POSITIVE",
      "detail": "FCF margin: -14.2% -> +37.1%",
      "severity": "HIGH"
    },
    {
      "quarter": "2023-12 (Q4)",
      "signal": "YoY REVENUE GROWTH ACCELERATION",
      "detail": "YoY growth: -7.0% vs prior quarter YoY: -12.4% (accel: +5.4%)",
      "severity": "MEDIUM"
    },
    {
      "quarter": "2023-12 (Q4)",
      "signal": "OP MARGIN TURNED POSITIVE (YoY)",
      "detail": "Op margin: -22.2% (year-ago) -> +12.8%",
      "severity": "HIGH"
    },
    {
      "quarter": "2023-12 (Q4)",
      "signal": "OP MARGIN TURNED POSITIVE (QoQ)",
      "detail": "Op margin: -0.4% -> +12.8%",
      "severity": "HIGH"
    },
    {
      "quarter": "2023-09 (Q3)",
      "signal": "FCF MARGIN EXPANSION",
      "detail": "FCF margin: -34.5% -> -14.2% (+20.3%)",
      "severity": "MEDIUM"
    },
    {
      "quarter": "2023-06 (Q2)",
      "signal": "FCF MARGIN EXPANSION",
      "detail": "FCF margin: -70.6% -> -34.5% (+36.1%)",
      "severity": "MEDIUM"
    },
    {
      "quarter": "2023-03 (Q1)",
      "signal": "YoY REVENUE GROWTH ACCELERATION",
      "detail": "YoY growth: -20.7% vs prior quarter YoY: -33.6% (accel: +12.9%)",
      "severity": "MEDIUM"
    },
    {
      "quarter": "2022-12 (Q4)",
      "signal": "FCF TURNED POSITIVE",
      "detail": "FCF margin: -35.9% -> +6.9%",
      "severity": "HIGH"
    },
    {
      "quarter": "2022-09 (Q3)",
      "signal": "YoY REVENUE GROWTH ACCELERATION",
      "detail": "YoY growth: -32.6% vs prior quarter YoY: -42.4% (accel: +9.8%)",
      "severity": "MEDIUM"
    },
    {
      "quarter": "2022-06 (Q2)",
      "signal": "FCF MARGIN EXPANSION",
      "detail": "FCF margin: -59.5% -> -25.7% (+33.8%)",
      "severity": "MEDIUM"
    },
    {
      "quarter": "2022-03 (Q1)",
      "signal": "YoY REVENUE GROWTH DECELERATION",
      "detail": "YoY growth: -41.9% vs prior quarter YoY: -34.9% (decel: -6.9%)",
      "severity": "WARNING"
    },
    {
      "quarter": "2021-12 (Q4)",
      "signal": "FCF TURNED POSITIVE",
      "detail": "FCF margin: -40.9% -> +8.6%",
      "severity": "HIGH"
    },
    {
      "quarter": "2021-12 (Q4)",
      "signal": "OP MARGIN TURNED POSITIVE (QoQ)",
      "detail": "Op margin: -1.7% -> +1.0%",
      "severity": "HIGH"
    }
  ],
  "data_quality": {
    "n_quarters": 20,
    "coverage": {
      "revenue": [
        20,
        20
      ],
      "gross_profit": [
        20,
        20
      ],
      "op_income": [
        20,
        20
      ],
      "fcf": [
        20,
        20
      ]
    },
    "gaps": [],
    "warnings": []
  },
  "market_cap": null,
  "source": "SEC EDGAR",
  "last_updated": "2026-02-02T22:16:02.463851",
  "sector": "Communication Services",
  "industry": "Internet Content & Information"
}