{
  "ticker": "GRWG",
  "name": "GROWGENERATION CORP.",
  "quarters": [
    {
      "date": "2020-12-31T00:00:00",
      "quarter_label": "2020-12 (Q4)",
      "revenue": 61924659,
      "gross_profit": 15945948,
      "operating_income": 2642446,
      "net_income": 1510620,
      "opex": 13303502,
      "cogs": 45978711,
      "rd": null,
      "sga": 5938000,
      "fcf": -3911000,
      "ocf": -3911000,
      "capex": null,
      "gross_margin": 0.2575056246979091,
      "op_margin": 0.04267195076520325,
      "fcf_margin": -0.06315739259864152
    },
    {
      "date": "2021-03-31T00:00:00",
      "quarter_label": "2021-03 (Q1)",
      "revenue": 90022000,
      "gross_profit": 25377000,
      "operating_income": 7736000,
      "net_income": 6147000,
      "opex": 17641000,
      "cogs": 64645000,
      "rd": null,
      "sga": 7405000,
      "fcf": 742000,
      "ocf": 742000,
      "capex": null,
      "gross_margin": 0.2818977583257426,
      "op_margin": 0.08593454933238542,
      "fcf_margin": 0.00824242962831308,
      "op_leverage_ratio": 1.391644444509265,
      "fcf_margin_change": 0.0713998222269546
    },
    {
      "date": "2021-06-30T00:00:00",
      "quarter_label": "2021-06 (Q2)",
      "revenue": 125885000,
      "gross_profit": 35713000,
      "operating_income": 9609000,
      "net_income": 6713000,
      "opex": 26104000,
      "cogs": 90172000,
      "rd": null,
      "sga": 10563000,
      "fcf": 1532000,
      "ocf": 1532000,
      "capex": null,
      "gross_margin": 0.2836954363109187,
      "op_margin": 0.0763315724669341,
      "fcf_margin": 0.012169837550144974,
      "op_leverage_ratio": 0.8304181217214662,
      "fcf_margin_change": 0.003927407921831895
    },
    {
      "date": "2021-09-30T00:00:00",
      "quarter_label": "2021-09 (Q3)",
      "revenue": 116003000,
      "gross_profit": 34063000,
      "operating_income": 4675000,
      "net_income": 4027000,
      "opex": 29388000,
      "cogs": 81940000,
      "rd": null,
      "sga": 11007000,
      "fcf": -408000,
      "ocf": -408000,
      "capex": null,
      "gross_margin": 0.29363895761316516,
      "op_margin": 0.04030068187891692,
      "fcf_margin": -0.003517150418523659,
      "fcf_margin_change": -0.015686987968668634
    },
    {
      "date": "2021-12-31T00:00:00",
      "quarter_label": "2021-12 (Q4)",
      "revenue": 90579000,
      "gross_profit": 23088000,
      "operating_income": -7018000,
      "net_income": -4101000,
      "opex": 30106000,
      "cogs": 67491000,
      "rd": null,
      "sga": 11922000,
      "fcf": 3293000,
      "ocf": 3293000,
      "capex": null,
      "gross_margin": 0.254893518365184,
      "op_margin": -0.07747932743792711,
      "fcf_margin": 0.036355005023239385,
      "incr_op_margin_yoy": -0.33713725958660157,
      "rev_growth_yoy": 0.46272908826191517,
      "fcf_margin_change": 0.03987215544176304
    },
    {
      "date": "2022-03-31T00:00:00",
      "quarter_label": "2022-03 (Q1)",
      "revenue": 81767000,
      "gross_profit": 22140000,
      "operating_income": -7221000,
      "net_income": -5177000,
      "opex": 29361000,
      "cogs": 59627000,
      "rd": null,
      "sga": 10323000,
      "fcf": -2222000,
      "ocf": -2222000,
      "capex": null,
      "gross_margin": 0.27076938129074074,
      "op_margin": -0.08831191067300989,
      "fcf_margin": -0.02717477711057028,
      "incr_op_margin_yoy": 1.8118715929739553,
      "rev_growth_yoy": -0.09169980671391438,
      "rev_growth_yoy_accel": -0.5544288949758296,
      "fcf_margin_change": -0.06352978213380966
    },
    {
      "date": "2022-06-30T00:00:00",
      "quarter_label": "2022-06 (Q2)",
      "revenue": 71093000,
      "gross_profit": 20227000,
      "operating_income": -136801000,
      "net_income": -136379000,
      "opex": 157028000,
      "cogs": 50866000,
      "rd": null,
      "sga": 10647000,
      "fcf": 3772000,
      "ocf": 3772000,
      "capex": null,
      "gross_margin": 0.2845146498248773,
      "op_margin": -1.9242541459778038,
      "fcf_margin": 0.053057263021675835,
      "incr_op_margin_yoy": 2.672105416849175,
      "rev_growth_yoy": -0.43525439885609885,
      "rev_growth_yoy_accel": -0.3435545921421845,
      "fcf_margin_change": 0.08023204013224611
    },
    {
      "date": "2022-09-30T00:00:00",
      "quarter_label": "2022-09 (Q3)",
      "revenue": 70850000,
      "gross_profit": 18334000,
      "operating_income": -8094000,
      "net_income": -7202000,
      "opex": 26428000,
      "cogs": 52516000,
      "rd": null,
      "sga": 8796000,
      "fcf": 8320000,
      "ocf": 8320000,
      "capex": null,
      "gross_margin": 0.25877205363443895,
      "op_margin": -0.11424135497529993,
      "fcf_margin": 0.11743119266055047,
      "incr_op_margin_yoy": 0.28279405576595135,
      "rev_growth_yoy": -0.38923993344999697,
      "rev_growth_yoy_accel": 0.04601446540610188,
      "fcf_margin_change": 0.06437392963887463
    },
    {
      "date": "2022-12-31T00:00:00",
      "quarter_label": "2022-12 (Q4)",
      "revenue": 54456000,
      "gross_profit": 9562000,
      "operating_income": -15759000,
      "net_income": -14989000,
      "opex": 25321000,
      "cogs": 44894000,
      "rd": null,
      "sga": 8594000,
      "fcf": 2078000,
      "ocf": 2078000,
      "capex": null,
      "gross_margin": 0.17559130307036874,
      "op_margin": -0.2893895989422653,
      "fcf_margin": 0.038159247833112975,
      "incr_op_margin_yoy": 0.24197879467375358,
      "rev_growth_yoy": -0.3988010466002053,
      "rev_growth_yoy_accel": -0.009561113150208356,
      "fcf_margin_change": -0.07927194482743749
    },
    {
      "date": "2023-03-31T00:00:00",
      "quarter_label": "2023-03 (Q1)",
      "revenue": 56827000,
      "gross_profit": 16289000,
      "operating_income": -7764000,
      "net_income": -6134000,
      "opex": 24053000,
      "cogs": 40538000,
      "rd": null,
      "sga": 6838000,
      "fcf": 3457000,
      "ocf": 3457000,
      "capex": null,
      "gross_margin": 0.2866419131750752,
      "op_margin": -0.13662519576961654,
      "fcf_margin": 0.06083375860066518,
      "incr_op_margin_yoy": 0.02177225340817963,
      "rev_growth_yoy": -0.30501302481441167,
      "rev_growth_yoy_accel": 0.09378802178579365,
      "op_leverage_ratio": Infinity,
      "fcf_margin_change": 0.022674510767552204
    },
    {
      "date": "2023-06-30T00:00:00",
      "quarter_label": "2023-06 (Q2)",
      "revenue": 63925000,
      "gross_profit": 17137000,
      "operating_income": -6566000,
      "net_income": -5699000,
      "opex": 23703000,
      "cogs": 46788000,
      "rd": null,
      "sga": 7503000,
      "fcf": 3922000,
      "ocf": 3922000,
      "capex": null,
      "gross_margin": 0.26807978099335156,
      "op_margin": -0.10271411810715682,
      "fcf_margin": 0.06135314822057098,
      "incr_op_margin_yoy": -18.1689453125,
      "rev_growth_yoy": -0.10082567904013054,
      "rev_growth_yoy_accel": 0.20418734577428113,
      "op_leverage_ratio": Infinity,
      "fcf_margin_change": 0.0005193896199058023
    },
    {
      "date": "2023-09-30T00:00:00",
      "quarter_label": "2023-09 (Q3)",
      "revenue": 55678000,
      "gross_profit": 16188000,
      "operating_income": -8302000,
      "net_income": -7349000,
      "opex": 24490000,
      "cogs": 39490000,
      "rd": null,
      "sga": 7582000,
      "fcf": -4602000,
      "ocf": -4602000,
      "capex": null,
      "gross_margin": 0.2907432019828298,
      "op_margin": -0.1491073673623334,
      "fcf_margin": -0.08265383095657172,
      "incr_op_margin_yoy": 0.013709464803585552,
      "rev_growth_yoy": -0.2141425546930134,
      "rev_growth_yoy_accel": -0.11331687565288287,
      "fcf_margin_change": -0.1440069791771427
    },
    {
      "date": "2023-12-31T00:00:00",
      "quarter_label": "2023-12 (Q4)",
      "revenue": 49452000,
      "gross_profit": 11644000,
      "operating_income": -27212000,
      "net_income": -27314000,
      "opex": 38856000,
      "cogs": 37808000,
      "rd": null,
      "sga": 7876000,
      "fcf": -1356000,
      "ocf": -1356000,
      "capex": null,
      "gross_margin": 0.23546064870986005,
      "op_margin": -0.5502709698293294,
      "fcf_margin": -0.027420528997816065,
      "incr_op_margin_yoy": 2.28876898481215,
      "rev_growth_yoy": -0.09189070074922874,
      "rev_growth_yoy_accel": 0.12225185394378467,
      "fcf_margin_change": 0.05523330195875566
    },
    {
      "date": "2024-03-31T00:00:00",
      "quarter_label": "2024-03 (Q1)",
      "revenue": 47888000,
      "gross_profit": 12364000,
      "operating_income": -9432000,
      "net_income": -8837000,
      "opex": 21796000,
      "cogs": 35524000,
      "rd": null,
      "sga": 7908000,
      "fcf": -3646000,
      "ocf": -3646000,
      "capex": null,
      "gross_margin": 0.25818576678917476,
      "op_margin": -0.1969595723354494,
      "fcf_margin": -0.07613598396257935,
      "incr_op_margin_yoy": 0.1865980534735429,
      "rev_growth_yoy": -0.15730198673165924,
      "rev_growth_yoy_accel": -0.0654112859824305,
      "fcf_margin_change": -0.04871545496476329
    },
    {
      "date": "2024-06-30T00:00:00",
      "quarter_label": "2024-06 (Q2)",
      "revenue": 53536000,
      "gross_profit": 14421000,
      "operating_income": -6514000,
      "net_income": -5896000,
      "opex": 20935000,
      "cogs": 39115000,
      "rd": null,
      "sga": 7104000,
      "fcf": -398000,
      "ocf": -398000,
      "capex": null,
      "gross_margin": 0.2693701434548715,
      "op_margin": -0.12167513448894202,
      "fcf_margin": -0.007434249850567842,
      "incr_op_margin_yoy": -0.005005294061026086,
      "rev_growth_yoy": -0.1625185764567853,
      "rev_growth_yoy_accel": -0.005216589725126064,
      "op_leverage_ratio": Infinity,
      "fcf_margin_change": 0.06870173411201151
    },
    {
      "date": "2024-09-30T00:00:00",
      "quarter_label": "2024-09 (Q3)",
      "revenue": 50006000,
      "gross_profit": 10810000,
      "operating_income": -12091000,
      "net_income": -11435000,
      "opex": 22901000,
      "cogs": 39196000,
      "rd": null,
      "sga": 7405000,
      "fcf": 1171000,
      "ocf": 1171000,
      "capex": null,
      "gross_margin": 0.21617405911290646,
      "op_margin": -0.24179098508179017,
      "fcf_margin": 0.023417189937207535,
      "incr_op_margin_yoy": 0.6680183356840621,
      "rev_growth_yoy": -0.1018714752685082,
      "rev_growth_yoy_accel": 0.0606471011882771,
      "fcf_margin_change": 0.030851439787775378
    },
    {
      "date": "2024-12-31T00:00:00",
      "quarter_label": "2024-12 (Q4)",
      "revenue": 37436000,
      "gross_profit": 6127000,
      "operating_income": -23935000,
      "net_income": -23342000,
      "opex": 30062000,
      "cogs": 31309000,
      "rd": null,
      "sga": 6826000,
      "fcf": 1074000,
      "ocf": 1074000,
      "capex": null,
      "gross_margin": 0.1636659899561919,
      "op_margin": -0.639357837375788,
      "fcf_margin": 0.02868896249599316,
      "incr_op_margin_yoy": -0.272719707057257,
      "rev_growth_yoy": -0.2429830947181105,
      "rev_growth_yoy_accel": -0.1411116194496023,
      "fcf_margin_change": 0.005271772558785626
    },
    {
      "date": "2025-03-31T00:00:00",
      "quarter_label": "2025-03 (Q1)",
      "revenue": 35703000,
      "gross_profit": 9707000,
      "operating_income": -9874000,
      "net_income": -9377000,
      "opex": 19581000,
      "cogs": 25996000,
      "rd": null,
      "sga": 7112000,
      "fcf": -3829000,
      "ocf": -3829000,
      "capex": null,
      "gross_margin": 0.27188191468504047,
      "op_margin": -0.2765593927681147,
      "fcf_margin": -0.10724588970114556,
      "incr_op_margin_yoy": 0.03627410750923266,
      "rev_growth_yoy": -0.2544478783828934,
      "rev_growth_yoy_accel": -0.011464783664782902,
      "fcf_margin_change": -0.13593485219713872
    },
    {
      "date": "2025-06-30T00:00:00",
      "quarter_label": "2025-06 (Q2)",
      "revenue": 40963000,
      "gross_profit": 11594000,
      "operating_income": -5274000,
      "net_income": -4811000,
      "opex": 16868000,
      "cogs": 29369000,
      "rd": null,
      "sga": 6151000,
      "fcf": -2921000,
      "ocf": -2921000,
      "capex": null,
      "gross_margin": 0.28303591045577714,
      "op_margin": -0.12875033566877425,
      "fcf_margin": -0.07130825379000562,
      "incr_op_margin_yoy": -0.09862403563190965,
      "rev_growth_yoy": -0.23485131500298864,
      "rev_growth_yoy_accel": 0.019596563379904758,
      "op_leverage_ratio": Infinity,
      "fcf_margin_change": 0.03593763591113994
    },
    {
      "date": "2025-09-30T00:00:00",
      "quarter_label": "2025-09 (Q3)",
      "revenue": 47254000,
      "gross_profit": 12856000,
      "operating_income": -2842000,
      "net_income": -2437000,
      "opex": 15698000,
      "cogs": 34398000,
      "rd": null,
      "sga": 5706000,
      "fcf": -499000,
      "ocf": -499000,
      "capex": null,
      "gross_margin": 0.2720616244127481,
      "op_margin": -0.06014305667245101,
      "fcf_margin": -0.010559952596605578,
      "incr_op_margin_yoy": -3.360828488372093,
      "rev_growth_yoy": -0.0550333959924809,
      "rev_growth_yoy_accel": 0.17981791901050775,
      "op_leverage_ratio": Infinity,
      "fcf_margin_change": 0.06074830119340004
    }
  ],
  "signals": [
    {
      "quarter": "2025-09 (Q3)",
      "signal": "FCF MARGIN EXPANSION",
      "detail": "FCF margin: -7.1% -> -1.1% (+6.1%)",
      "severity": "MEDIUM"
    },
    {
      "quarter": "2025-09 (Q3)",
      "signal": "YoY REVENUE GROWTH ACCELERATION",
      "detail": "YoY growth: -5.5% vs prior quarter YoY: -23.5% (accel: +18.0%)",
      "severity": "HIGH"
    },
    {
      "quarter": "2025-03 (Q1)",
      "signal": "GROSS MARGIN INFLECTION",
      "detail": "GM: +21.6% -> +16.4% -> +27.2% (reversal +10.8%)",
      "severity": "HIGH"
    },
    {
      "quarter": "2024-12 (Q4)",
      "signal": "YoY REVENUE GROWTH DECELERATION",
      "detail": "YoY growth: -24.3% vs prior quarter YoY: -10.2% (decel: -14.1%)",
      "severity": "WARNING"
    },
    {
      "quarter": "2024-09 (Q3)",
      "signal": "FCF TURNED POSITIVE",
      "detail": "FCF margin: -0.7% -> +2.3%",
      "severity": "HIGH"
    },
    {
      "quarter": "2024-09 (Q3)",
      "signal": "YoY REVENUE GROWTH ACCELERATION",
      "detail": "YoY growth: -10.2% vs prior quarter YoY: -16.3% (accel: +6.1%)",
      "severity": "MEDIUM"
    },
    {
      "quarter": "2024-06 (Q2)",
      "signal": "FCF MARGIN EXPANSION",
      "detail": "FCF margin: -7.6% -> -0.7% (+6.9%)",
      "severity": "MEDIUM"
    },
    {
      "quarter": "2024-03 (Q1)",
      "signal": "GROSS MARGIN INFLECTION",
      "detail": "GM: +29.1% -> +23.5% -> +25.8% (reversal +2.3%)",
      "severity": "MEDIUM"
    },
    {
      "quarter": "2024-03 (Q1)",
      "signal": "YoY REVENUE GROWTH DECELERATION",
      "detail": "YoY growth: -15.7% vs prior quarter YoY: -9.2% (decel: -6.5%)",
      "severity": "WARNING"
    },
    {
      "quarter": "2023-12 (Q4)",
      "signal": "FCF MARGIN EXPANSION",
      "detail": "FCF margin: -8.3% -> -2.7% (+5.5%)",
      "severity": "MEDIUM"
    },
    {
      "quarter": "2023-12 (Q4)",
      "signal": "YoY REVENUE GROWTH ACCELERATION",
      "detail": "YoY growth: -9.2% vs prior quarter YoY: -21.4% (accel: +12.2%)",
      "severity": "MEDIUM"
    },
    {
      "quarter": "2023-09 (Q3)",
      "signal": "GROSS MARGIN INFLECTION",
      "detail": "GM: +28.7% -> +26.8% -> +29.1% (reversal +2.3%)",
      "severity": "MEDIUM"
    },
    {
      "quarter": "2023-09 (Q3)",
      "signal": "YoY REVENUE GROWTH DECELERATION",
      "detail": "YoY growth: -21.4% vs prior quarter YoY: -10.1% (decel: -11.3%)",
      "severity": "WARNING"
    },
    {
      "quarter": "2023-06 (Q2)",
      "signal": "YoY REVENUE GROWTH ACCELERATION",
      "detail": "YoY growth: -10.1% vs prior quarter YoY: -30.5% (accel: +20.4%)",
      "severity": "HIGH"
    },
    {
      "quarter": "2023-03 (Q1)",
      "signal": "GROSS MARGIN INFLECTION",
      "detail": "GM: +25.9% -> +17.6% -> +28.7% (reversal +11.1%)",
      "severity": "HIGH"
    },
    {
      "quarter": "2023-03 (Q1)",
      "signal": "YoY REVENUE GROWTH ACCELERATION",
      "detail": "YoY growth: -30.5% vs prior quarter YoY: -39.9% (accel: +9.4%)",
      "severity": "MEDIUM"
    },
    {
      "quarter": "2022-09 (Q3)",
      "signal": "FCF MARGIN EXPANSION",
      "detail": "FCF margin: +5.3% -> +11.7% (+6.4%)",
      "severity": "MEDIUM"
    },
    {
      "quarter": "2022-06 (Q2)",
      "signal": "FCF TURNED POSITIVE",
      "detail": "FCF margin: -2.7% -> +5.3%",
      "severity": "HIGH"
    },
    {
      "quarter": "2022-06 (Q2)",
      "signal": "YoY REVENUE GROWTH DECELERATION",
      "detail": "YoY growth: -43.5% vs prior quarter YoY: -9.2% (decel: -34.4%)",
      "severity": "WARNING"
    },
    {
      "quarter": "2022-03 (Q1)",
      "signal": "YoY REVENUE GROWTH DECELERATION",
      "detail": "YoY growth: -9.2% vs prior quarter YoY: +46.3% (decel: -55.4%)",
      "severity": "WARNING"
    },
    {
      "quarter": "2021-12 (Q4)",
      "signal": "FCF TURNED POSITIVE",
      "detail": "FCF margin: -0.4% -> +3.6%",
      "severity": "HIGH"
    },
    {
      "quarter": "2021-03 (Q1)",
      "signal": "FCF TURNED POSITIVE",
      "detail": "FCF margin: -6.3% -> +0.8%",
      "severity": "HIGH"
    }
  ],
  "data_quality": {
    "n_quarters": 20,
    "coverage": {
      "revenue": [
        20,
        20
      ],
      "gross_profit": [
        20,
        20
      ],
      "op_income": [
        20,
        20
      ],
      "fcf": [
        20,
        20
      ]
    },
    "gaps": [],
    "warnings": []
  },
  "market_cap": null,
  "source": "SEC EDGAR",
  "last_updated": "2026-02-02T23:26:33.684605"
}