{
  "ticker": "GSIT",
  "name": "GSI TECHNOLOGY INC",
  "sector": "Technology",
  "industry": "Semiconductors",
  "quarters": [
    {
      "date": "2021-03-31T00:00:00",
      "quarter_label": "2021-03 (Q1)",
      "revenue": 7686000,
      "gross_profit": 3858000,
      "operating_income": -5265000,
      "net_income": -4982000,
      "opex": 9123000,
      "cogs": 3828000,
      "rd": 6124000,
      "sga": 2999000,
      "fcf": -3946000,
      "ocf": -3865000,
      "capex": -81000,
      "gross_margin": 0.501951600312256,
      "op_margin": -0.6850117096018735,
      "fcf_margin": -0.5134009888108249
    },
    {
      "date": "2021-06-30T00:00:00",
      "quarter_label": "2021-06 (Q2)",
      "revenue": 8791000,
      "gross_profit": 4782000,
      "operating_income": -4361000,
      "net_income": -4209000,
      "opex": 9143000,
      "cogs": 4009000,
      "rd": 6103000,
      "sga": 3040000,
      "fcf": -4660000,
      "ocf": -4621000,
      "capex": -39000,
      "gross_margin": 0.5439654191787054,
      "op_margin": -0.4960755317938801,
      "fcf_margin": -0.5300875895802525,
      "op_leverage_ratio": 65.57972287275567,
      "fcf_margin_change": -0.01668660076942763
    },
    {
      "date": "2021-09-30T00:00:00",
      "quarter_label": "2021-09 (Q3)",
      "revenue": 7797000,
      "gross_profit": 4177000,
      "operating_income": -4517000,
      "net_income": -4567000,
      "opex": 8694000,
      "cogs": 3620000,
      "rd": 5907000,
      "sga": 2787000,
      "fcf": -3111000,
      "ocf": -2757000,
      "capex": -354000,
      "gross_margin": 0.5357188662306015,
      "op_margin": -0.5793253815570091,
      "fcf_margin": -0.39899961523662947,
      "fcf_margin_change": 0.13108797434362301
    },
    {
      "date": "2021-12-31T00:00:00",
      "quarter_label": "2021-12 (Q4)",
      "revenue": 8065000,
      "gross_profit": 4462000,
      "operating_income": -4532000,
      "net_income": -4581000,
      "opex": 8994000,
      "cogs": 3603000,
      "rd": 6152000,
      "sga": 2842000,
      "fcf": -2712000,
      "ocf": -2564000,
      "capex": -148000,
      "gross_margin": 0.5532548047117173,
      "op_margin": -0.5619342839429634,
      "fcf_margin": -0.33626782393056415,
      "op_leverage_ratio": 0.9961061946902655,
      "fcf_margin_change": 0.06273179130606532
    },
    {
      "date": "2022-03-31T00:00:00",
      "quarter_label": "2022-03 (Q1)",
      "revenue": 8731000,
      "gross_profit": 5116000,
      "operating_income": -2943000,
      "net_income": -3011000,
      "opex": 8059000,
      "cogs": 3615000,
      "rd": 6510000,
      "sga": 1549000,
      "fcf": -4117000,
      "ocf": -3884000,
      "capex": -233000,
      "gross_margin": 0.5859580804031611,
      "op_margin": -0.3370747909746879,
      "fcf_margin": -0.4715381972282671,
      "incr_op_margin_yoy": 2.2220095693779904,
      "rev_growth_yoy": 0.13596148842050482,
      "op_leverage_ratio": null,
      "fcf_margin_change": -0.13527037329770297
    },
    {
      "date": "2022-06-30T00:00:00",
      "quarter_label": "2022-06 (Q2)",
      "revenue": 8909000,
      "gross_profit": 5365000,
      "operating_income": -3942000,
      "net_income": -3976000,
      "opex": 9307000,
      "cogs": 3544000,
      "rd": 6619000,
      "sga": 2688000,
      "fcf": -5117000,
      "ocf": -5011000,
      "capex": -106000,
      "gross_margin": 0.6022000224492087,
      "op_margin": -0.4424739027949265,
      "fcf_margin": -0.5743630037041194,
      "rev_growth_yoy": 0.013422818791946308,
      "rev_growth_yoy_accel": -0.12253866962855851,
      "op_leverage_ratio": 0.13165052171895603,
      "fcf_margin_change": -0.10282480647585229
    },
    {
      "date": "2022-09-30T00:00:00",
      "quarter_label": "2022-09 (Q3)",
      "revenue": 8953000,
      "gross_profit": 5602000,
      "operating_income": -3205000,
      "net_income": -3228000,
      "opex": 8807000,
      "cogs": 3351000,
      "rd": 6395000,
      "sga": 2412000,
      "fcf": -3480000,
      "ocf": -3362000,
      "capex": -118000,
      "gross_margin": 0.6257120518262035,
      "op_margin": -0.3579805651736848,
      "fcf_margin": -0.3886965263040322,
      "incr_op_margin_yoy": 1.1349480968858132,
      "rev_growth_yoy": 0.14826215210978583,
      "rev_growth_yoy_accel": 0.1348393333178395,
      "fcf_margin_change": 0.18566647740008724
    },
    {
      "date": "2022-12-31T00:00:00",
      "quarter_label": "2022-12 (Q4)",
      "revenue": 6447000,
      "gross_profit": 3706000,
      "operating_income": -4789000,
      "net_income": -4812000,
      "opex": 8495000,
      "cogs": 2741000,
      "rd": 5529000,
      "sga": 2966000,
      "fcf": -3906000,
      "ocf": -3872000,
      "capex": -34000,
      "gross_margin": 0.5748410113230961,
      "op_margin": -0.7428261206762835,
      "fcf_margin": -0.6058631921824105,
      "incr_op_margin_yoy": 0.1588380716934487,
      "rev_growth_yoy": -0.20061996280223188,
      "rev_growth_yoy_accel": -0.3488821149120177,
      "fcf_margin_change": -0.2171666658783783
    },
    {
      "date": "2023-03-31T00:00:00",
      "quarter_label": "2023-03 (Q1)",
      "revenue": 5382000,
      "gross_profit": 3008000,
      "operating_income": -3871000,
      "net_income": -3961000,
      "opex": 6879000,
      "cogs": 2374000,
      "rd": 5007000,
      "sga": 1872000,
      "fcf": -4658000,
      "ocf": -4600000,
      "capex": -58000,
      "gross_margin": 0.5589000371609067,
      "op_margin": -0.7192493496841323,
      "fcf_margin": -0.8654775176514307,
      "incr_op_margin_yoy": 0.2770976410868916,
      "rev_growth_yoy": -0.3835757645172374,
      "rev_growth_yoy_accel": -0.18295580171500553,
      "fcf_margin_change": -0.2596143254690202
    },
    {
      "date": "2023-06-30T00:00:00",
      "quarter_label": "2023-06 (Q2)",
      "revenue": 5587000,
      "gross_profit": 3069000,
      "operating_income": -5139000,
      "net_income": -5110000,
      "opex": 8208000,
      "cogs": 2518000,
      "rd": 5204000,
      "sga": 3004000,
      "fcf": -4338000,
      "ocf": -3731000,
      "capex": -607000,
      "gross_margin": 0.5493109003042778,
      "op_margin": -0.9198138535886881,
      "fcf_margin": -0.776445319491677,
      "incr_op_margin_yoy": 0.36032510535821793,
      "rev_growth_yoy": -0.3728813559322034,
      "rev_growth_yoy_accel": 0.01069440858503401,
      "op_leverage_ratio": 0.1971562259618006,
      "fcf_margin_change": 0.0890321981597536
    },
    {
      "date": "2023-09-30T00:00:00",
      "quarter_label": "2023-09 (Q3)",
      "revenue": 5708000,
      "gross_profit": 3121000,
      "operating_income": -4093000,
      "net_income": -4055000,
      "opex": 7214000,
      "cogs": 2587000,
      "rd": 4691000,
      "sga": 2523000,
      "fcf": -2581000,
      "ocf": -2564000,
      "capex": -17000,
      "gross_margin": 0.5467764540995095,
      "op_margin": -0.7170637701471618,
      "fcf_margin": -0.45217238962859146,
      "incr_op_margin_yoy": 0.2736517719568567,
      "rev_growth_yoy": -0.36244834133809894,
      "rev_growth_yoy_accel": 0.01043301459410445,
      "op_leverage_ratio": null,
      "fcf_margin_change": 0.3242729298630856
    },
    {
      "date": "2023-12-31T00:00:00",
      "quarter_label": "2023-12 (Q4)",
      "revenue": 5318000,
      "gross_profit": 2975000,
      "operating_income": -6685000,
      "net_income": -6601000,
      "opex": 9660000,
      "cogs": 2343000,
      "rd": 6976000,
      "sga": 2684000,
      "fcf": -3916000,
      "ocf": -3906000,
      "capex": -10000,
      "gross_margin": 0.5594208349003384,
      "op_margin": -1.2570515231289958,
      "fcf_margin": -0.7363670552839413,
      "incr_op_margin_yoy": 1.679362267493357,
      "rev_growth_yoy": -0.17512021095082983,
      "rev_growth_yoy_accel": 0.18732813038726912,
      "fcf_margin_change": -0.28419466565534984
    },
    {
      "date": "2024-03-31T00:00:00",
      "quarter_label": "2024-03 (Q1)",
      "revenue": 5152000,
      "gross_profit": 2658000,
      "operating_income": -4514000,
      "net_income": -4321000,
      "opex": 7172000,
      "cogs": 2494000,
      "rd": 4818000,
      "sga": 2354000,
      "fcf": -7160000,
      "ocf": -7149000,
      "capex": -11000,
      "gross_margin": 0.515916149068323,
      "op_margin": -0.8761645962732919,
      "fcf_margin": -1.389751552795031,
      "rev_growth_yoy": -0.042735042735042736,
      "rev_growth_yoy_accel": 0.1323851682157871,
      "fcf_margin_change": -0.6533844975110897
    },
    {
      "date": "2024-06-30T00:00:00",
      "quarter_label": "2024-06 (Q2)",
      "revenue": 4671000,
      "gross_profit": 2161000,
      "operating_income": 1080000,
      "net_income": 1078000,
      "opex": 1081000,
      "cogs": 2510000,
      "rd": 4214000,
      "sga": 2604000,
      "fcf": -4296000,
      "ocf": -4264000,
      "capex": -32000,
      "gross_margin": 0.46264183258402913,
      "op_margin": 0.23121387283236994,
      "fcf_margin": -0.9197174052665382,
      "rev_growth_yoy": -0.16395203150170037,
      "rev_growth_yoy_accel": -0.12121698876665764,
      "fcf_margin_change": 0.4700341475284928
    },
    {
      "date": "2024-09-30T00:00:00",
      "quarter_label": "2024-09 (Q3)",
      "revenue": 4550000,
      "gross_profit": 1757000,
      "operating_income": -5584000,
      "net_income": -5458000,
      "opex": 7341000,
      "cogs": 2793000,
      "rd": 4788000,
      "sga": 2553000,
      "fcf": -3486000,
      "ocf": -3480000,
      "capex": -6000,
      "gross_margin": 0.3861538461538462,
      "op_margin": -1.2272527472527472,
      "fcf_margin": -0.7661538461538462,
      "incr_op_margin_yoy": 1.2875647668393781,
      "rev_growth_yoy": -0.20287316047652418,
      "rev_growth_yoy_accel": -0.038921128974823804,
      "fcf_margin_change": 0.15356355911269204
    },
    {
      "date": "2024-12-31T00:00:00",
      "quarter_label": "2024-12 (Q4)",
      "revenue": 5414000,
      "gross_profit": 2923000,
      "operating_income": -4055000,
      "net_income": -4029000,
      "opex": 6978000,
      "cogs": 2491000,
      "rd": 4037000,
      "sga": 2997000,
      "fcf": -3576000,
      "ocf": -3573000,
      "capex": -3000,
      "gross_margin": 0.5398965644625047,
      "op_margin": -0.7489841152567418,
      "fcf_margin": -0.6605097894347987,
      "rev_growth_yoy": 0.01805189921022941,
      "rev_growth_yoy_accel": 0.22092505968675358,
      "op_leverage_ratio": null,
      "fcf_margin_change": 0.10564405671904753
    },
    {
      "date": "2025-03-31T00:00:00",
      "quarter_label": "2025-03 (Q1)",
      "revenue": 5883000,
      "gross_profit": 3299000,
      "operating_income": -2276000,
      "net_income": -2230000,
      "opex": 5575000,
      "cogs": 2584000,
      "rd": 2966000,
      "sga": 2609000,
      "fcf": -1662000,
      "ocf": -1658000,
      "capex": -4000,
      "gross_margin": 0.5607683154852966,
      "op_margin": -0.38687744348121705,
      "fcf_margin": -0.282508924018358,
      "rev_growth_yoy": 0.14188664596273293,
      "rev_growth_yoy_accel": 0.12383474675250351,
      "op_leverage_ratio": null,
      "fcf_margin_change": 0.3780008654164407
    },
    {
      "date": "2025-06-30T00:00:00",
      "quarter_label": "2025-06 (Q2)",
      "revenue": 6283000,
      "gross_profit": 3651000,
      "operating_income": -2176000,
      "net_income": -2217000,
      "opex": 5827000,
      "cogs": 2632000,
      "rd": 3097000,
      "sga": 2730000,
      "fcf": -1733000,
      "ocf": -1712000,
      "capex": -21000,
      "gross_margin": 0.5810918351106159,
      "op_margin": -0.3463313703644756,
      "fcf_margin": -0.27582365112207546,
      "incr_op_margin_yoy": -2.0198511166253104,
      "rev_growth_yoy": 0.34510811389424106,
      "rev_growth_yoy_accel": 0.20322146793150814,
      "op_leverage_ratio": 1.5041996174071643,
      "fcf_margin_change": 0.0066852728962825125
    },
    {
      "date": "2025-09-30T00:00:00",
      "quarter_label": "2025-09 (Q3)",
      "revenue": 6444000,
      "gross_profit": 3533000,
      "operating_income": -3187000,
      "net_income": -3185000,
      "opex": 6720000,
      "cogs": 2911000,
      "rd": 3768000,
      "sga": 2952000,
      "fcf": -906000,
      "ocf": -887000,
      "capex": -19000,
      "gross_margin": 0.548261949099938,
      "op_margin": -0.49456859093730604,
      "fcf_margin": -0.14059590316573556,
      "incr_op_margin_yoy": 1.2655755015839494,
      "rev_growth_yoy": 0.41626373626373625,
      "rev_growth_yoy_accel": 0.07115562236949519,
      "op_leverage_ratio": 0.16720619941936138,
      "fcf_margin_change": 0.1352277479563399
    },
    {
      "date": "2025-12-31T00:00:00",
      "quarter_label": "2025-12 (Q4)",
      "revenue": 6076000,
      "gross_profit": 3200000,
      "operating_income": -6906000,
      "net_income": -3020000,
      "opex": 10106000,
      "cogs": 2876000,
      "rd": 7457000,
      "sga": 2649000,
      "fcf": -8168000,
      "ocf": -7872000,
      "capex": -296000,
      "gross_margin": 0.5266622778143516,
      "op_margin": -1.1366030283080975,
      "fcf_margin": -1.3443054641211323,
      "rev_growth_yoy": 0.12227558182489841,
      "rev_growth_yoy_accel": -0.29398815443883786,
      "fcf_margin_change": -1.2037095609553967
    }
  ],
  "signals": [
    {
      "quarter": "2025-12 (Q4)",
      "signal": "YoY REVENUE GROWTH DECELERATION",
      "detail": "YoY growth: +12.2% vs prior quarter YoY: +41.6% (decel: -29.4%)",
      "severity": "WARNING"
    },
    {
      "quarter": "2025-09 (Q3)",
      "signal": "FCF MARGIN EXPANSION",
      "detail": "FCF margin: -27.6% -> -14.1% (+13.5%)",
      "severity": "MEDIUM"
    },
    {
      "quarter": "2025-09 (Q3)",
      "signal": "YoY REVENUE GROWTH ACCELERATION",
      "detail": "YoY growth: +41.6% vs prior quarter YoY: +34.5% (accel: +7.1%)",
      "severity": "MEDIUM"
    },
    {
      "quarter": "2025-06 (Q2)",
      "signal": "OPERATING LEVERAGE",
      "detail": "Rev growth +6.8% vs OpEx growth +4.5% (leverage: 1.5x)",
      "severity": "MEDIUM"
    },
    {
      "quarter": "2025-06 (Q2)",
      "signal": "YoY REVENUE GROWTH ACCELERATION",
      "detail": "YoY growth: +34.5% vs prior quarter YoY: +14.2% (accel: +20.3%)",
      "severity": "HIGH"
    },
    {
      "quarter": "2025-03 (Q1)",
      "signal": "FCF MARGIN EXPANSION",
      "detail": "FCF margin: -66.1% -> -28.3% (+37.8%)",
      "severity": "MEDIUM"
    },
    {
      "quarter": "2025-03 (Q1)",
      "signal": "YoY REVENUE GROWTH ACCELERATION",
      "detail": "YoY growth: +14.2% vs prior quarter YoY: +1.8% (accel: +12.4%)",
      "severity": "MEDIUM"
    },
    {
      "quarter": "2024-12 (Q4)",
      "signal": "FCF MARGIN EXPANSION",
      "detail": "FCF margin: -76.6% -> -66.1% (+10.6%)",
      "severity": "MEDIUM"
    },
    {
      "quarter": "2024-12 (Q4)",
      "signal": "GROSS MARGIN INFLECTION",
      "detail": "GM: +46.3% -> +38.6% -> +54.0% (reversal +15.4%)",
      "severity": "HIGH"
    },
    {
      "quarter": "2024-12 (Q4)",
      "signal": "YoY REVENUE GROWTH ACCELERATION",
      "detail": "YoY growth: +1.8% vs prior quarter YoY: -20.3% (accel: +22.1%)",
      "severity": "HIGH"
    },
    {
      "quarter": "2024-09 (Q3)",
      "signal": "FCF MARGIN EXPANSION",
      "detail": "FCF margin: -92.0% -> -76.6% (+15.4%)",
      "severity": "MEDIUM"
    },
    {
      "quarter": "2024-06 (Q2)",
      "signal": "FCF MARGIN EXPANSION",
      "detail": "FCF margin: -139.0% -> -92.0% (+47.0%)",
      "severity": "MEDIUM"
    },
    {
      "quarter": "2024-06 (Q2)",
      "signal": "YoY REVENUE GROWTH DECELERATION",
      "detail": "YoY growth: -16.4% vs prior quarter YoY: -4.3% (decel: -12.1%)",
      "severity": "WARNING"
    },
    {
      "quarter": "2024-06 (Q2)",
      "signal": "OP MARGIN TURNED POSITIVE (YoY)",
      "detail": "Op margin: -92.0% (year-ago) -> +23.1%",
      "severity": "HIGH"
    },
    {
      "quarter": "2024-06 (Q2)",
      "signal": "OP MARGIN TURNED POSITIVE (QoQ)",
      "detail": "Op margin: -87.6% -> +23.1%",
      "severity": "HIGH"
    },
    {
      "quarter": "2024-03 (Q1)",
      "signal": "YoY REVENUE GROWTH ACCELERATION",
      "detail": "YoY growth: -4.3% vs prior quarter YoY: -17.5% (accel: +13.2%)",
      "severity": "MEDIUM"
    },
    {
      "quarter": "2023-12 (Q4)",
      "signal": "YoY REVENUE GROWTH ACCELERATION",
      "detail": "YoY growth: -17.5% vs prior quarter YoY: -36.2% (accel: +18.7%)",
      "severity": "HIGH"
    },
    {
      "quarter": "2023-09 (Q3)",
      "signal": "FCF MARGIN EXPANSION",
      "detail": "FCF margin: -77.6% -> -45.2% (+32.4%)",
      "severity": "MEDIUM"
    },
    {
      "quarter": "2023-06 (Q2)",
      "signal": "FCF MARGIN EXPANSION",
      "detail": "FCF margin: -86.5% -> -77.6% (+8.9%)",
      "severity": "MEDIUM"
    },
    {
      "quarter": "2023-03 (Q1)",
      "signal": "YoY REVENUE GROWTH DECELERATION",
      "detail": "YoY growth: -38.4% vs prior quarter YoY: -20.1% (decel: -18.3%)",
      "severity": "WARNING"
    },
    {
      "quarter": "2022-12 (Q4)",
      "signal": "YoY REVENUE GROWTH DECELERATION",
      "detail": "YoY growth: -20.1% vs prior quarter YoY: +14.8% (decel: -34.9%)",
      "severity": "WARNING"
    },
    {
      "quarter": "2022-09 (Q3)",
      "signal": "FCF MARGIN EXPANSION",
      "detail": "FCF margin: -57.4% -> -38.9% (+18.6%)",
      "severity": "MEDIUM"
    },
    {
      "quarter": "2022-09 (Q3)",
      "signal": "YoY REVENUE GROWTH ACCELERATION",
      "detail": "YoY growth: +14.8% vs prior quarter YoY: +1.3% (accel: +13.5%)",
      "severity": "MEDIUM"
    },
    {
      "quarter": "2022-06 (Q2)",
      "signal": "YoY REVENUE GROWTH DECELERATION",
      "detail": "YoY growth: +1.3% vs prior quarter YoY: +13.6% (decel: -12.3%)",
      "severity": "WARNING"
    },
    {
      "quarter": "2021-12 (Q4)",
      "signal": "FCF MARGIN EXPANSION",
      "detail": "FCF margin: -39.9% -> -33.6% (+6.3%)",
      "severity": "MEDIUM"
    },
    {
      "quarter": "2021-09 (Q3)",
      "signal": "FCF MARGIN EXPANSION",
      "detail": "FCF margin: -53.0% -> -39.9% (+13.1%)",
      "severity": "MEDIUM"
    },
    {
      "quarter": "2021-06 (Q2)",
      "signal": "OPERATING LEVERAGE",
      "detail": "Rev growth +14.4% vs OpEx growth +0.2% (leverage: 65.6x)",
      "severity": "MEDIUM"
    }
  ],
  "data_quality": {
    "n_quarters": 20,
    "coverage": {
      "revenue": [
        20,
        20
      ],
      "gross_profit": [
        20,
        20
      ],
      "op_income": [
        20,
        20
      ],
      "fcf": [
        20,
        20
      ]
    },
    "gaps": [],
    "warnings": []
  },
  "market_cap": null,
  "source": "SEC EDGAR",
  "last_updated": "2026-02-09T19:08:00.523957"
}