{
  "ticker": "GTBIF",
  "name": "GREEN THUMB INDUSTRIES INC.",
  "quarters": [
    {
      "date": "2020-12-31T00:00:00",
      "quarter_label": "2020-12 (Q4)",
      "revenue": 177226522,
      "gross_profit": 100530095,
      "operating_income": 47292283,
      "net_income": 22464807,
      "opex": 53237812,
      "cogs": 76696427,
      "rd": null,
      "sga": 53237812,
      "fcf": 14286242,
      "ocf": 24861800,
      "capex": -10575558,
      "gross_margin": 0.5672406921126625,
      "op_margin": 0.26684653327451746,
      "fcf_margin": 0.08061006805742088
    },
    {
      "date": "2021-03-31T00:00:00",
      "quarter_label": "2021-03 (Q1)",
      "revenue": 194430584,
      "gross_profit": 110865500,
      "operating_income": 51534249,
      "net_income": 10368666,
      "opex": 59331251,
      "cogs": 83565084,
      "rd": null,
      "sga": 59331251,
      "fcf": 20234000,
      "ocf": 39656000,
      "capex": -19422000,
      "gross_margin": 0.5702060741637232,
      "op_margin": 0.2650521740962317,
      "fcf_margin": 0.10406798963274214,
      "op_leverage_ratio": 0.8481252923167516,
      "fcf_margin_change": 0.023457921575321256
    },
    {
      "date": "2021-06-30T00:00:00",
      "quarter_label": "2021-06 (Q2)",
      "revenue": 221871812,
      "gross_profit": 122910824,
      "operating_income": 50855351,
      "net_income": 22051991,
      "opex": 72055473,
      "cogs": 98960988,
      "rd": null,
      "sga": 72055473,
      "fcf": -16094000,
      "ocf": 8641000,
      "capex": -24735000,
      "gross_margin": 0.553972236905876,
      "op_margin": 0.22921050917454985,
      "fcf_margin": -0.07253738027794175,
      "op_leverage_ratio": 0.6580989978673154,
      "fcf_margin_change": -0.17660536991068387
    },
    {
      "date": "2021-09-30T00:00:00",
      "quarter_label": "2021-09 (Q3)",
      "revenue": 233676881,
      "gross_profit": 129517510,
      "operating_income": 58068583,
      "net_income": 20209154,
      "opex": 71448927,
      "cogs": 104159371,
      "rd": null,
      "sga": 71448927,
      "fcf": -38533000,
      "ocf": 34470000,
      "capex": -73003000,
      "gross_margin": 0.5542589812297264,
      "op_margin": 0.24849947821753066,
      "fcf_margin": -0.1648986405291844,
      "op_leverage_ratio": Infinity,
      "fcf_margin_change": -0.09236126025124265
    },
    {
      "date": "2021-12-31T00:00:00",
      "quarter_label": "2021-12 (Q4)",
      "revenue": 243580000,
      "gross_profit": 128635166,
      "operating_income": 54384000,
      "net_income": 22806000,
      "opex": 74251349,
      "cogs": 114945557,
      "rd": null,
      "sga": 74251349,
      "fcf": -21409000,
      "ocf": 49281000,
      "capex": -70690000,
      "gross_margin": 0.528102331882749,
      "op_margin": 0.22326956236144183,
      "fcf_margin": -0.08789309467115526,
      "incr_op_margin_yoy": 0.1068778489652042,
      "rev_growth_yoy": 0.37439925611133984,
      "op_leverage_ratio": 1.0804842181907768,
      "fcf_margin_change": 0.07700554585802914
    },
    {
      "date": "2022-03-31T00:00:00",
      "quarter_label": "2022-03 (Q1)",
      "revenue": 242600000,
      "gross_profit": 122940000,
      "operating_income": 54552000,
      "net_income": 28939000,
      "opex": 68388000,
      "cogs": 119660000,
      "rd": null,
      "sga": 68388000,
      "fcf": -1455000,
      "ocf": 55376000,
      "capex": -56831000,
      "gross_margin": 0.506760098928277,
      "op_margin": 0.22486397361912613,
      "fcf_margin": -0.005997526793075021,
      "incr_op_margin_yoy": 0.06264869393475728,
      "rev_growth_yoy": 0.24774608505007628,
      "rev_growth_yoy_accel": -0.12665317106126356,
      "fcf_margin_change": 0.08189556787808024
    },
    {
      "date": "2022-06-30T00:00:00",
      "quarter_label": "2022-06 (Q2)",
      "revenue": 254311000,
      "gross_profit": 125798000,
      "operating_income": 62263000,
      "net_income": 24437000,
      "opex": 63535000,
      "cogs": 128513000,
      "rd": null,
      "sga": 63535000,
      "fcf": -29762000,
      "ocf": -15462000,
      "capex": -14300000,
      "gross_margin": 0.4946620476503179,
      "op_margin": 0.24483014891215873,
      "fcf_margin": -0.11702993578728407,
      "incr_op_margin_yoy": 0.35166259402054084,
      "rev_growth_yoy": 0.14620689175243226,
      "rev_growth_yoy_accel": -0.10153919329764402,
      "op_leverage_ratio": Infinity,
      "fcf_margin_change": -0.11103240899420905
    },
    {
      "date": "2022-09-30T00:00:00",
      "quarter_label": "2022-09 (Q3)",
      "revenue": 261194000,
      "gross_profit": 131240000,
      "operating_income": 48761000,
      "net_income": 9829000,
      "opex": 82479000,
      "cogs": 129954000,
      "rd": null,
      "sga": 82479000,
      "fcf": -433000,
      "ocf": 48306000,
      "capex": -48739000,
      "gross_margin": 0.5024617717099168,
      "op_margin": 0.18668499276399916,
      "fcf_margin": -0.001657771618031042,
      "incr_op_margin_yoy": -0.3382470018027687,
      "rev_growth_yoy": 0.11775713062517297,
      "rev_growth_yoy_accel": -0.02844976112725929,
      "op_leverage_ratio": 0.09077243238042386,
      "fcf_margin_change": 0.11537216416925303
    },
    {
      "date": "2022-12-31T00:00:00",
      "quarter_label": "2022-12 (Q4)",
      "revenue": 259270000,
      "gross_profit": 123985000,
      "operating_income": -44512000,
      "net_income": -51227000,
      "opex": 168497000,
      "cogs": 135285000,
      "rd": null,
      "sga": 79994000,
      "fcf": 10714000,
      "ocf": 70344000,
      "capex": -59630000,
      "gross_margin": 0.4782080456666795,
      "op_margin": -0.1716820303158869,
      "fcf_margin": 0.041323716588884174,
      "incr_op_margin_yoy": -6.3031230082855325,
      "rev_growth_yoy": 0.06441415551358896,
      "rev_growth_yoy_accel": -0.05334297511158401,
      "fcf_margin_change": 0.04298148820691522
    },
    {
      "date": "2023-03-31T00:00:00",
      "quarter_label": "2023-03 (Q1)",
      "revenue": 248536000,
      "gross_profit": 124721000,
      "operating_income": 44202000,
      "net_income": 9139000,
      "opex": 80519000,
      "cogs": 123815000,
      "rd": null,
      "sga": 80519000,
      "fcf": 9702000,
      "ocf": 74711000,
      "capex": -65009000,
      "gross_margin": 0.5018226735764638,
      "op_margin": 0.17784948659349148,
      "fcf_margin": 0.039036598319760515,
      "incr_op_margin_yoy": -1.7435983827493262,
      "rev_growth_yoy": 0.024468260511129433,
      "rev_growth_yoy_accel": -0.03994589500245953,
      "fcf_margin_change": -0.0022871182691236586
    },
    {
      "date": "2023-06-30T00:00:00",
      "quarter_label": "2023-06 (Q2)",
      "revenue": 252388000,
      "gross_profit": 125280000,
      "operating_income": 41063000,
      "net_income": 13400000,
      "opex": 84217000,
      "cogs": 127108000,
      "rd": null,
      "sga": 84217000,
      "fcf": -46066000,
      "ocf": 18317000,
      "capex": -64383000,
      "gross_margin": 0.49637859169215653,
      "op_margin": 0.1626979095678083,
      "fcf_margin": -0.18252056357671523,
      "incr_op_margin_yoy": 11.024440977639106,
      "rev_growth_yoy": -0.007561607637892187,
      "rev_growth_yoy_accel": -0.03202986814902162,
      "op_leverage_ratio": 0.3374647691342372,
      "fcf_margin_change": -0.22155716189647573
    },
    {
      "date": "2023-09-30T00:00:00",
      "quarter_label": "2023-09 (Q3)",
      "revenue": 275398000,
      "gross_profit": 133806000,
      "operating_income": 49027000,
      "net_income": 10512000,
      "opex": 84779000,
      "cogs": 141592000,
      "rd": null,
      "sga": 84779000,
      "fcf": 6642000,
      "ocf": 60844000,
      "capex": -54202000,
      "gross_margin": 0.4858640948736011,
      "op_margin": 0.1780223531035084,
      "fcf_margin": 0.02411782220640673,
      "incr_op_margin_yoy": 0.018727119121374262,
      "rev_growth_yoy": 0.05438103478640398,
      "rev_growth_yoy_accel": 0.06194264242429617,
      "op_leverage_ratio": 13.66190835530472,
      "fcf_margin_change": 0.20663838578312196
    },
    {
      "date": "2023-12-31T00:00:00",
      "quarter_label": "2023-12 (Q4)",
      "revenue": 278231000,
      "gross_profit": 142688000,
      "operating_income": 50340000,
      "net_income": 3216000,
      "opex": 92348000,
      "cogs": 135543000,
      "rd": null,
      "sga": 92348000,
      "fcf": 34655000,
      "ocf": 71096000,
      "capex": -36441000,
      "gross_margin": 0.5128400501741359,
      "op_margin": 0.1809287965755074,
      "fcf_margin": 0.12455477642678206,
      "incr_op_margin_yoy": 5.002478772216655,
      "rev_growth_yoy": 0.07313225594939639,
      "rev_growth_yoy_accel": 0.01875122116299241,
      "op_leverage_ratio": 0.11522204444902533,
      "fcf_margin_change": 0.10043695422037532
    },
    {
      "date": "2024-03-31T00:00:00",
      "quarter_label": "2024-03 (Q1)",
      "revenue": 275806000,
      "gross_profit": 144929000,
      "operating_income": 70671000,
      "net_income": 31076000,
      "opex": 74258000,
      "cogs": 130877000,
      "rd": null,
      "sga": 74258000,
      "fcf": 69312000,
      "ocf": 84023000,
      "capex": -14711000,
      "gross_margin": 0.5254744276774255,
      "op_margin": 0.25623445465290823,
      "fcf_margin": 0.25130707816363673,
      "incr_op_margin_yoy": 0.9706270627062706,
      "rev_growth_yoy": 0.1097225351659317,
      "rev_growth_yoy_accel": 0.03659027921653531,
      "fcf_margin_change": 0.12675230173685467
    },
    {
      "date": "2024-06-30T00:00:00",
      "quarter_label": "2024-06 (Q2)",
      "revenue": 280147000,
      "gross_profit": 150520000,
      "operating_income": 54020000,
      "net_income": 20712000,
      "opex": 96500000,
      "cogs": 129627000,
      "rd": null,
      "sga": 96500000,
      "fcf": -101000,
      "ocf": 20151000,
      "capex": -20252000,
      "gross_margin": 0.5372893516618061,
      "op_margin": 0.1928273370766062,
      "fcf_margin": -0.00036052501008399163,
      "incr_op_margin_yoy": 0.466767534853561,
      "rev_growth_yoy": 0.1099854192750844,
      "rev_growth_yoy_accel": 0.00026288410915270566,
      "op_leverage_ratio": 0.05254791488622558,
      "fcf_margin_change": -0.2516676031737207
    },
    {
      "date": "2024-09-30T00:00:00",
      "quarter_label": "2024-09 (Q3)",
      "revenue": 286865000,
      "gross_profit": 147591000,
      "operating_income": 42624000,
      "net_income": 8616000,
      "opex": 104967000,
      "cogs": 139274000,
      "rd": null,
      "sga": 104967000,
      "fcf": 29642000,
      "ocf": 47671000,
      "capex": -18029000,
      "gross_margin": 0.5144963658863926,
      "op_margin": 0.14858557161033936,
      "fcf_margin": 0.10333083506178864,
      "incr_op_margin_yoy": -0.55838493067062,
      "rev_growth_yoy": 0.04163792039157874,
      "rev_growth_yoy_accel": -0.06834749888350566,
      "op_leverage_ratio": 0.2733076430829542,
      "fcf_margin_change": 0.10369136007187263
    },
    {
      "date": "2024-12-31T00:00:00",
      "quarter_label": "2024-12 (Q4)",
      "revenue": 294323000,
      "gross_profit": 158069000,
      "operating_income": 57110000,
      "net_income": 12679000,
      "opex": 100959000,
      "cogs": 136254000,
      "rd": null,
      "sga": 100959000,
      "fcf": 16142000,
      "ocf": 43338000,
      "capex": -27196000,
      "gross_margin": 0.537059624969846,
      "op_margin": 0.19403852230372753,
      "fcf_margin": 0.05484450756481824,
      "incr_op_margin_yoy": 0.42070594084016905,
      "rev_growth_yoy": 0.057836833422587705,
      "rev_growth_yoy_accel": 0.01619891303100897,
      "op_leverage_ratio": Infinity,
      "fcf_margin_change": -0.0484863274969704
    },
    {
      "date": "2025-03-31T00:00:00",
      "quarter_label": "2025-03 (Q1)",
      "revenue": 279540000,
      "gross_profit": 143275000,
      "operating_income": 42482000,
      "net_income": 8306000,
      "opex": 100793000,
      "cogs": 136265000,
      "rd": null,
      "sga": 100793000,
      "fcf": 44380000,
      "ocf": 74219000,
      "capex": -29839000,
      "gross_margin": 0.5125384560349145,
      "op_margin": 0.1519710953709666,
      "fcf_margin": 0.15876082134935965,
      "incr_op_margin_yoy": -7.5492769148366365,
      "rev_growth_yoy": 0.01353850170047062,
      "rev_growth_yoy_accel": -0.044298331722117085,
      "fcf_margin_change": 0.10391631378454141
    },
    {
      "date": "2025-06-30T00:00:00",
      "quarter_label": "2025-06 (Q2)",
      "revenue": 293257000,
      "gross_profit": 146256000,
      "operating_income": 39433000,
      "net_income": -645000,
      "opex": 106823000,
      "cogs": 147001000,
      "rd": null,
      "sga": 106823000,
      "fcf": 37444000,
      "ocf": 56447000,
      "capex": -19003000,
      "gross_margin": 0.4987297830912817,
      "op_margin": 0.1344656734536601,
      "fcf_margin": 0.12768322665784618,
      "incr_op_margin_yoy": -1.1126620900076278,
      "rev_growth_yoy": 0.04679686021981317,
      "rev_growth_yoy_accel": 0.03325835851934255,
      "op_leverage_ratio": 0.820216001032732,
      "fcf_margin_change": -0.03107759469151347
    },
    {
      "date": "2025-09-30T00:00:00",
      "quarter_label": "2025-09 (Q3)",
      "revenue": 291369000,
      "gross_profit": 144027000,
      "operating_income": 36741000,
      "net_income": 23288000,
      "opex": 107286000,
      "cogs": 147342000,
      "rd": null,
      "sga": 107286000,
      "fcf": 56573000,
      "ocf": 74119000,
      "capex": -17546000,
      "gross_margin": 0.49431133717039216,
      "op_margin": 0.12609783470444694,
      "fcf_margin": 0.1941627283616308,
      "incr_op_margin_yoy": -1.3061722912966252,
      "rev_growth_yoy": 0.015700765168284732,
      "rev_growth_yoy_accel": -0.03109609505152844,
      "fcf_margin_change": 0.06647950170378461
    }
  ],
  "signals": [
    {
      "quarter": "2025-09 (Q3)",
      "signal": "FCF MARGIN EXPANSION",
      "detail": "FCF margin: +12.8% -> +19.4% (+6.6%)",
      "severity": "MEDIUM"
    },
    {
      "quarter": "2025-03 (Q1)",
      "signal": "FCF MARGIN EXPANSION",
      "detail": "FCF margin: +5.5% -> +15.9% (+10.4%)",
      "severity": "MEDIUM"
    },
    {
      "quarter": "2024-12 (Q4)",
      "signal": "GROSS MARGIN INFLECTION",
      "detail": "GM: +53.7% -> +51.4% -> +53.7% (reversal +2.3%)",
      "severity": "MEDIUM"
    },
    {
      "quarter": "2024-12 (Q4)",
      "signal": "INCREMENTAL MARGIN (YoY)",
      "detail": "YoY Incr OPM: +42.1% vs year-ago OPM: +18.1%",
      "severity": "HIGH"
    },
    {
      "quarter": "2024-09 (Q3)",
      "signal": "FCF TURNED POSITIVE",
      "detail": "FCF margin: -0.0% -> +10.3%",
      "severity": "HIGH"
    },
    {
      "quarter": "2024-09 (Q3)",
      "signal": "YoY REVENUE GROWTH DECELERATION",
      "detail": "YoY growth: +4.2% vs prior quarter YoY: +11.0% (decel: -6.8%)",
      "severity": "WARNING"
    },
    {
      "quarter": "2024-06 (Q2)",
      "signal": "INCREMENTAL MARGIN (YoY)",
      "detail": "YoY Incr OPM: +46.7% vs year-ago OPM: +16.3%",
      "severity": "HIGH"
    },
    {
      "quarter": "2024-03 (Q1)",
      "signal": "FCF MARGIN EXPANSION",
      "detail": "FCF margin: +12.5% -> +25.1% (+12.7%)",
      "severity": "MEDIUM"
    },
    {
      "quarter": "2024-03 (Q1)",
      "signal": "INCREMENTAL MARGIN (YoY)",
      "detail": "YoY Incr OPM: +97.1% vs year-ago OPM: +17.8%",
      "severity": "HIGH"
    },
    {
      "quarter": "2023-12 (Q4)",
      "signal": "FCF MARGIN EXPANSION",
      "detail": "FCF margin: +2.4% -> +12.5% (+10.0%)",
      "severity": "MEDIUM"
    },
    {
      "quarter": "2023-12 (Q4)",
      "signal": "GROSS MARGIN INFLECTION",
      "detail": "GM: +49.6% -> +48.6% -> +51.3% (reversal +2.7%)",
      "severity": "MEDIUM"
    },
    {
      "quarter": "2023-12 (Q4)",
      "signal": "OP MARGIN TURNED POSITIVE (YoY)",
      "detail": "Op margin: -17.2% (year-ago) -> +18.1%",
      "severity": "HIGH"
    },
    {
      "quarter": "2023-09 (Q3)",
      "signal": "FCF TURNED POSITIVE",
      "detail": "FCF margin: -18.3% -> +2.4%",
      "severity": "HIGH"
    },
    {
      "quarter": "2023-09 (Q3)",
      "signal": "OPERATING LEVERAGE",
      "detail": "Rev growth +9.1% vs OpEx growth +0.7% (leverage: 13.7x)",
      "severity": "MEDIUM"
    },
    {
      "quarter": "2023-09 (Q3)",
      "signal": "YoY REVENUE GROWTH ACCELERATION",
      "detail": "YoY growth: +5.4% vs prior quarter YoY: -0.8% (accel: +6.2%)",
      "severity": "MEDIUM"
    },
    {
      "quarter": "2023-06 (Q2)",
      "signal": "INCREMENTAL MARGIN (YoY)",
      "detail": "YoY Incr OPM: +1102.4% vs year-ago OPM: +24.5%",
      "severity": "HIGH"
    },
    {
      "quarter": "2023-03 (Q1)",
      "signal": "GROSS MARGIN INFLECTION",
      "detail": "GM: +50.2% -> +47.8% -> +50.2% (reversal +2.4%)",
      "severity": "MEDIUM"
    },
    {
      "quarter": "2023-03 (Q1)",
      "signal": "OP MARGIN TURNED POSITIVE (QoQ)",
      "detail": "Op margin: -17.2% -> +17.8%",
      "severity": "HIGH"
    },
    {
      "quarter": "2022-12 (Q4)",
      "signal": "FCF TURNED POSITIVE",
      "detail": "FCF margin: -0.2% -> +4.1%",
      "severity": "HIGH"
    },
    {
      "quarter": "2022-12 (Q4)",
      "signal": "YoY REVENUE GROWTH DECELERATION",
      "detail": "YoY growth: +6.4% vs prior quarter YoY: +11.8% (decel: -5.3%)",
      "severity": "WARNING"
    },
    {
      "quarter": "2022-09 (Q3)",
      "signal": "FCF MARGIN EXPANSION",
      "detail": "FCF margin: -11.7% -> -0.2% (+11.5%)",
      "severity": "MEDIUM"
    },
    {
      "quarter": "2022-06 (Q2)",
      "signal": "YoY REVENUE GROWTH DECELERATION",
      "detail": "YoY growth: +14.6% vs prior quarter YoY: +24.8% (decel: -10.2%)",
      "severity": "WARNING"
    },
    {
      "quarter": "2022-06 (Q2)",
      "signal": "INCREMENTAL MARGIN (YoY)",
      "detail": "YoY Incr OPM: +35.2% vs year-ago OPM: +22.9%",
      "severity": "MEDIUM"
    },
    {
      "quarter": "2022-03 (Q1)",
      "signal": "FCF MARGIN EXPANSION",
      "detail": "FCF margin: -8.8% -> -0.6% (+8.2%)",
      "severity": "MEDIUM"
    },
    {
      "quarter": "2022-03 (Q1)",
      "signal": "YoY REVENUE GROWTH DECELERATION",
      "detail": "YoY growth: +24.8% vs prior quarter YoY: +37.4% (decel: -12.7%)",
      "severity": "WARNING"
    },
    {
      "quarter": "2021-12 (Q4)",
      "signal": "FCF MARGIN EXPANSION",
      "detail": "FCF margin: -16.5% -> -8.8% (+7.7%)",
      "severity": "MEDIUM"
    }
  ],
  "data_quality": {
    "n_quarters": 20,
    "coverage": {
      "revenue": [
        20,
        20
      ],
      "gross_profit": [
        20,
        20
      ],
      "op_income": [
        20,
        20
      ],
      "fcf": [
        20,
        20
      ]
    },
    "gaps": [],
    "warnings": []
  },
  "market_cap": null,
  "source": "SEC EDGAR",
  "last_updated": "2026-02-02T21:43:33.294772"
}