{
  "ticker": "GTEC",
  "name": "GREENLAND TECHNOLOGIES HOLDING CORPORATION",
  "quarters": [
    {
      "date": "2020-12-31T00:00:00",
      "quarter_label": "2020-12 (Q4)",
      "revenue": 23895365,
      "gross_profit": 4608734,
      "operating_income": 2742215,
      "net_income": 5034808,
      "opex": 1866519,
      "cogs": 19286631,
      "rd": 780800,
      "sga": null,
      "fcf": 494033,
      "ocf": 494033,
      "capex": null,
      "gross_margin": 0.19287146272927824,
      "op_margin": 0.11475928490734501,
      "fcf_margin": 0.02067484635618665
    },
    {
      "date": "2021-03-31T00:00:00",
      "quarter_label": "2021-03 (Q1)",
      "revenue": 24610894,
      "gross_profit": 5104387,
      "operating_income": 2854473,
      "net_income": 2128568,
      "opex": 2249914,
      "cogs": 19506507,
      "rd": 959545,
      "sga": null,
      "fcf": -3998147,
      "ocf": -3998147,
      "capex": null,
      "gross_margin": 0.20740355876548003,
      "op_margin": 0.115984124753859,
      "fcf_margin": -0.16245435862671223,
      "op_leverage_ratio": 0.1457805357001267,
      "fcf_margin_change": -0.1831292049828989
    },
    {
      "date": "2021-06-30T00:00:00",
      "quarter_label": "2021-06 (Q2)",
      "revenue": 28204307,
      "gross_profit": 5705169,
      "operating_income": 3452199,
      "net_income": 2780753,
      "opex": 2252970,
      "cogs": 22499138,
      "rd": 1005296,
      "sga": null,
      "fcf": 3219726,
      "ocf": 3219726,
      "capex": null,
      "gross_margin": 0.20228006311234664,
      "op_margin": 0.12239971008683177,
      "fcf_margin": 0.1141572455582759,
      "op_leverage_ratio": 107.496002169503,
      "fcf_margin_change": 0.27661160418498815
    },
    {
      "date": "2021-09-30T00:00:00",
      "quarter_label": "2021-09 (Q3)",
      "revenue": 23084793,
      "gross_profit": 5097430,
      "operating_income": 2051676,
      "net_income": 1028348,
      "opex": 3045754,
      "cogs": 17987363,
      "rd": 1372215,
      "sga": null,
      "fcf": -5086002,
      "ocf": -5086002,
      "capex": null,
      "gross_margin": 0.22081332936362047,
      "op_margin": 0.08887565073682922,
      "fcf_margin": -0.2203182848553158,
      "fcf_margin_change": -0.3344755304135917
    },
    {
      "date": "2021-12-31T00:00:00",
      "quarter_label": "2021-12 (Q4)",
      "revenue": 22939906,
      "gross_profit": 3686634,
      "operating_income": -108280,
      "net_income": 327909,
      "opex": 3794914,
      "cogs": 19253272,
      "rd": 2189490,
      "sga": null,
      "fcf": 108483,
      "ocf": 108483,
      "capex": null,
      "gross_margin": 0.1607083307141712,
      "op_margin": -0.004720158835873172,
      "fcf_margin": 0.004729008043886492,
      "rev_growth_yoy": -0.03998511845288825,
      "fcf_margin_change": 0.22504729289920228
    },
    {
      "date": "2022-03-31T00:00:00",
      "quarter_label": "2022-03 (Q1)",
      "revenue": 29306957,
      "gross_profit": 6367974,
      "operating_income": 3365987,
      "net_income": 1787052,
      "opex": 3001987,
      "cogs": 22938983,
      "rd": 1082594,
      "sga": null,
      "fcf": 1261046,
      "ocf": 1261046,
      "capex": null,
      "gross_margin": 0.2172854042813111,
      "op_margin": 0.1148528317013602,
      "fcf_margin": 0.04302889583521073,
      "incr_op_margin_yoy": 0.1089240071949631,
      "rev_growth_yoy": 0.19081236951408592,
      "rev_growth_yoy_accel": 0.23079748796697416,
      "op_leverage_ratio": Infinity,
      "fcf_margin_change": 0.03829988779132424
    },
    {
      "date": "2022-06-30T00:00:00",
      "quarter_label": "2022-06 (Q2)",
      "revenue": 20602505,
      "gross_profit": 4839161,
      "operating_income": 2213904,
      "net_income": 1487264,
      "opex": 2625257,
      "cogs": 15763344,
      "rd": 862535,
      "sga": null,
      "fcf": -2926071,
      "ocf": -2926071,
      "capex": null,
      "gross_margin": 0.23488216602786893,
      "op_margin": 0.1074580008596042,
      "fcf_margin": -0.14202501103627932,
      "incr_op_margin_yoy": 0.16289492938647968,
      "rev_growth_yoy": -0.26952628192566475,
      "rev_growth_yoy_accel": -0.46033865143975067,
      "fcf_margin_change": -0.18505390687149004
    },
    {
      "date": "2022-09-30T00:00:00",
      "quarter_label": "2022-09 (Q3)",
      "revenue": 21786862,
      "gross_profit": 4812296,
      "operating_income": 2074778,
      "net_income": 1277964,
      "opex": 2737518,
      "cogs": 16974566,
      "rd": 1023443,
      "sga": null,
      "fcf": -4456210,
      "ocf": -4456210,
      "capex": null,
      "gross_margin": 0.22088063898325513,
      "op_margin": 0.09523069453508266,
      "fcf_margin": -0.20453656887347982,
      "incr_op_margin_yoy": -0.01779909717850949,
      "rev_growth_yoy": -0.056224502424604805,
      "rev_growth_yoy_accel": 0.21330177950105994,
      "op_leverage_ratio": 1.3443288585189024,
      "fcf_margin_change": -0.0625115578372005
    },
    {
      "date": "2022-12-31T00:00:00",
      "quarter_label": "2022-12 (Q4)",
      "revenue": 19134350,
      "gross_profit": 3815303,
      "operating_income": -1696127,
      "net_income": -992715,
      "opex": 5511430,
      "cogs": 15319047,
      "rd": 2818374,
      "sga": null,
      "fcf": 13434480,
      "ocf": 13434480,
      "capex": null,
      "gross_margin": 0.1993954850831097,
      "op_margin": -0.08864304248641841,
      "fcf_margin": 0.7021132152385631,
      "incr_op_margin_yoy": 0.4172444184240095,
      "rev_growth_yoy": -0.1658923972922993,
      "rev_growth_yoy_accel": -0.10966789486769449,
      "fcf_margin_change": 0.9066497841120429
    },
    {
      "date": "2023-03-31T00:00:00",
      "quarter_label": "2023-03 (Q1)",
      "revenue": 22149360,
      "gross_profit": 5523430,
      "operating_income": 2374150,
      "net_income": 1446975,
      "opex": 3149280,
      "cogs": 16625930,
      "rd": 1119891,
      "sga": null,
      "fcf": 3756318,
      "ocf": 3756318,
      "capex": null,
      "gross_margin": 0.2493719908837095,
      "op_margin": 0.10718819866578538,
      "fcf_margin": 0.1695903628818169,
      "incr_op_margin_yoy": 0.13857122718700146,
      "rev_growth_yoy": -0.2442285973258841,
      "rev_growth_yoy_accel": -0.0783362000335848,
      "op_leverage_ratio": Infinity,
      "fcf_margin_change": -0.5325228523567462
    },
    {
      "date": "2023-06-30T00:00:00",
      "quarter_label": "2023-06 (Q2)",
      "revenue": 23569449,
      "gross_profit": 6927837,
      "operating_income": 3408839,
      "net_income": 2399138,
      "opex": 3518998,
      "cogs": 16641612,
      "rd": 1425394,
      "sga": null,
      "fcf": -4148034,
      "ocf": -4148034,
      "capex": null,
      "gross_margin": 0.29393292138479776,
      "op_margin": 0.14462955837448724,
      "fcf_margin": -0.17599198012647643,
      "incr_op_margin_yoy": 0.40274942836804467,
      "rev_growth_yoy": 0.1440088960056071,
      "rev_growth_yoy_accel": 0.38823749333149116,
      "op_leverage_ratio": 0.5461287773572281,
      "fcf_margin_change": -0.3455823430082933
    },
    {
      "date": "2023-09-30T00:00:00",
      "quarter_label": "2023-09 (Q3)",
      "revenue": 21836761,
      "gross_profit": 6268537,
      "operating_income": 2806142,
      "net_income": -887420,
      "opex": 3462395,
      "cogs": 15568224,
      "rd": 1245646,
      "sga": null,
      "fcf": 833171,
      "ocf": 833171,
      "capex": null,
      "gross_margin": 0.2870634981076177,
      "op_margin": 0.12850541341731037,
      "fcf_margin": 0.03815451384937537,
      "rev_growth_yoy": 0.0022903252427999956,
      "rev_growth_yoy_accel": -0.1417185707628071,
      "fcf_margin_change": 0.2141464939758518
    },
    {
      "date": "2023-12-31T00:00:00",
      "quarter_label": "2023-12 (Q4)",
      "revenue": 22777670,
      "gross_profit": 5856199,
      "operating_income": 2190096,
      "net_income": -18837809,
      "opex": 3666103,
      "cogs": -47655766,
      "rd": 1633469,
      "sga": null,
      "fcf": 2007585,
      "ocf": 2007585,
      "capex": null,
      "gross_margin": 0.2571026360466193,
      "op_margin": 0.09615101105600353,
      "fcf_margin": 0.0881382950933963,
      "incr_op_margin_yoy": 1.0666707837906086,
      "rev_growth_yoy": 0.19040730414150467,
      "rev_growth_yoy_accel": 0.18811697889870468,
      "op_leverage_ratio": 0.7323655865644568,
      "fcf_margin_change": 0.049983781244020926
    },
    {
      "date": "2024-03-31T00:00:00",
      "quarter_label": "2024-03 (Q1)",
      "revenue": 22723591,
      "gross_profit": 5647069,
      "operating_income": 1926420,
      "net_income": 2502203,
      "opex": 3720649,
      "cogs": 300000,
      "rd": 987724,
      "sga": null,
      "fcf": -9607362,
      "ocf": -8422330,
      "capex": -1185032,
      "gross_margin": 0.24851129383555617,
      "op_margin": 0.08477621340746716,
      "fcf_margin": -0.4227924186806566,
      "rev_growth_yoy": 0.02592539919889333,
      "rev_growth_yoy_accel": -0.16448190494261133,
      "fcf_margin_change": -0.5109307137740529
    },
    {
      "date": "2024-06-30T00:00:00",
      "quarter_label": "2024-06 (Q2)",
      "revenue": 23017260,
      "gross_profit": 6774055,
      "operating_income": 3986354,
      "net_income": 4650910,
      "opex": 2787701,
      "cogs": 16243205,
      "rd": 1123063,
      "sga": null,
      "fcf": 11346488,
      "ocf": 11346488,
      "capex": null,
      "gross_margin": 0.2943032750205715,
      "op_margin": 0.1731897715019077,
      "fcf_margin": 0.4929556341632323,
      "rev_growth_yoy": -0.023428167540106685,
      "rev_growth_yoy_accel": -0.049353566739000015,
      "op_leverage_ratio": Infinity,
      "fcf_margin_change": 0.9157480528438888
    },
    {
      "date": "2024-09-30T00:00:00",
      "quarter_label": "2024-09 (Q3)",
      "revenue": 18834093,
      "gross_profit": 4965687,
      "operating_income": 2928023,
      "net_income": -684391,
      "opex": 2037664,
      "cogs": 13868406,
      "rd": 437978,
      "sga": null,
      "fcf": 6059338,
      "ocf": 6059338,
      "capex": null,
      "gross_margin": 0.26365416163125033,
      "op_margin": 0.15546397694861122,
      "fcf_margin": 0.3217217840009604,
      "incr_op_margin_yoy": -0.04059090115856964,
      "rev_growth_yoy": -0.13750519136056855,
      "rev_growth_yoy_accel": -0.11407702382046186,
      "fcf_margin_change": -0.17123385016227188
    },
    {
      "date": "2024-12-31T00:00:00",
      "quarter_label": "2024-12 (Q4)",
      "revenue": 19369717,
      "gross_profit": 5146157,
      "operating_income": 3753345,
      "net_income": 7598250,
      "opex": 1392812,
      "cogs": 290000,
      "rd": 387634,
      "sga": null,
      "fcf": 3810462,
      "ocf": 4358390,
      "capex": -547928,
      "gross_margin": 0.2656805465975574,
      "op_margin": 0.19377386876638414,
      "fcf_margin": 0.19672264700614883,
      "incr_op_margin_yoy": -0.45870614999678694,
      "rev_growth_yoy": -0.14961815672981477,
      "rev_growth_yoy_accel": -0.01211296536924622,
      "op_leverage_ratio": Infinity,
      "fcf_margin_change": -0.12499913699481158
    },
    {
      "date": "2025-03-31T00:00:00",
      "quarter_label": "2025-03 (Q1)",
      "revenue": 21677564,
      "gross_profit": 6660950,
      "operating_income": 4808696,
      "net_income": 4003783,
      "opex": 1852254,
      "cogs": 15016614,
      "rd": 81457,
      "sga": null,
      "fcf": 1230295,
      "ocf": 1244666,
      "capex": -14371,
      "gross_margin": 0.30727391694011374,
      "op_margin": 0.22182824601509654,
      "fcf_margin": 0.05675430135969152,
      "incr_op_margin_yoy": -2.755450863123036,
      "rev_growth_yoy": -0.04603264510437633,
      "rev_growth_yoy_accel": 0.10358551162543844,
      "op_leverage_ratio": 0.36119817237570734,
      "fcf_margin_change": -0.13996834564645733
    },
    {
      "date": "2025-06-30T00:00:00",
      "quarter_label": "2025-06 (Q2)",
      "revenue": 21719786,
      "gross_profit": 5750781,
      "operating_income": -2323247,
      "net_income": -3225268,
      "opex": 8074028,
      "cogs": 15969005,
      "rd": 443720,
      "sga": null,
      "fcf": -1704663,
      "ocf": -1704663,
      "capex": null,
      "gross_margin": 0.2647715313585502,
      "op_margin": -0.10696454375747533,
      "fcf_margin": -0.07848433681620988,
      "incr_op_margin_yoy": 4.862988391289536,
      "rev_growth_yoy": -0.05636961132645676,
      "rev_growth_yoy_accel": -0.010336966222080426,
      "fcf_margin_change": -0.1352386381759014
    },
    {
      "date": "2025-09-30T00:00:00",
      "quarter_label": "2025-09 (Q3)",
      "revenue": 23401597,
      "gross_profit": 7573596,
      "operating_income": 5065619,
      "net_income": 5732522,
      "opex": 2507977,
      "cogs": 15828001,
      "rd": 560668,
      "sga": null,
      "fcf": 8259031,
      "ocf": 8259031,
      "capex": null,
      "gross_margin": 0.3236358612619472,
      "op_margin": 0.21646467119316687,
      "fcf_margin": 0.35292595629264106,
      "incr_op_margin_yoy": 0.4680009037758916,
      "rev_growth_yoy": 0.24251255422812237,
      "rev_growth_yoy_accel": 0.29888216555457914,
      "op_leverage_ratio": Infinity,
      "fcf_margin_change": 0.43141029310885093
    }
  ],
  "signals": [
    {
      "quarter": "2025-09 (Q3)",
      "signal": "FCF TURNED POSITIVE",
      "detail": "FCF margin: -7.8% -> +35.3%",
      "severity": "HIGH"
    },
    {
      "quarter": "2025-09 (Q3)",
      "signal": "GROSS MARGIN INFLECTION",
      "detail": "GM: +30.7% -> +26.5% -> +32.4% (reversal +5.9%)",
      "severity": "HIGH"
    },
    {
      "quarter": "2025-09 (Q3)",
      "signal": "YoY REVENUE GROWTH ACCELERATION",
      "detail": "YoY growth: +24.3% vs prior quarter YoY: -5.6% (accel: +29.9%)",
      "severity": "HIGH"
    },
    {
      "quarter": "2025-09 (Q3)",
      "signal": "INCREMENTAL MARGIN (YoY)",
      "detail": "YoY Incr OPM: +46.8% vs year-ago OPM: +15.5%",
      "severity": "HIGH"
    },
    {
      "quarter": "2025-09 (Q3)",
      "signal": "OP MARGIN TURNED POSITIVE (QoQ)",
      "detail": "Op margin: -10.7% -> +21.6%",
      "severity": "HIGH"
    },
    {
      "quarter": "2025-03 (Q1)",
      "signal": "YoY REVENUE GROWTH ACCELERATION",
      "detail": "YoY growth: -4.6% vs prior quarter YoY: -15.0% (accel: +10.4%)",
      "severity": "MEDIUM"
    },
    {
      "quarter": "2024-09 (Q3)",
      "signal": "YoY REVENUE GROWTH DECELERATION",
      "detail": "YoY growth: -13.8% vs prior quarter YoY: -2.3% (decel: -11.4%)",
      "severity": "WARNING"
    },
    {
      "quarter": "2024-06 (Q2)",
      "signal": "FCF TURNED POSITIVE",
      "detail": "FCF margin: -42.3% -> +49.3%",
      "severity": "HIGH"
    },
    {
      "quarter": "2024-06 (Q2)",
      "signal": "GROSS MARGIN INFLECTION",
      "detail": "GM: +25.7% -> +24.9% -> +29.4% (reversal +4.6%)",
      "severity": "MEDIUM"
    },
    {
      "quarter": "2024-03 (Q1)",
      "signal": "YoY REVENUE GROWTH DECELERATION",
      "detail": "YoY growth: +2.6% vs prior quarter YoY: +19.0% (decel: -16.4%)",
      "severity": "WARNING"
    },
    {
      "quarter": "2023-12 (Q4)",
      "signal": "YoY REVENUE GROWTH ACCELERATION",
      "detail": "YoY growth: +19.0% vs prior quarter YoY: +0.2% (accel: +18.8%)",
      "severity": "HIGH"
    },
    {
      "quarter": "2023-12 (Q4)",
      "signal": "OP MARGIN TURNED POSITIVE (YoY)",
      "detail": "Op margin: -8.9% (year-ago) -> +9.6%",
      "severity": "HIGH"
    },
    {
      "quarter": "2023-09 (Q3)",
      "signal": "FCF TURNED POSITIVE",
      "detail": "FCF margin: -17.6% -> +3.8%",
      "severity": "HIGH"
    },
    {
      "quarter": "2023-09 (Q3)",
      "signal": "YoY REVENUE GROWTH DECELERATION",
      "detail": "YoY growth: +0.2% vs prior quarter YoY: +14.4% (decel: -14.2%)",
      "severity": "WARNING"
    },
    {
      "quarter": "2023-06 (Q2)",
      "signal": "YoY REVENUE GROWTH ACCELERATION",
      "detail": "YoY growth: +14.4% vs prior quarter YoY: -24.4% (accel: +38.8%)",
      "severity": "HIGH"
    },
    {
      "quarter": "2023-06 (Q2)",
      "signal": "INCREMENTAL MARGIN (YoY)",
      "detail": "YoY Incr OPM: +40.3% vs year-ago OPM: +10.7%",
      "severity": "HIGH"
    },
    {
      "quarter": "2023-03 (Q1)",
      "signal": "GROSS MARGIN INFLECTION",
      "detail": "GM: +22.1% -> +19.9% -> +24.9% (reversal +5.0%)",
      "severity": "MEDIUM"
    },
    {
      "quarter": "2023-03 (Q1)",
      "signal": "YoY REVENUE GROWTH DECELERATION",
      "detail": "YoY growth: -24.4% vs prior quarter YoY: -16.6% (decel: -7.8%)",
      "severity": "WARNING"
    },
    {
      "quarter": "2023-03 (Q1)",
      "signal": "OP MARGIN TURNED POSITIVE (QoQ)",
      "detail": "Op margin: -8.9% -> +10.7%",
      "severity": "HIGH"
    },
    {
      "quarter": "2022-12 (Q4)",
      "signal": "FCF TURNED POSITIVE",
      "detail": "FCF margin: -20.5% -> +70.2%",
      "severity": "HIGH"
    },
    {
      "quarter": "2022-12 (Q4)",
      "signal": "YoY REVENUE GROWTH DECELERATION",
      "detail": "YoY growth: -16.6% vs prior quarter YoY: -5.6% (decel: -11.0%)",
      "severity": "WARNING"
    },
    {
      "quarter": "2022-09 (Q3)",
      "signal": "YoY REVENUE GROWTH ACCELERATION",
      "detail": "YoY growth: -5.6% vs prior quarter YoY: -27.0% (accel: +21.3%)",
      "severity": "HIGH"
    },
    {
      "quarter": "2022-06 (Q2)",
      "signal": "YoY REVENUE GROWTH DECELERATION",
      "detail": "YoY growth: -27.0% vs prior quarter YoY: +19.1% (decel: -46.0%)",
      "severity": "WARNING"
    },
    {
      "quarter": "2022-03 (Q1)",
      "signal": "GROSS MARGIN INFLECTION",
      "detail": "GM: +22.1% -> +16.1% -> +21.7% (reversal +5.7%)",
      "severity": "HIGH"
    },
    {
      "quarter": "2022-03 (Q1)",
      "signal": "YoY REVENUE GROWTH ACCELERATION",
      "detail": "YoY growth: +19.1% vs prior quarter YoY: -4.0% (accel: +23.1%)",
      "severity": "HIGH"
    },
    {
      "quarter": "2022-03 (Q1)",
      "signal": "OP MARGIN TURNED POSITIVE (QoQ)",
      "detail": "Op margin: -0.5% -> +11.5%",
      "severity": "HIGH"
    },
    {
      "quarter": "2021-12 (Q4)",
      "signal": "FCF TURNED POSITIVE",
      "detail": "FCF margin: -22.0% -> +0.5%",
      "severity": "HIGH"
    },
    {
      "quarter": "2021-06 (Q2)",
      "signal": "FCF TURNED POSITIVE",
      "detail": "FCF margin: -16.2% -> +11.4%",
      "severity": "HIGH"
    },
    {
      "quarter": "2021-06 (Q2)",
      "signal": "OPERATING LEVERAGE",
      "detail": "Rev growth +14.6% vs OpEx growth +0.1% (leverage: 107.5x)",
      "severity": "MEDIUM"
    }
  ],
  "data_quality": {
    "n_quarters": 20,
    "coverage": {
      "revenue": [
        20,
        20
      ],
      "gross_profit": [
        20,
        20
      ],
      "op_income": [
        20,
        20
      ],
      "fcf": [
        20,
        20
      ]
    },
    "gaps": [],
    "warnings": []
  },
  "market_cap": null,
  "source": "SEC EDGAR",
  "last_updated": "2026-02-02T23:57:59.006356"
}