{
  "ticker": "GTES",
  "name": "Gates Industrial Corporation plc",
  "quarters": [
    {
      "date": "2021-01-02T00:00:00",
      "quarter_label": "2021-01 (Q1)",
      "revenue": 794200000,
      "gross_profit": 301800000,
      "operating_income": 85400000,
      "net_income": 24300000,
      "opex": 216400000,
      "cogs": 492400000,
      "rd": null,
      "sga": 205200000,
      "fcf": 162300000,
      "ocf": 181500000,
      "capex": -19200000,
      "gross_margin": 0.38000503651473183,
      "op_margin": 0.10752958952404935,
      "fcf_margin": 0.20435658524301184
    },
    {
      "date": "2021-04-03T00:00:00",
      "quarter_label": "2021-04 (Q2)",
      "revenue": 881300000,
      "gross_profit": 345500000,
      "operating_income": 128600000,
      "net_income": 67300000,
      "opex": 216900000,
      "cogs": 535800000,
      "rd": null,
      "sga": 211600000,
      "fcf": -42100000,
      "ocf": -24000000,
      "capex": -18100000,
      "gross_margin": 0.39203449449676614,
      "op_margin": 0.14592079881992512,
      "fcf_margin": -0.047770339271530696,
      "op_leverage_ratio": 47.46522286577688,
      "fcf_margin_change": -0.25212692451454255
    },
    {
      "date": "2021-07-03T00:00:00",
      "quarter_label": "2021-07 (Q3)",
      "revenue": 915100000,
      "gross_profit": 366700000,
      "operating_income": 149100000,
      "net_income": 96900000,
      "opex": 217600000,
      "cogs": 548400000,
      "rd": null,
      "sga": 214200000,
      "fcf": 113600000,
      "ocf": 135800000,
      "capex": -22200000,
      "gross_margin": 0.40072123265216913,
      "op_margin": 0.1629330127854879,
      "fcf_margin": 0.1241394383127527,
      "op_leverage_ratio": 11.883775591253182,
      "fcf_margin_change": 0.17190977758428339
    },
    {
      "date": "2021-10-02T00:00:00",
      "quarter_label": "2021-10 (Q4)",
      "revenue": 862400000,
      "gross_profit": 340700000,
      "operating_income": 130500000,
      "net_income": 70200000,
      "opex": 210200000,
      "cogs": 521700000,
      "rd": null,
      "sga": 217400000,
      "fcf": 85600000,
      "ocf": 101700000,
      "capex": -16100000,
      "gross_margin": 0.3950602968460111,
      "op_margin": 0.15132189239332097,
      "fcf_margin": 0.09925788497217068,
      "fcf_margin_change": -0.02488155334058202
    },
    {
      "date": "2022-01-01T00:00:00",
      "quarter_label": "2022-01 (Q1)",
      "revenue": 815600000,
      "gross_profit": 286300000,
      "operating_income": 75900000,
      "net_income": 62700000,
      "opex": 210400000,
      "cogs": 529300000,
      "rd": null,
      "sga": 209500000,
      "fcf": 147600000,
      "ocf": 168900000,
      "capex": -21300000,
      "gross_margin": 0.35102991662579697,
      "op_margin": 0.0930603236880824,
      "fcf_margin": 0.18097106424717999,
      "incr_op_margin_yoy": -0.4439252336448598,
      "rev_growth_yoy": 0.02694535381515991,
      "fcf_margin_change": 0.0817131792750093
    },
    {
      "date": "2022-04-02T00:00:00",
      "quarter_label": "2022-04 (Q2)",
      "revenue": 893400000,
      "gross_profit": 304900000,
      "operating_income": 68400000,
      "net_income": 30900000,
      "opex": 236500000,
      "cogs": 588500000,
      "rd": null,
      "sga": 235200000,
      "fcf": -122800000,
      "ocf": -105400000,
      "capex": -17400000,
      "gross_margin": 0.3412805014551153,
      "op_margin": 0.07656145063801209,
      "fcf_margin": -0.1374524289232147,
      "incr_op_margin_yoy": -4.975206611570248,
      "rev_growth_yoy": 0.013729717462838988,
      "rev_growth_yoy_accel": -0.013215636352320922,
      "op_leverage_ratio": 0.7689668325882832,
      "fcf_margin_change": -0.31842349317039464
    },
    {
      "date": "2022-07-02T00:00:00",
      "quarter_label": "2022-07 (Q3)",
      "revenue": 906800000,
      "gross_profit": 326200000,
      "operating_income": 112700000,
      "net_income": 53100000,
      "opex": 213500000,
      "cogs": 580600000,
      "rd": null,
      "sga": 209100000,
      "fcf": 6100000,
      "ocf": 23600000,
      "capex": -17500000,
      "gross_margin": 0.3597265108072342,
      "op_margin": 0.12428319364799294,
      "fcf_margin": 0.006726951918835465,
      "incr_op_margin_yoy": 4.385542168674699,
      "rev_growth_yoy": -0.009070046989400065,
      "rev_growth_yoy_accel": -0.022799764452239052,
      "op_leverage_ratio": Infinity,
      "fcf_margin_change": 0.14417938084205015
    },
    {
      "date": "2022-10-01T00:00:00",
      "quarter_label": "2022-10 (Q4)",
      "revenue": 860700000,
      "gross_profit": 309500000,
      "operating_income": 103800000,
      "net_income": 51900000,
      "opex": 205700000,
      "cogs": 551200000,
      "rd": null,
      "sga": 199700000,
      "fcf": 76500000,
      "ocf": 100600000,
      "capex": -24100000,
      "gross_margin": 0.35959103055652375,
      "op_margin": 0.12059951202509585,
      "fcf_margin": 0.08888114325548972,
      "incr_op_margin_yoy": 15.705882352941176,
      "rev_growth_yoy": -0.001971243042671614,
      "rev_growth_yoy_accel": 0.007098803946728452,
      "fcf_margin_change": 0.08215419133665426
    },
    {
      "date": "2022-12-31T00:00:00",
      "quarter_label": "2022-12 (Q4)",
      "revenue": 893300000,
      "gross_profit": 310000000,
      "operating_income": 99100000,
      "net_income": 84900000,
      "opex": 210900000,
      "cogs": 583300000,
      "rd": null,
      "sga": 209700000,
      "fcf": 228400000,
      "ocf": 247000000,
      "capex": -18600000,
      "gross_margin": 0.3470278741744095,
      "op_margin": 0.11093697526027091,
      "fcf_margin": 0.2556811821336617,
      "incr_op_margin_yoy": 0.2985842985842986,
      "rev_growth_yoy": 0.09526728788621873,
      "rev_growth_yoy_accel": 0.09723853092889034,
      "op_leverage_ratio": 1.4982929815624135,
      "fcf_margin_change": 0.16680003887817196
    },
    {
      "date": "2023-04-01T00:00:00",
      "quarter_label": "2023-04 (Q2)",
      "revenue": 897700000,
      "gross_profit": 325100000,
      "operating_income": 87300000,
      "net_income": 26400000,
      "opex": 237800000,
      "cogs": 572600000,
      "rd": null,
      "sga": 232100000,
      "fcf": 40700000,
      "ocf": 52500000,
      "capex": -11800000,
      "gross_margin": 0.36214771081653113,
      "op_margin": 0.09724852400579258,
      "fcf_margin": 0.04533808622034087,
      "incr_op_margin_yoy": 4.395348837209302,
      "rev_growth_yoy": 0.004813073651220058,
      "rev_growth_yoy_accel": -0.09045421423499866,
      "fcf_margin_change": -0.21034309591332084
    },
    {
      "date": "2023-07-01T00:00:00",
      "quarter_label": "2023-07 (Q3)",
      "revenue": 936300000,
      "gross_profit": 352700000,
      "operating_income": 129100000,
      "net_income": 64900000,
      "opex": 223600000,
      "cogs": 583600000,
      "rd": null,
      "sga": 220700000,
      "fcf": 118800000,
      "ocf": 131400000,
      "capex": -12600000,
      "gross_margin": 0.37669550357791304,
      "op_margin": 0.1378831571077646,
      "fcf_margin": 0.1268824094841397,
      "incr_op_margin_yoy": 0.5559322033898305,
      "rev_growth_yoy": 0.03253198059108955,
      "rev_growth_yoy_accel": 0.02771890693986949,
      "op_leverage_ratio": Infinity,
      "fcf_margin_change": 0.08154432326379883
    },
    {
      "date": "2023-09-30T00:00:00",
      "quarter_label": "2023-09 (Q3)",
      "revenue": 872900000,
      "gross_profit": 343400000,
      "operating_income": 125900000,
      "net_income": 78700000,
      "opex": 217500000,
      "cogs": 529500000,
      "rd": null,
      "sga": 213400000,
      "fcf": 92600000,
      "ocf": 107800000,
      "capex": -15200000,
      "gross_margin": 0.3934013059915225,
      "op_margin": 0.14423187077557567,
      "fcf_margin": 0.10608317103906519,
      "incr_op_margin_yoy": 1.8114754098360655,
      "rev_growth_yoy": 0.014174509120483328,
      "rev_growth_yoy_accel": -0.01835747147060622,
      "fcf_margin_change": -0.020799238445074517
    },
    {
      "date": "2023-12-30T00:00:00",
      "quarter_label": "2023-12 (Q4)",
      "revenue": 863300000,
      "gross_profit": 337700000,
      "operating_income": 120300000,
      "net_income": 62900000,
      "opex": 217400000,
      "cogs": 525600000,
      "rd": null,
      "sga": 216000000,
      "fcf": 167700000,
      "ocf": 189300000,
      "capex": -21600000,
      "gross_margin": 0.3911734043785474,
      "op_margin": 0.13934900961427082,
      "fcf_margin": 0.19425460442488127,
      "incr_op_margin_yoy": -0.7066666666666667,
      "rev_growth_yoy": -0.03358334266203963,
      "rev_growth_yoy_accel": -0.04775785178252295,
      "fcf_margin_change": 0.08817143338581608
    },
    {
      "date": "2024-03-30T00:00:00",
      "quarter_label": "2024-03 (Q1)",
      "revenue": 862600000,
      "gross_profit": 330000000,
      "operating_income": 116700000,
      "net_income": 40000000,
      "opex": 213300000,
      "cogs": 532600000,
      "rd": null,
      "sga": 211700000,
      "fcf": -37000000,
      "ocf": -21000000,
      "capex": -16000000,
      "gross_margin": 0.38256434036633435,
      "op_margin": 0.1352886621840946,
      "fcf_margin": -0.04289357755622537,
      "incr_op_margin_yoy": -0.8376068376068376,
      "rev_growth_yoy": -0.039099922022947535,
      "rev_growth_yoy_accel": -0.005516579360907908,
      "fcf_margin_change": -0.23714818198110663
    },
    {
      "date": "2024-06-29T00:00:00",
      "quarter_label": "2024-06 (Q2)",
      "revenue": 885500000,
      "gross_profit": 357400000,
      "operating_income": 136200000,
      "net_income": 70700000,
      "opex": 221200000,
      "cogs": 528100000,
      "rd": null,
      "sga": 218300000,
      "fcf": 71900000,
      "ocf": 93800000,
      "capex": -21900000,
      "gross_margin": 0.403613777526821,
      "op_margin": 0.15381140598531903,
      "fcf_margin": 0.08119706380575946,
      "incr_op_margin_yoy": -0.13976377952755906,
      "rev_growth_yoy": -0.05425611449321799,
      "rev_growth_yoy_accel": -0.015156192470270453,
      "op_leverage_ratio": 0.7167864595409228,
      "fcf_margin_change": 0.12409064136198483
    },
    {
      "date": "2024-09-28T00:00:00",
      "quarter_label": "2024-09 (Q3)",
      "revenue": 830700000,
      "gross_profit": 335800000,
      "operating_income": 113200000,
      "net_income": 47600000,
      "opex": 222600000,
      "cogs": 494900000,
      "rd": null,
      "sga": 219900000,
      "fcf": 94000000,
      "ocf": 115900000,
      "capex": -21900000,
      "gross_margin": 0.4042373901528831,
      "op_margin": 0.13627061514385458,
      "fcf_margin": 0.11315757794631034,
      "incr_op_margin_yoy": 0.3009478672985782,
      "rev_growth_yoy": -0.04834459846488716,
      "rev_growth_yoy_accel": 0.005911516028330829,
      "fcf_margin_change": 0.031960514140550886
    },
    {
      "date": "2024-12-28T00:00:00",
      "quarter_label": "2024-12 (Q4)",
      "revenue": 829400000,
      "gross_profit": 335300000,
      "operating_income": 112600000,
      "net_income": 36600000,
      "opex": 222700000,
      "cogs": 494100000,
      "rd": null,
      "sga": 220100000,
      "fcf": 167600000,
      "ocf": 190900000,
      "capex": -23300000,
      "gross_margin": 0.404268145647456,
      "op_margin": 0.13576079093320473,
      "fcf_margin": 0.20207378828068484,
      "incr_op_margin_yoy": 0.22713864306784662,
      "rev_growth_yoy": -0.039267925402525196,
      "rev_growth_yoy_accel": 0.009076673062361963,
      "fcf_margin_change": 0.0889162103343745
    },
    {
      "date": "2025-03-29T00:00:00",
      "quarter_label": "2025-03 (Q1)",
      "revenue": 847600000,
      "gross_profit": 344600000,
      "operating_income": 124700000,
      "net_income": 62000000,
      "opex": 219900000,
      "cogs": 503000000,
      "rd": null,
      "sga": 217300000,
      "fcf": -10200000,
      "ocf": 7300000,
      "capex": -17500000,
      "gross_margin": 0.40655969797074093,
      "op_margin": 0.14712128362435112,
      "fcf_margin": -0.012033978291647004,
      "incr_op_margin_yoy": -0.5333333333333333,
      "rev_growth_yoy": -0.017389288198469743,
      "rev_growth_yoy_accel": 0.021878637204055452,
      "op_leverage_ratio": Infinity,
      "fcf_margin_change": -0.21410776657233185
    },
    {
      "date": "2025-06-28T00:00:00",
      "quarter_label": "2025-06 (Q2)",
      "revenue": 883700000,
      "gross_profit": 360200000,
      "operating_income": 115800000,
      "net_income": 56500000,
      "opex": 244400000,
      "cogs": 523500000,
      "rd": null,
      "sga": 231200000,
      "fcf": 83600000,
      "ocf": 103000000,
      "capex": -19400000,
      "gross_margin": 0.4076043906303044,
      "op_margin": 0.13103994568292407,
      "fcf_margin": 0.09460224057938214,
      "incr_op_margin_yoy": 11.333333333333334,
      "rev_growth_yoy": -0.0020327498588368154,
      "rev_growth_yoy_accel": 0.015356538339632929,
      "op_leverage_ratio": 0.3822745615471294,
      "fcf_margin_change": 0.10663621887102914
    },
    {
      "date": "2025-09-27T00:00:00",
      "quarter_label": "2025-09 (Q3)",
      "revenue": 855700000,
      "gross_profit": 341600000,
      "operating_income": 115400000,
      "net_income": 81600000,
      "opex": 226200000,
      "cogs": 514100000,
      "rd": null,
      "sga": 219200000,
      "fcf": 80500000,
      "ocf": 98000000,
      "capex": -17500000,
      "gross_margin": 0.39920532897043354,
      "op_margin": 0.13486034825289236,
      "fcf_margin": 0.09407502629426201,
      "incr_op_margin_yoy": 0.088,
      "rev_growth_yoy": 0.03009510051763573,
      "rev_growth_yoy_accel": 0.03212785037647255,
      "fcf_margin_change": -0.0005272142851201339
    }
  ],
  "signals": [
    {
      "quarter": "2025-06 (Q2)",
      "signal": "FCF TURNED POSITIVE",
      "detail": "FCF margin: -1.2% -> +9.5%",
      "severity": "HIGH"
    },
    {
      "quarter": "2025-06 (Q2)",
      "signal": "INCREMENTAL MARGIN (YoY)",
      "detail": "YoY Incr OPM: +1133.3% vs year-ago OPM: +15.4%",
      "severity": "HIGH"
    },
    {
      "quarter": "2024-12 (Q4)",
      "signal": "FCF MARGIN EXPANSION",
      "detail": "FCF margin: +11.3% -> +20.2% (+8.9%)",
      "severity": "MEDIUM"
    },
    {
      "quarter": "2024-09 (Q3)",
      "signal": "INCREMENTAL MARGIN (YoY)",
      "detail": "YoY Incr OPM: +30.1% vs year-ago OPM: +14.4%",
      "severity": "MEDIUM"
    },
    {
      "quarter": "2024-06 (Q2)",
      "signal": "FCF TURNED POSITIVE",
      "detail": "FCF margin: -4.3% -> +8.1%",
      "severity": "HIGH"
    },
    {
      "quarter": "2024-06 (Q2)",
      "signal": "GROSS MARGIN INFLECTION",
      "detail": "GM: +39.1% -> +38.3% -> +40.4% (reversal +2.1%)",
      "severity": "MEDIUM"
    },
    {
      "quarter": "2023-12 (Q4)",
      "signal": "FCF MARGIN EXPANSION",
      "detail": "FCF margin: +10.6% -> +19.4% (+8.8%)",
      "severity": "MEDIUM"
    },
    {
      "quarter": "2023-09 (Q3)",
      "signal": "INCREMENTAL MARGIN (YoY)",
      "detail": "YoY Incr OPM: +181.1% vs year-ago OPM: +12.1%",
      "severity": "HIGH"
    },
    {
      "quarter": "2023-07 (Q3)",
      "signal": "FCF MARGIN EXPANSION",
      "detail": "FCF margin: +4.5% -> +12.7% (+8.2%)",
      "severity": "MEDIUM"
    },
    {
      "quarter": "2023-07 (Q3)",
      "signal": "INCREMENTAL MARGIN (YoY)",
      "detail": "YoY Incr OPM: +55.6% vs year-ago OPM: +12.4%",
      "severity": "HIGH"
    },
    {
      "quarter": "2023-04 (Q2)",
      "signal": "YoY REVENUE GROWTH DECELERATION",
      "detail": "YoY growth: +0.5% vs prior quarter YoY: +9.5% (decel: -9.0%)",
      "severity": "WARNING"
    },
    {
      "quarter": "2023-04 (Q2)",
      "signal": "INCREMENTAL MARGIN (YoY)",
      "detail": "YoY Incr OPM: +439.5% vs year-ago OPM: +7.7%",
      "severity": "HIGH"
    },
    {
      "quarter": "2022-12 (Q4)",
      "signal": "FCF MARGIN EXPANSION",
      "detail": "FCF margin: +8.9% -> +25.6% (+16.7%)",
      "severity": "MEDIUM"
    },
    {
      "quarter": "2022-12 (Q4)",
      "signal": "YoY REVENUE GROWTH ACCELERATION",
      "detail": "YoY growth: +9.5% vs prior quarter YoY: -0.2% (accel: +9.7%)",
      "severity": "MEDIUM"
    },
    {
      "quarter": "2022-12 (Q4)",
      "signal": "INCREMENTAL MARGIN (YoY)",
      "detail": "YoY Incr OPM: +29.9% vs year-ago OPM: +9.3%",
      "severity": "HIGH"
    },
    {
      "quarter": "2022-10 (Q4)",
      "signal": "FCF MARGIN EXPANSION",
      "detail": "FCF margin: +0.7% -> +8.9% (+8.2%)",
      "severity": "MEDIUM"
    },
    {
      "quarter": "2022-10 (Q4)",
      "signal": "INCREMENTAL MARGIN (YoY)",
      "detail": "YoY Incr OPM: +1570.6% vs year-ago OPM: +15.1%",
      "severity": "HIGH"
    },
    {
      "quarter": "2022-07 (Q3)",
      "signal": "FCF TURNED POSITIVE",
      "detail": "FCF margin: -13.7% -> +0.7%",
      "severity": "HIGH"
    },
    {
      "quarter": "2022-07 (Q3)",
      "signal": "INCREMENTAL MARGIN (YoY)",
      "detail": "YoY Incr OPM: +438.6% vs year-ago OPM: +16.3%",
      "severity": "HIGH"
    },
    {
      "quarter": "2022-01 (Q1)",
      "signal": "FCF MARGIN EXPANSION",
      "detail": "FCF margin: +9.9% -> +18.1% (+8.2%)",
      "severity": "MEDIUM"
    },
    {
      "quarter": "2021-07 (Q3)",
      "signal": "FCF TURNED POSITIVE",
      "detail": "FCF margin: -4.8% -> +12.4%",
      "severity": "HIGH"
    },
    {
      "quarter": "2021-07 (Q3)",
      "signal": "OPERATING LEVERAGE",
      "detail": "Rev growth +3.8% vs OpEx growth +0.3% (leverage: 11.9x)",
      "severity": "MEDIUM"
    },
    {
      "quarter": "2021-04 (Q2)",
      "signal": "OPERATING LEVERAGE",
      "detail": "Rev growth +11.0% vs OpEx growth +0.2% (leverage: 47.5x)",
      "severity": "MEDIUM"
    }
  ],
  "data_quality": {
    "n_quarters": 20,
    "coverage": {
      "revenue": [
        20,
        20
      ],
      "gross_profit": [
        20,
        20
      ],
      "op_income": [
        20,
        20
      ],
      "fcf": [
        20,
        20
      ]
    },
    "gaps": [],
    "warnings": []
  },
  "market_cap": null,
  "source": "SEC EDGAR",
  "last_updated": "2026-02-02T20:57:19.651255"
}