{
  "ticker": "GTLB",
  "name": "GITLAB INC.",
  "quarters": [
    {
      "date": "2021-01-31T00:00:00",
      "quarter_label": "2021-01 (Q1)",
      "revenue": 46147000,
      "gross_profit": 39922000,
      "operating_income": -128456000,
      "net_income": -120038000,
      "opex": 168378000,
      "cogs": 6225000,
      "rd": 48701000,
      "sga": null,
      "fcf": -7360000,
      "ocf": -7360000,
      "capex": null,
      "gross_margin": 0.8651049905736018,
      "op_margin": -2.783626237891954,
      "fcf_margin": -0.15949032439811905
    },
    {
      "date": "2021-04-30T00:00:00",
      "quarter_label": "2021-04 (Q2)",
      "revenue": 49930000,
      "gross_profit": 43505000,
      "operating_income": -26028000,
      "net_income": -27937000,
      "opex": 69533000,
      "cogs": 6425000,
      "rd": 21340000,
      "sga": null,
      "fcf": -21521000,
      "ocf": -21521000,
      "capex": null,
      "gross_margin": 0.8713198477869016,
      "op_margin": -0.5212898057280192,
      "fcf_margin": -0.4310234328059283,
      "op_leverage_ratio": Infinity,
      "fcf_margin_change": -0.27153310840780925
    },
    {
      "date": "2021-07-31T00:00:00",
      "quarter_label": "2021-07 (Q3)",
      "revenue": 58127000,
      "gross_profit": 50935000,
      "operating_income": -29831000,
      "net_income": -40189000,
      "opex": 80766000,
      "cogs": 7192000,
      "rd": 22603000,
      "sga": null,
      "fcf": -17120000,
      "ocf": -17120000,
      "capex": null,
      "gross_margin": 0.8762709240112169,
      "op_margin": -0.5132038467493591,
      "fcf_margin": -0.29452750012902784,
      "op_leverage_ratio": 1.0162219647344257,
      "fcf_margin_change": 0.13649593267690047
    },
    {
      "date": "2021-10-31T00:00:00",
      "quarter_label": "2021-10 (Q4)",
      "revenue": 66800000,
      "gross_profit": 59605000,
      "operating_income": -32541000,
      "net_income": -41227000,
      "opex": 92146000,
      "cogs": 7195000,
      "rd": 24664000,
      "sga": null,
      "fcf": -10079000,
      "ocf": -10079000,
      "capex": null,
      "gross_margin": 0.8922904191616766,
      "op_margin": -0.4871407185628743,
      "fcf_margin": -0.15088323353293412,
      "op_leverage_ratio": 1.0589555963801824,
      "fcf_margin_change": 0.14364426659609372
    },
    {
      "date": "2022-01-31T00:00:00",
      "quarter_label": "2022-01 (Q1)",
      "revenue": 77796000,
      "gross_profit": 68623000,
      "operating_income": -40557000,
      "net_income": -45785000,
      "opex": 109180000,
      "cogs": 9173000,
      "rd": 28610000,
      "sga": null,
      "fcf": -4635000,
      "ocf": -1094000,
      "capex": -3541000,
      "gross_margin": 0.8820890534217698,
      "op_margin": -0.5213250038562394,
      "fcf_margin": -0.05957889865802869,
      "incr_op_margin_yoy": 2.7773073398843566,
      "rev_growth_yoy": 0.6858300647929443,
      "op_leverage_ratio": 0.8904675819196408,
      "fcf_margin_change": 0.09130433487490543
    },
    {
      "date": "2022-04-30T00:00:00",
      "quarter_label": "2022-04 (Q2)",
      "revenue": 87407000,
      "gross_profit": 77559000,
      "operating_income": -42873000,
      "net_income": -26099000,
      "opex": 120432000,
      "cogs": 9848000,
      "rd": 31830000,
      "sga": null,
      "fcf": -30030000,
      "ocf": -28156000,
      "capex": -1874000,
      "gross_margin": 0.8873316782408731,
      "op_margin": -0.49049847266237256,
      "fcf_margin": -0.343565160685071,
      "incr_op_margin_yoy": -0.4494756784160952,
      "rev_growth_yoy": 0.7505908271580213,
      "rev_growth_yoy_accel": 0.064760762365077,
      "op_leverage_ratio": 1.198739113446405,
      "fcf_margin_change": -0.2839862620270423
    },
    {
      "date": "2022-07-31T00:00:00",
      "quarter_label": "2022-07 (Q3)",
      "revenue": 101041000,
      "gross_profit": 88011000,
      "operating_income": -65302000,
      "net_income": -59024000,
      "opex": 153313000,
      "cogs": 13030000,
      "rd": 39520000,
      "sga": null,
      "fcf": -37695000,
      "ocf": -36335000,
      "capex": -1360000,
      "gross_margin": 0.8710424481151215,
      "op_margin": -0.6462920992468404,
      "fcf_margin": -0.37306637899466555,
      "incr_op_margin_yoy": -0.8265600969380622,
      "rev_growth_yoy": 0.7382799731622137,
      "rev_growth_yoy_accel": -0.012310853995807558,
      "op_leverage_ratio": 0.5713128030599693,
      "fcf_margin_change": -0.029501218309594568
    },
    {
      "date": "2022-10-31T00:00:00",
      "quarter_label": "2022-10 (Q4)",
      "revenue": 112981000,
      "gross_profit": 98417000,
      "operating_income": -56962000,
      "net_income": -48455000,
      "opex": 155379000,
      "cogs": 14564000,
      "rd": 41113000,
      "sga": null,
      "fcf": -2981000,
      "ocf": -1197000,
      "capex": -1784000,
      "gross_margin": 0.8710933696816279,
      "op_margin": -0.5041732680716227,
      "fcf_margin": -0.026384967383896406,
      "incr_op_margin_yoy": -0.528810549793205,
      "rev_growth_yoy": 0.6913323353293414,
      "rev_growth_yoy_accel": -0.04694763783287237,
      "op_leverage_ratio": 8.769106725799528,
      "fcf_margin_change": 0.34668141161076915
    },
    {
      "date": "2023-01-31T00:00:00",
      "quarter_label": "2023-01 (Q1)",
      "revenue": 122907000,
      "gross_profit": 108669000,
      "operating_income": -46274000,
      "net_income": -38733000,
      "opex": 154943000,
      "cogs": 14238000,
      "rd": 43680000,
      "sga": null,
      "fcf": -12772000,
      "ocf": -11720000,
      "capex": -1052000,
      "gross_margin": 0.8841563133100637,
      "op_margin": -0.37649604985883633,
      "fcf_margin": -0.10391596898467947,
      "incr_op_margin_yoy": -0.12673183924098336,
      "rev_growth_yoy": 0.5798627178775259,
      "rev_growth_yoy_accel": -0.1114696174518155,
      "op_leverage_ratio": Infinity,
      "fcf_margin_change": -0.07753100160078306
    },
    {
      "date": "2023-04-30T00:00:00",
      "quarter_label": "2023-04 (Q2)",
      "revenue": 126878000,
      "gross_profit": 112939000,
      "operating_income": -58233000,
      "net_income": -52469000,
      "opex": 171172000,
      "cogs": 13939000,
      "rd": 50387000,
      "sga": null,
      "fcf": -11217000,
      "ocf": -10961000,
      "capex": -256000,
      "gross_margin": 0.8901385583000994,
      "op_margin": -0.45896845788868046,
      "fcf_margin": -0.08840776178691341,
      "incr_op_margin_yoy": -0.3891464619594132,
      "rev_growth_yoy": 0.45157710480853935,
      "rev_growth_yoy_accel": -0.1282856130689865,
      "op_leverage_ratio": 0.3084632777215911,
      "fcf_margin_change": 0.015508207197766063
    },
    {
      "date": "2023-07-31T00:00:00",
      "quarter_label": "2023-07 (Q3)",
      "revenue": 139581000,
      "gross_profit": 124885000,
      "operating_income": -54057000,
      "net_income": -50080000,
      "opex": 178942000,
      "cogs": 14696000,
      "rd": 49007000,
      "sga": null,
      "fcf": 26832000,
      "ocf": 27109000,
      "capex": -277000,
      "gross_margin": 0.8947134638668587,
      "op_margin": -0.38728050379349627,
      "fcf_margin": 0.19223246716960044,
      "incr_op_margin_yoy": 0.29177477944992214,
      "rev_growth_yoy": 0.38142932077077624,
      "rev_growth_yoy_accel": -0.07014778403776312,
      "op_leverage_ratio": 2.2056250227343717,
      "fcf_margin_change": 0.28064022895651386
    },
    {
      "date": "2023-10-31T00:00:00",
      "quarter_label": "2023-10 (Q4)",
      "revenue": 149668000,
      "gross_profit": 134584000,
      "operating_income": -40267000,
      "net_income": -285158000,
      "opex": 174851000,
      "cogs": 15084000,
      "rd": 49058000,
      "sga": null,
      "fcf": -6697000,
      "ocf": -5961000,
      "capex": -736000,
      "gross_margin": 0.8992169334794344,
      "op_margin": -0.2690421466178475,
      "fcf_margin": -0.044745703824464814,
      "incr_op_margin_yoy": 0.45506582713222665,
      "rev_growth_yoy": 0.3247183154689727,
      "rev_growth_yoy_accel": -0.05671100530180356,
      "op_leverage_ratio": Infinity,
      "fcf_margin_change": -0.23697817099406526
    },
    {
      "date": "2024-01-31T00:00:00",
      "quarter_label": "2024-01 (Q1)",
      "revenue": 163779000,
      "gross_profit": 147790000,
      "operating_income": -34883000,
      "net_income": -36467000,
      "opex": 182673000,
      "cogs": 15989000,
      "rd": 52388000,
      "sga": null,
      "fcf": 24524000,
      "ocf": 24853000,
      "capex": -329000,
      "gross_margin": 0.902374541302609,
      "op_margin": -0.21298823414479268,
      "fcf_margin": 0.14973836694570122,
      "incr_op_margin_yoy": 0.27869935408103347,
      "rev_growth_yoy": 0.3325441187239132,
      "rev_growth_yoy_accel": 0.007825803254940533,
      "op_leverage_ratio": 2.1075561083166385,
      "fcf_margin_change": 0.19448407077016605
    },
    {
      "date": "2024-04-30T00:00:00",
      "quarter_label": "2024-04 (Q2)",
      "revenue": 169187000,
      "gross_profit": 150411000,
      "operating_income": -53640000,
      "net_income": -54644000,
      "opex": 204051000,
      "cogs": 18776000,
      "rd": 54140000,
      "sga": null,
      "fcf": 37438000,
      "ocf": 38138000,
      "capex": -700000,
      "gross_margin": 0.8890222061978758,
      "op_margin": -0.31704563589401075,
      "fcf_margin": 0.22128177696867962,
      "incr_op_margin_yoy": 0.10855846273842445,
      "rev_growth_yoy": 0.333462065921594,
      "rev_growth_yoy_accel": 0.0009179471976807907,
      "op_leverage_ratio": 0.2821537042576269,
      "fcf_margin_change": 0.0715434100229784
    },
    {
      "date": "2024-07-31T00:00:00",
      "quarter_label": "2024-07 (Q3)",
      "revenue": 182584000,
      "gross_profit": 161214000,
      "operating_income": -41005000,
      "net_income": 12949000,
      "opex": 202219000,
      "cogs": 21370000,
      "rd": 61273000,
      "sga": null,
      "fcf": 10846000,
      "ocf": 11697000,
      "capex": -851000,
      "gross_margin": 0.882957980984095,
      "op_margin": -0.22458156245892302,
      "fcf_margin": 0.05940279542566709,
      "incr_op_margin_yoy": 0.30351370834592933,
      "rev_growth_yoy": 0.30808634412993174,
      "rev_growth_yoy_accel": -0.025375721791662254,
      "op_leverage_ratio": Infinity,
      "fcf_margin_change": -0.16187898154301253
    },
    {
      "date": "2024-10-31T00:00:00",
      "quarter_label": "2024-10 (Q4)",
      "revenue": 196047000,
      "gross_profit": 173922000,
      "operating_income": -28732000,
      "net_income": 29565000,
      "opex": 202654000,
      "cogs": 22125000,
      "rd": 61354000,
      "sga": null,
      "fcf": -178085000,
      "ocf": -177028000,
      "capex": -1057000,
      "gross_margin": 0.8871444092488026,
      "op_margin": -0.14655669303789398,
      "fcf_margin": -0.9083791131718415,
      "incr_op_margin_yoy": 0.2487117014165894,
      "rev_growth_yoy": 0.30987919929443836,
      "rev_growth_yoy_accel": 0.0017928551645066126,
      "op_leverage_ratio": 34.27771235258242,
      "fcf_margin_change": -0.9677819085975086
    },
    {
      "date": "2025-01-31T00:00:00",
      "quarter_label": "2025-01 (Q1)",
      "revenue": 211431000,
      "gross_profit": 188562000,
      "operating_income": -19338000,
      "net_income": 5804000,
      "opex": 207900000,
      "cogs": 22869000,
      "rd": 62885000,
      "sga": null,
      "fcf": 62065000,
      "ocf": 63222000,
      "capex": -1157000,
      "gross_margin": 0.8918370532230373,
      "op_margin": -0.09146246293116904,
      "fcf_margin": 0.2935473038485369,
      "incr_op_margin_yoy": 0.3262192562746579,
      "rev_growth_yoy": 0.29095305258915977,
      "rev_growth_yoy_accel": -0.01892614670527859,
      "op_leverage_ratio": 3.0313491722414296,
      "fcf_margin_change": 1.2019264170203785
    },
    {
      "date": "2025-04-30T00:00:00",
      "quarter_label": "2025-04 (Q2)",
      "revenue": 214509000,
      "gross_profit": 189474000,
      "operating_income": -34610000,
      "net_income": -35875000,
      "opex": 224084000,
      "cogs": 25035000,
      "rd": 65410000,
      "sga": null,
      "fcf": 105390000,
      "ocf": 106302000,
      "capex": -912000,
      "gross_margin": 0.8832916101422318,
      "op_margin": -0.16134521162282237,
      "fcf_margin": 0.49130805700460123,
      "incr_op_margin_yoy": 0.419884382860421,
      "rev_growth_yoy": 0.26788110197592013,
      "rev_growth_yoy_accel": -0.023071950613239633,
      "op_leverage_ratio": 0.1870116108948744,
      "fcf_margin_change": 0.19776075315606434
    },
    {
      "date": "2025-07-31T00:00:00",
      "quarter_label": "2025-07 (Q3)",
      "revenue": 235960000,
      "gross_profit": 207455000,
      "operating_income": -18351000,
      "net_income": -9208000,
      "opex": 225806000,
      "cogs": 28505000,
      "rd": 71488000,
      "sga": null,
      "fcf": 46465000,
      "ocf": 49369000,
      "capex": -2904000,
      "gross_margin": 0.879195626377352,
      "op_margin": -0.07777165621291744,
      "fcf_margin": 0.19691896931683336,
      "incr_op_margin_yoy": 0.42442296163069543,
      "rev_growth_yoy": 0.292336677912632,
      "rev_growth_yoy_accel": 0.024455575936711882,
      "op_leverage_ratio": 13.01306879424052,
      "fcf_margin_change": -0.29438908768776784
    },
    {
      "date": "2025-10-31T00:00:00",
      "quarter_label": "2025-10 (Q4)",
      "revenue": 244353000,
      "gross_profit": 212132000,
      "operating_income": -12356000,
      "net_income": -8276000,
      "opex": 224488000,
      "cogs": 32221000,
      "rd": 68715000,
      "sga": null,
      "fcf": 28390000,
      "ocf": 31428000,
      "capex": -3038000,
      "gross_margin": 0.8681374896154334,
      "op_margin": -0.05056618907891452,
      "fcf_margin": 0.11618437260848036,
      "incr_op_margin_yoy": 0.3390055065623318,
      "rev_growth_yoy": 0.2464000979356991,
      "rev_growth_yoy_accel": -0.04593657997693293,
      "op_leverage_ratio": Infinity,
      "fcf_margin_change": -0.08073459670835301
    }
  ],
  "signals": [
    {
      "quarter": "2025-07 (Q3)",
      "signal": "OPERATING LEVERAGE",
      "detail": "Rev growth +10.0% vs OpEx growth +0.8% (leverage: 13.0x)",
      "severity": "MEDIUM"
    },
    {
      "quarter": "2025-04 (Q2)",
      "signal": "FCF MARGIN EXPANSION",
      "detail": "FCF margin: +29.4% -> +49.1% (+19.8%)",
      "severity": "MEDIUM"
    },
    {
      "quarter": "2025-01 (Q1)",
      "signal": "FCF TURNED POSITIVE",
      "detail": "FCF margin: -90.8% -> +29.4%",
      "severity": "HIGH"
    },
    {
      "quarter": "2025-01 (Q1)",
      "signal": "OPERATING LEVERAGE",
      "detail": "Rev growth +7.8% vs OpEx growth +2.6% (leverage: 3.0x)",
      "severity": "MEDIUM"
    },
    {
      "quarter": "2024-10 (Q4)",
      "signal": "OPERATING LEVERAGE",
      "detail": "Rev growth +7.4% vs OpEx growth +0.2% (leverage: 34.3x)",
      "severity": "MEDIUM"
    },
    {
      "quarter": "2024-04 (Q2)",
      "signal": "FCF MARGIN EXPANSION",
      "detail": "FCF margin: +15.0% -> +22.1% (+7.2%)",
      "severity": "MEDIUM"
    },
    {
      "quarter": "2024-01 (Q1)",
      "signal": "FCF TURNED POSITIVE",
      "detail": "FCF margin: -4.5% -> +15.0%",
      "severity": "HIGH"
    },
    {
      "quarter": "2024-01 (Q1)",
      "signal": "OPERATING LEVERAGE",
      "detail": "Rev growth +9.4% vs OpEx growth +4.5% (leverage: 2.1x)",
      "severity": "MEDIUM"
    },
    {
      "quarter": "2023-10 (Q4)",
      "signal": "YoY REVENUE GROWTH DECELERATION",
      "detail": "YoY growth: +32.5% vs prior quarter YoY: +38.1% (decel: -5.7%)",
      "severity": "WARNING"
    },
    {
      "quarter": "2023-07 (Q3)",
      "signal": "FCF TURNED POSITIVE",
      "detail": "FCF margin: -8.8% -> +19.2%",
      "severity": "HIGH"
    },
    {
      "quarter": "2023-07 (Q3)",
      "signal": "OPERATING LEVERAGE",
      "detail": "Rev growth +10.0% vs OpEx growth +4.5% (leverage: 2.2x)",
      "severity": "MEDIUM"
    },
    {
      "quarter": "2023-07 (Q3)",
      "signal": "YoY REVENUE GROWTH DECELERATION",
      "detail": "YoY growth: +38.1% vs prior quarter YoY: +45.2% (decel: -7.0%)",
      "severity": "WARNING"
    },
    {
      "quarter": "2023-04 (Q2)",
      "signal": "YoY REVENUE GROWTH DECELERATION",
      "detail": "YoY growth: +45.2% vs prior quarter YoY: +58.0% (decel: -12.8%)",
      "severity": "WARNING"
    },
    {
      "quarter": "2023-01 (Q1)",
      "signal": "YoY REVENUE GROWTH DECELERATION",
      "detail": "YoY growth: +58.0% vs prior quarter YoY: +69.1% (decel: -11.1%)",
      "severity": "WARNING"
    },
    {
      "quarter": "2022-10 (Q4)",
      "signal": "FCF MARGIN EXPANSION",
      "detail": "FCF margin: -37.3% -> -2.6% (+34.7%)",
      "severity": "MEDIUM"
    },
    {
      "quarter": "2022-10 (Q4)",
      "signal": "OPERATING LEVERAGE",
      "detail": "Rev growth +11.8% vs OpEx growth +1.3% (leverage: 8.8x)",
      "severity": "MEDIUM"
    },
    {
      "quarter": "2022-04 (Q2)",
      "signal": "YoY REVENUE GROWTH ACCELERATION",
      "detail": "YoY growth: +75.1% vs prior quarter YoY: +68.6% (accel: +6.5%)",
      "severity": "MEDIUM"
    },
    {
      "quarter": "2022-01 (Q1)",
      "signal": "FCF MARGIN EXPANSION",
      "detail": "FCF margin: -15.1% -> -6.0% (+9.1%)",
      "severity": "MEDIUM"
    },
    {
      "quarter": "2021-10 (Q4)",
      "signal": "FCF MARGIN EXPANSION",
      "detail": "FCF margin: -29.5% -> -15.1% (+14.4%)",
      "severity": "MEDIUM"
    },
    {
      "quarter": "2021-07 (Q3)",
      "signal": "FCF MARGIN EXPANSION",
      "detail": "FCF margin: -43.1% -> -29.5% (+13.6%)",
      "severity": "MEDIUM"
    }
  ],
  "data_quality": {
    "n_quarters": 20,
    "coverage": {
      "revenue": [
        20,
        20
      ],
      "gross_profit": [
        20,
        20
      ],
      "op_income": [
        20,
        20
      ],
      "fcf": [
        20,
        20
      ]
    },
    "gaps": [],
    "warnings": []
  },
  "market_cap": null,
  "source": "SEC EDGAR",
  "last_updated": "2026-02-02T20:54:45.084640"
}