{
  "ticker": "GTLS",
  "name": "CHART INDUSTRIES, INC.",
  "quarters": [
    {
      "date": "2020-12-31T00:00:00",
      "quarter_label": "2020-12 (Q4)",
      "revenue": 312400000,
      "gross_profit": 87900000,
      "operating_income": 22500000,
      "net_income": 257800000,
      "opex": 65400000,
      "cogs": 224500000,
      "rd": null,
      "sga": 41000000,
      "fcf": 49600000,
      "ocf": 60200000,
      "capex": -10600000,
      "gross_margin": 0.2813700384122919,
      "op_margin": 0.07202304737516005,
      "fcf_margin": 0.1587708066581306
    },
    {
      "date": "2021-03-31T00:00:00",
      "quarter_label": "2021-03 (Q1)",
      "revenue": 288500000,
      "gross_profit": 83900000,
      "operating_income": 28900000,
      "net_income": 25600000,
      "opex": 55000000,
      "cogs": 204600000,
      "rd": null,
      "sga": 46200000,
      "fcf": -3200000,
      "ocf": 8300000,
      "capex": -11500000,
      "gross_margin": 0.2908145580589255,
      "op_margin": 0.10017331022530329,
      "fcf_margin": -0.011091854419410746,
      "fcf_margin_change": -0.16986266107754133
    },
    {
      "date": "2021-06-30T00:00:00",
      "quarter_label": "2021-06 (Q2)",
      "revenue": 322000000,
      "gross_profit": 83200000,
      "operating_income": 25600000,
      "net_income": 6500000,
      "opex": 57600000,
      "cogs": 238800000,
      "rd": null,
      "sga": 48000000,
      "fcf": -51800000,
      "ocf": -36600000,
      "capex": -15200000,
      "gross_margin": 0.25838509316770186,
      "op_margin": 0.07950310559006211,
      "fcf_margin": -0.1608695652173913,
      "op_leverage_ratio": 2.456339154779363,
      "fcf_margin_change": -0.14977771079798055
    },
    {
      "date": "2021-09-30T00:00:00",
      "quarter_label": "2021-09 (Q3)",
      "revenue": 328300000,
      "gross_profit": 74900000,
      "operating_income": 13700000,
      "net_income": 14900000,
      "opex": 61200000,
      "cogs": 253400000,
      "rd": null,
      "sga": 51100000,
      "fcf": -23100000,
      "ocf": -13300000,
      "capex": -9800000,
      "gross_margin": 0.2281449893390192,
      "op_margin": 0.041730124885775204,
      "fcf_margin": -0.07036247334754797,
      "op_leverage_ratio": 0.3130434782608696,
      "fcf_margin_change": 0.09050709186984332
    },
    {
      "date": "2021-12-31T00:00:00",
      "quarter_label": "2021-12 (Q4)",
      "revenue": 378900000,
      "gross_profit": 82200000,
      "operating_income": 20400000,
      "net_income": 12100000,
      "opex": 61900000,
      "cogs": 296700000,
      "rd": null,
      "sga": 51500000,
      "fcf": 4100000,
      "ocf": 20300000,
      "capex": -16200000,
      "gross_margin": 0.21694378463974665,
      "op_margin": 0.053840063341250986,
      "fcf_margin": 0.010820797044074954,
      "incr_op_margin_yoy": -0.031578947368421054,
      "rev_growth_yoy": 0.21286811779769527,
      "op_leverage_ratio": 13.475131630477351,
      "fcf_margin_change": 0.08118327039162293
    },
    {
      "date": "2022-03-31T00:00:00",
      "quarter_label": "2022-03 (Q1)",
      "revenue": 354100000,
      "gross_profit": 83700000,
      "operating_income": 20100000,
      "net_income": 10200000,
      "opex": 63600000,
      "cogs": 270400000,
      "rd": null,
      "sga": 53500000,
      "fcf": -34800000,
      "ocf": -22200000,
      "capex": -12600000,
      "gross_margin": 0.2363739056763626,
      "op_margin": 0.05676362609432364,
      "fcf_margin": -0.09827732279017226,
      "incr_op_margin_yoy": -0.13414634146341464,
      "rev_growth_yoy": 0.2273830155979203,
      "rev_growth_yoy_accel": 0.014514897800225024,
      "fcf_margin_change": -0.10909811983424722
    },
    {
      "date": "2022-06-30T00:00:00",
      "quarter_label": "2022-06 (Q2)",
      "revenue": 404800000,
      "gross_profit": 94800000,
      "operating_income": 29600000,
      "net_income": 13000000,
      "opex": 65200000,
      "cogs": 310000000,
      "rd": null,
      "sga": 53500000,
      "fcf": 17500000,
      "ocf": 34700000,
      "capex": -17200000,
      "gross_margin": 0.2341897233201581,
      "op_margin": 0.07312252964426877,
      "fcf_margin": 0.04323122529644269,
      "incr_op_margin_yoy": 0.04830917874396135,
      "rev_growth_yoy": 0.2571428571428571,
      "rev_growth_yoy_accel": 0.029759841544936827,
      "op_leverage_ratio": 5.6914007342558595,
      "fcf_margin_change": 0.14150854808661495
    },
    {
      "date": "2022-09-30T00:00:00",
      "quarter_label": "2022-09 (Q3)",
      "revenue": 412100000,
      "gross_profit": 104600000,
      "operating_income": 41700000,
      "net_income": 41200000,
      "opex": 62900000,
      "cogs": 307500000,
      "rd": null,
      "sga": 52300000,
      "fcf": 19400000,
      "ocf": 37800000,
      "capex": -18400000,
      "gross_margin": 0.2538218878912885,
      "op_margin": 0.10118903178840087,
      "fcf_margin": 0.04707595243872846,
      "incr_op_margin_yoy": 0.3341288782816229,
      "rev_growth_yoy": 0.25525434054218704,
      "rev_growth_yoy_accel": -0.001888516600670076,
      "op_leverage_ratio": Infinity,
      "fcf_margin_change": 0.0038447271422857726
    },
    {
      "date": "2022-12-31T00:00:00",
      "quarter_label": "2022-12 (Q4)",
      "revenue": 441400000,
      "gross_profit": 124300000,
      "operating_income": 60100000,
      "net_income": -40400000,
      "opex": 64200000,
      "cogs": 317100000,
      "rd": null,
      "sga": 55200000,
      "fcf": 4500000,
      "ocf": 30500000,
      "capex": -26000000,
      "gross_margin": 0.2816039873130947,
      "op_margin": 0.1361576801087449,
      "fcf_margin": 0.010194834617127321,
      "incr_op_margin_yoy": 0.6352,
      "rev_growth_yoy": 0.1649511744523621,
      "rev_growth_yoy_accel": -0.09030316608982494,
      "op_leverage_ratio": 3.440109756780468,
      "fcf_margin_change": -0.03688111782160114
    },
    {
      "date": "2023-03-31T00:00:00",
      "quarter_label": "2023-03 (Q1)",
      "revenue": 537900000,
      "gross_profit": 151500000,
      "operating_income": 36200000,
      "net_income": -15000000,
      "opex": 115300000,
      "cogs": 386400000,
      "rd": null,
      "sga": 93500000,
      "fcf": -63500000,
      "ocf": -32100000,
      "capex": -31400000,
      "gross_margin": 0.28165086447295035,
      "op_margin": 0.06729875441531884,
      "fcf_margin": -0.11805168246886039,
      "incr_op_margin_yoy": 0.08759521218715996,
      "rev_growth_yoy": 0.5190624117480938,
      "rev_growth_yoy_accel": 0.3541112372957317,
      "op_leverage_ratio": 0.2746686623330676,
      "fcf_margin_change": -0.12824651708598772
    },
    {
      "date": "2023-06-30T00:00:00",
      "quarter_label": "2023-06 (Q2)",
      "revenue": 908100000,
      "gross_profit": 280600000,
      "operating_income": 95700000,
      "net_income": 9100000,
      "opex": 184900000,
      "cogs": 627500000,
      "rd": null,
      "sga": 140700000,
      "fcf": 70700000,
      "ocf": 91600000,
      "capex": -20900000,
      "gross_margin": 0.3089968065191058,
      "op_margin": 0.10538486950776346,
      "fcf_margin": 0.07785486179936131,
      "incr_op_margin_yoy": 0.1313332008742301,
      "rev_growth_yoy": 1.2433300395256917,
      "rev_growth_yoy_accel": 0.7242676277775979,
      "op_leverage_ratio": 1.1401314819444712,
      "fcf_margin_change": 0.19590654426822168
    },
    {
      "date": "2023-09-30T00:00:00",
      "quarter_label": "2023-09 (Q3)",
      "revenue": 897900000,
      "gross_profit": 276200000,
      "operating_income": 104400000,
      "net_income": 3400000,
      "opex": 171800000,
      "cogs": 621700000,
      "rd": null,
      "sga": 122800000,
      "fcf": -85700000,
      "ocf": -22600000,
      "capex": -63100000,
      "gross_margin": 0.30760663771021274,
      "op_margin": 0.11627129969929836,
      "fcf_margin": -0.09544492705201024,
      "incr_op_margin_yoy": 0.1290654590366406,
      "rev_growth_yoy": 1.1788400873574376,
      "rev_growth_yoy_accel": -0.06448995216825404,
      "fcf_margin_change": -0.17329978885137154
    },
    {
      "date": "2023-12-31T00:00:00",
      "quarter_label": "2023-12 (Q4)",
      "revenue": 1015000000,
      "gross_profit": 334300000,
      "operating_income": 156000000,
      "net_income": 49800000,
      "opex": 178300000,
      "cogs": 680700000,
      "rd": null,
      "sga": 129900000,
      "fcf": 110100000,
      "ocf": 130300000,
      "capex": -20200000,
      "gross_margin": 0.32935960591133007,
      "op_margin": 0.15369458128078817,
      "fcf_margin": 0.10847290640394089,
      "incr_op_margin_yoy": 0.16718967921896793,
      "rev_growth_yoy": 1.2995015858631627,
      "rev_growth_yoy_accel": 0.12066149850572505,
      "op_leverage_ratio": 3.4469797047812416,
      "fcf_margin_change": 0.20391783345595113
    },
    {
      "date": "2024-03-31T00:00:00",
      "quarter_label": "2024-03 (Q1)",
      "revenue": 950700000,
      "gross_profit": 302300000,
      "operating_income": 112900000,
      "net_income": 11300000,
      "opex": 189400000,
      "cogs": 648400000,
      "rd": null,
      "sga": 141500000,
      "fcf": -141200000,
      "ocf": -95100000,
      "capex": -46100000,
      "gross_margin": 0.317976228042495,
      "op_margin": 0.11875460187230462,
      "fcf_margin": -0.1485221415798885,
      "incr_op_margin_yoy": 0.18580426356589147,
      "rev_growth_yoy": 0.7674288901282766,
      "rev_growth_yoy_accel": -0.532072695734886,
      "fcf_margin_change": -0.2569950479838294
    },
    {
      "date": "2024-06-30T00:00:00",
      "quarter_label": "2024-06 (Q2)",
      "revenue": 1040300000,
      "gross_profit": 351600000,
      "operating_income": 167800000,
      "net_income": 58600000,
      "opex": 183800000,
      "cogs": 688700000,
      "rd": null,
      "sga": 136200000,
      "fcf": 88000000,
      "ocf": 116100000,
      "capex": -28100000,
      "gross_margin": 0.33797942901086225,
      "op_margin": 0.1612996251081419,
      "fcf_margin": 0.08459098337018167,
      "incr_op_margin_yoy": 0.5453857791225416,
      "rev_growth_yoy": 0.14557868076203062,
      "rev_growth_yoy_accel": -0.621850209366246,
      "op_leverage_ratio": Infinity,
      "fcf_margin_change": 0.23311312495007017
    },
    {
      "date": "2024-09-30T00:00:00",
      "quarter_label": "2024-09 (Q3)",
      "revenue": 1062500000,
      "gross_profit": 362600000,
      "operating_income": 178500000,
      "net_income": 69000000,
      "opex": 184100000,
      "cogs": 699900000,
      "rd": null,
      "sga": 135700000,
      "fcf": 174500000,
      "ocf": 200600000,
      "capex": -26100000,
      "gross_margin": 0.3412705882352941,
      "op_margin": 0.168,
      "fcf_margin": 0.16423529411764706,
      "incr_op_margin_yoy": 0.45018226002430134,
      "rev_growth_yoy": 0.1833166276868248,
      "rev_growth_yoy_accel": 0.03773794692479418,
      "op_leverage_ratio": 13.074305488801308,
      "fcf_margin_change": 0.07964431074746539
    },
    {
      "date": "2024-12-31T00:00:00",
      "quarter_label": "2024-12 (Q4)",
      "revenue": 1106800000,
      "gross_profit": 372300000,
      "operating_income": 188300000,
      "net_income": 79600000,
      "opex": 184000000,
      "cogs": 734500000,
      "rd": null,
      "sga": 134000000,
      "fcf": 260900000,
      "ocf": 281400000,
      "capex": -20500000,
      "gross_margin": 0.33637513552584025,
      "op_margin": 0.1701301048066498,
      "fcf_margin": 0.23572461149259125,
      "incr_op_margin_yoy": 0.35185185185185186,
      "rev_growth_yoy": 0.09044334975369459,
      "rev_growth_yoy_accel": -0.09287327793313022,
      "op_leverage_ratio": Infinity,
      "fcf_margin_change": 0.07148931737494418
    },
    {
      "date": "2025-03-31T00:00:00",
      "quarter_label": "2025-03 (Q1)",
      "revenue": 1001500000,
      "gross_profit": 339800000,
      "operating_income": 152300000,
      "net_income": 49500000,
      "opex": 187500000,
      "cogs": 661700000,
      "rd": null,
      "sga": 141000000,
      "fcf": -80100000,
      "ocf": -60000000,
      "capex": -20100000,
      "gross_margin": 0.3392910634048927,
      "op_margin": 0.15207189216175737,
      "fcf_margin": -0.0799800299550674,
      "incr_op_margin_yoy": 0.7755905511811023,
      "rev_growth_yoy": 0.053434311559903226,
      "rev_growth_yoy_accel": -0.03700903819379136,
      "fcf_margin_change": -0.31570464144765864
    },
    {
      "date": "2025-06-30T00:00:00",
      "quarter_label": "2025-06 (Q2)",
      "revenue": 1082300000,
      "gross_profit": 363500000,
      "operating_income": 169500000,
      "net_income": 76100000,
      "opex": 194000000,
      "cogs": 718800000,
      "rd": null,
      "sga": 145300000,
      "fcf": 122000000,
      "ocf": 145900000,
      "capex": -23900000,
      "gross_margin": 0.335858819181373,
      "op_margin": 0.15661092118636238,
      "fcf_margin": 0.1127229049246974,
      "incr_op_margin_yoy": 0.04047619047619048,
      "rev_growth_yoy": 0.040372969335768526,
      "rev_growth_yoy_accel": -0.0130613422241347,
      "op_leverage_ratio": 2.3272783132992823,
      "fcf_margin_change": 0.1927029348797648
    },
    {
      "date": "2025-09-30T00:00:00",
      "quarter_label": "2025-09 (Q3)",
      "revenue": 1100600000,
      "gross_profit": 375200000,
      "operating_income": -88500000,
      "net_income": -138500000,
      "opex": 463700000,
      "cogs": 725400000,
      "rd": null,
      "sga": 148100000,
      "fcf": 94700000,
      "ocf": 118000000,
      "capex": -23300000,
      "gross_margin": 0.3409049609304016,
      "op_margin": -0.08041068508086498,
      "fcf_margin": 0.08604397601308378,
      "incr_op_margin_yoy": -7.0078740157480315,
      "rev_growth_yoy": 0.03585882352941176,
      "rev_growth_yoy_accel": -0.004514145806356763,
      "op_leverage_ratio": 0.012162538128693714,
      "fcf_margin_change": -0.026678928911613622
    }
  ],
  "signals": [
    {
      "quarter": "2025-06 (Q2)",
      "signal": "FCF TURNED POSITIVE",
      "detail": "FCF margin: -8.0% -> +11.3%",
      "severity": "HIGH"
    },
    {
      "quarter": "2025-06 (Q2)",
      "signal": "OPERATING LEVERAGE",
      "detail": "Rev growth +8.1% vs OpEx growth +3.5% (leverage: 2.3x)",
      "severity": "MEDIUM"
    },
    {
      "quarter": "2025-03 (Q1)",
      "signal": "INCREMENTAL MARGIN (YoY)",
      "detail": "YoY Incr OPM: +77.6% vs year-ago OPM: +11.9%",
      "severity": "HIGH"
    },
    {
      "quarter": "2024-12 (Q4)",
      "signal": "FCF MARGIN EXPANSION",
      "detail": "FCF margin: +16.4% -> +23.6% (+7.1%)",
      "severity": "MEDIUM"
    },
    {
      "quarter": "2024-12 (Q4)",
      "signal": "YoY REVENUE GROWTH DECELERATION",
      "detail": "YoY growth: +9.0% vs prior quarter YoY: +18.3% (decel: -9.3%)",
      "severity": "WARNING"
    },
    {
      "quarter": "2024-12 (Q4)",
      "signal": "INCREMENTAL MARGIN (YoY)",
      "detail": "YoY Incr OPM: +35.2% vs year-ago OPM: +15.4%",
      "severity": "MEDIUM"
    },
    {
      "quarter": "2024-09 (Q3)",
      "signal": "FCF MARGIN EXPANSION",
      "detail": "FCF margin: +8.5% -> +16.4% (+8.0%)",
      "severity": "MEDIUM"
    },
    {
      "quarter": "2024-09 (Q3)",
      "signal": "OPERATING LEVERAGE",
      "detail": "Rev growth +2.1% vs OpEx growth +0.2% (leverage: 13.1x)",
      "severity": "MEDIUM"
    },
    {
      "quarter": "2024-09 (Q3)",
      "signal": "INCREMENTAL MARGIN (YoY)",
      "detail": "YoY Incr OPM: +45.0% vs year-ago OPM: +11.6%",
      "severity": "HIGH"
    },
    {
      "quarter": "2024-06 (Q2)",
      "signal": "FCF TURNED POSITIVE",
      "detail": "FCF margin: -14.9% -> +8.5%",
      "severity": "HIGH"
    },
    {
      "quarter": "2024-06 (Q2)",
      "signal": "GROSS MARGIN INFLECTION",
      "detail": "GM: +32.9% -> +31.8% -> +33.8% (reversal +2.0%)",
      "severity": "MEDIUM"
    },
    {
      "quarter": "2024-06 (Q2)",
      "signal": "YoY REVENUE GROWTH DECELERATION",
      "detail": "YoY growth: +14.6% vs prior quarter YoY: +76.7% (decel: -62.2%)",
      "severity": "WARNING"
    },
    {
      "quarter": "2024-06 (Q2)",
      "signal": "INCREMENTAL MARGIN (YoY)",
      "detail": "YoY Incr OPM: +54.5% vs year-ago OPM: +10.5%",
      "severity": "HIGH"
    },
    {
      "quarter": "2024-03 (Q1)",
      "signal": "YoY REVENUE GROWTH DECELERATION",
      "detail": "YoY growth: +76.7% vs prior quarter YoY: +130.0% (decel: -53.2%)",
      "severity": "WARNING"
    },
    {
      "quarter": "2024-03 (Q1)",
      "signal": "INCREMENTAL MARGIN (YoY)",
      "detail": "YoY Incr OPM: +18.6% vs year-ago OPM: +6.7%",
      "severity": "MEDIUM"
    },
    {
      "quarter": "2023-12 (Q4)",
      "signal": "FCF TURNED POSITIVE",
      "detail": "FCF margin: -9.5% -> +10.8%",
      "severity": "HIGH"
    },
    {
      "quarter": "2023-12 (Q4)",
      "signal": "OPERATING LEVERAGE",
      "detail": "Rev growth +13.0% vs OpEx growth +3.8% (leverage: 3.4x)",
      "severity": "MEDIUM"
    },
    {
      "quarter": "2023-12 (Q4)",
      "signal": "GROSS MARGIN INFLECTION",
      "detail": "GM: +30.9% -> +30.8% -> +32.9% (reversal +2.2%)",
      "severity": "MEDIUM"
    },
    {
      "quarter": "2023-12 (Q4)",
      "signal": "YoY REVENUE GROWTH ACCELERATION",
      "detail": "YoY growth: +130.0% vs prior quarter YoY: +117.9% (accel: +12.1%)",
      "severity": "MEDIUM"
    },
    {
      "quarter": "2023-09 (Q3)",
      "signal": "YoY REVENUE GROWTH DECELERATION",
      "detail": "YoY growth: +117.9% vs prior quarter YoY: +124.3% (decel: -6.4%)",
      "severity": "WARNING"
    },
    {
      "quarter": "2023-06 (Q2)",
      "signal": "FCF TURNED POSITIVE",
      "detail": "FCF margin: -11.8% -> +7.8%",
      "severity": "HIGH"
    },
    {
      "quarter": "2023-06 (Q2)",
      "signal": "YoY REVENUE GROWTH ACCELERATION",
      "detail": "YoY growth: +124.3% vs prior quarter YoY: +51.9% (accel: +72.4%)",
      "severity": "HIGH"
    },
    {
      "quarter": "2023-03 (Q1)",
      "signal": "YoY REVENUE GROWTH ACCELERATION",
      "detail": "YoY growth: +51.9% vs prior quarter YoY: +16.5% (accel: +35.4%)",
      "severity": "HIGH"
    },
    {
      "quarter": "2022-12 (Q4)",
      "signal": "OPERATING LEVERAGE",
      "detail": "Rev growth +7.1% vs OpEx growth +2.1% (leverage: 3.4x)",
      "severity": "MEDIUM"
    },
    {
      "quarter": "2022-12 (Q4)",
      "signal": "YoY REVENUE GROWTH DECELERATION",
      "detail": "YoY growth: +16.5% vs prior quarter YoY: +25.5% (decel: -9.0%)",
      "severity": "WARNING"
    },
    {
      "quarter": "2022-12 (Q4)",
      "signal": "INCREMENTAL MARGIN (YoY)",
      "detail": "YoY Incr OPM: +63.5% vs year-ago OPM: +5.4%",
      "severity": "HIGH"
    },
    {
      "quarter": "2022-09 (Q3)",
      "signal": "INCREMENTAL MARGIN (YoY)",
      "detail": "YoY Incr OPM: +33.4% vs year-ago OPM: +4.2%",
      "severity": "HIGH"
    },
    {
      "quarter": "2022-06 (Q2)",
      "signal": "FCF TURNED POSITIVE",
      "detail": "FCF margin: -9.8% -> +4.3%",
      "severity": "HIGH"
    },
    {
      "quarter": "2022-06 (Q2)",
      "signal": "OPERATING LEVERAGE",
      "detail": "Rev growth +14.3% vs OpEx growth +2.5% (leverage: 5.7x)",
      "severity": "MEDIUM"
    },
    {
      "quarter": "2021-12 (Q4)",
      "signal": "FCF TURNED POSITIVE",
      "detail": "FCF margin: -7.0% -> +1.1%",
      "severity": "HIGH"
    },
    {
      "quarter": "2021-12 (Q4)",
      "signal": "OPERATING LEVERAGE",
      "detail": "Rev growth +15.4% vs OpEx growth +1.1% (leverage: 13.5x)",
      "severity": "MEDIUM"
    },
    {
      "quarter": "2021-09 (Q3)",
      "signal": "FCF MARGIN EXPANSION",
      "detail": "FCF margin: -16.1% -> -7.0% (+9.1%)",
      "severity": "MEDIUM"
    },
    {
      "quarter": "2021-06 (Q2)",
      "signal": "OPERATING LEVERAGE",
      "detail": "Rev growth +11.6% vs OpEx growth +4.7% (leverage: 2.5x)",
      "severity": "MEDIUM"
    }
  ],
  "data_quality": {
    "n_quarters": 20,
    "coverage": {
      "revenue": [
        20,
        20
      ],
      "gross_profit": [
        20,
        20
      ],
      "op_income": [
        20,
        20
      ],
      "fcf": [
        20,
        20
      ]
    },
    "gaps": [],
    "warnings": []
  },
  "market_cap": null,
  "source": "SEC EDGAR",
  "last_updated": "2026-02-02T20:41:00.277972"
}