{
  "ticker": "GUER",
  "name": "Guerrilla RF, Inc.",
  "quarters": [
    {
      "date": "2021-03-31T00:00:00",
      "quarter_label": "2021-03 (Q1)",
      "revenue": 2781022,
      "gross_profit": 1688330,
      "operating_income": -16129,
      "net_income": -16129,
      "opex": 1945070,
      "cogs": 1092692,
      "rd": 1063106,
      "sga": null,
      "fcf": -659627,
      "ocf": -648627,
      "capex": -11000,
      "gross_margin": 0.6070897677184862,
      "op_margin": -0.005799666453555563,
      "fcf_margin": -0.23718870257049388
    },
    {
      "date": "2021-06-30T00:00:00",
      "quarter_label": "2021-06 (Q2)",
      "revenue": 2797420,
      "gross_profit": 1697302,
      "operating_income": -13852,
      "net_income": -13852,
      "opex": 2087244,
      "cogs": 1100118,
      "rd": 1060532,
      "sga": null,
      "fcf": -304055,
      "ocf": -200220,
      "capex": -103835,
      "gross_margin": 0.6067383517669853,
      "op_margin": -0.00495170550006792,
      "fcf_margin": -0.10869122262656304,
      "fcf_margin_change": 0.12849747994393085
    },
    {
      "date": "2021-09-30T00:00:00",
      "quarter_label": "2021-09 (Q3)",
      "revenue": 2166570,
      "gross_profit": 1220644,
      "operating_income": -1176211,
      "net_income": -503041,
      "opex": 2396855,
      "cogs": 945926,
      "rd": 1060691,
      "sga": null,
      "fcf": -1362658,
      "ocf": -1183211,
      "capex": -179447,
      "gross_margin": 0.5633992901221747,
      "op_margin": -0.5428908366680975,
      "fcf_margin": -0.6289471376415255,
      "fcf_margin_change": -0.5202559150149625
    },
    {
      "date": "2021-12-31T00:00:00",
      "quarter_label": "2021-12 (Q4)",
      "revenue": 2734887,
      "gross_profit": 1533331,
      "operating_income": -3625094,
      "net_income": -2792529,
      "opex": 3380158,
      "cogs": 1201556,
      "rd": 1408550,
      "sga": null,
      "fcf": -2886395,
      "ocf": -2787318,
      "capex": -99077,
      "gross_margin": 0.5606560709820918,
      "op_margin": -1.3255004685751184,
      "fcf_margin": -1.055398266911942,
      "op_leverage_ratio": 0.6393995401082546,
      "fcf_margin_change": -0.4264511292704164
    },
    {
      "date": "2022-03-31T00:00:00",
      "quarter_label": "2022-03 (Q1)",
      "revenue": 3865911,
      "gross_profit": 2318630,
      "operating_income": -1808869,
      "net_income": -1866090,
      "opex": 4127499,
      "cogs": 1547281,
      "rd": 1802006,
      "sga": null,
      "fcf": -2582325,
      "ocf": -2429861,
      "capex": -152464,
      "gross_margin": 0.5997629019395428,
      "op_margin": -0.4679023909241573,
      "fcf_margin": -0.6679732151102289,
      "incr_op_margin_yoy": -1.6524639847947578,
      "rev_growth_yoy": 0.3901044292350079,
      "op_leverage_ratio": 1.8704694790195167,
      "fcf_margin_change": 0.38742505180171305
    },
    {
      "date": "2022-06-30T00:00:00",
      "quarter_label": "2022-06 (Q2)",
      "revenue": 3087350,
      "gross_profit": 1809591,
      "operating_income": -2640508,
      "net_income": -2741612,
      "opex": 4450099,
      "cogs": 1277759,
      "rd": 2016934,
      "sga": null,
      "fcf": -1914720,
      "ocf": -1767576,
      "capex": -147144,
      "gross_margin": 0.5861308241695953,
      "op_margin": -0.855266814582085,
      "fcf_margin": -0.6201823570375888,
      "rev_growth_yoy": 0.10364192720435259,
      "rev_growth_yoy_accel": -0.28646250203065526,
      "fcf_margin_change": 0.04779085807264005
    },
    {
      "date": "2022-09-30T00:00:00",
      "quarter_label": "2022-09 (Q3)",
      "revenue": 2219304,
      "gross_profit": 1268463,
      "operating_income": -3346482,
      "net_income": -3667878,
      "opex": 4614945,
      "cogs": 950841,
      "rd": 2097276,
      "sga": null,
      "fcf": -3073405,
      "ocf": -1782986,
      "capex": -1290419,
      "gross_margin": 0.5715589211752874,
      "op_margin": -1.5078970704328925,
      "fcf_margin": -1.38485083611799,
      "rev_growth_yoy": 0.0243398551627688,
      "rev_growth_yoy_accel": -0.0793020720415838,
      "fcf_margin_change": -0.7646684790804013
    },
    {
      "date": "2022-12-31T00:00:00",
      "quarter_label": "2022-12 (Q4)",
      "revenue": 2428339,
      "gross_profit": 1368588,
      "operating_income": -3325668,
      "net_income": -3751186,
      "opex": 4694256,
      "cogs": 1059751,
      "rd": 2198161,
      "sga": null,
      "fcf": -2227803,
      "ocf": -3267980,
      "capex": 1040177,
      "gross_margin": 0.5635901741890239,
      "op_margin": -1.3695237773638689,
      "fcf_margin": -0.9174184494010104,
      "rev_growth_yoy": -0.11208799486048235,
      "rev_growth_yoy_accel": -0.13642785002325114,
      "op_leverage_ratio": 5.480690991234708,
      "fcf_margin_change": 0.46743238671697973
    },
    {
      "date": "2023-03-31T00:00:00",
      "quarter_label": "2023-03 (Q1)",
      "revenue": 3230888,
      "gross_profit": 1827543,
      "operating_income": -3666738,
      "net_income": -4001418,
      "opex": 5494281,
      "cogs": 1403345,
      "rd": 2586169,
      "sga": null,
      "fcf": -5953185,
      "ocf": -5835386,
      "capex": -117799,
      "gross_margin": 0.5656472771572397,
      "op_margin": -1.1349009931634895,
      "fcf_margin": -1.842584763074424,
      "rev_growth_yoy": -0.16426218813625043,
      "rev_growth_yoy_accel": -0.05217419327576808,
      "op_leverage_ratio": 1.9392127354830442,
      "fcf_margin_change": -0.9251663136734137
    },
    {
      "date": "2023-06-30T00:00:00",
      "quarter_label": "2023-06 (Q2)",
      "revenue": 3779334,
      "gross_profit": 2229453,
      "operating_income": -3430822,
      "net_income": -3821082,
      "opex": 5660275,
      "cogs": 1549881,
      "rd": 2652989,
      "sga": null,
      "fcf": -3070569,
      "ocf": -3095227,
      "capex": 24658,
      "gross_margin": 0.5899063168272505,
      "op_margin": -0.9077848107629546,
      "fcf_margin": -0.8124629895108503,
      "rev_growth_yoy": 0.22413526163214406,
      "rev_growth_yoy_accel": 0.3883974497683945,
      "op_leverage_ratio": 5.618630171357535,
      "fcf_margin_change": 1.030121773563574
    },
    {
      "date": "2023-09-30T00:00:00",
      "quarter_label": "2023-09 (Q3)",
      "revenue": 3365911,
      "gross_profit": 1875132,
      "operating_income": -3727207,
      "net_income": -4480948,
      "opex": 5602339,
      "cogs": 1490779,
      "rd": 2775430,
      "sga": null,
      "fcf": -2293705,
      "ocf": -2248376,
      "capex": -45329,
      "gross_margin": 0.5570949439839615,
      "op_margin": -1.107339736552749,
      "fcf_margin": -0.6814514703448784,
      "incr_op_margin_yoy": -0.33204489419652944,
      "rev_growth_yoy": 0.5166516169033174,
      "rev_growth_yoy_accel": 0.29251635527117337,
      "fcf_margin_change": 0.13101151916597187
    },
    {
      "date": "2023-12-31T00:00:00",
      "quarter_label": "2023-12 (Q4)",
      "revenue": 4702183,
      "gross_profit": 2672711,
      "operating_income": -2099824,
      "net_income": -3662846,
      "opex": 4772535,
      "cogs": 2029472,
      "rd": 2268047,
      "sga": null,
      "fcf": -2239245,
      "ocf": -2276001,
      "capex": 36756,
      "gross_margin": 0.5683979122037572,
      "op_margin": -0.4465636492667342,
      "fcf_margin": -0.4762139202153553,
      "incr_op_margin_yoy": 0.5391064646475308,
      "rev_growth_yoy": 0.9363783227959523,
      "rev_growth_yoy_accel": 0.41972670589263494,
      "op_leverage_ratio": Infinity,
      "fcf_margin_change": 0.2052375501295231
    },
    {
      "date": "2024-03-31T00:00:00",
      "quarter_label": "2024-03 (Q1)",
      "revenue": 5091249,
      "gross_profit": 3220574,
      "operating_income": -1838563,
      "net_income": -3372552,
      "opex": 5059137,
      "cogs": 1870675,
      "rd": 2251533,
      "sga": null,
      "fcf": -868394,
      "ocf": -842394,
      "capex": -26000,
      "gross_margin": 0.6325705146222469,
      "op_margin": -0.36112219221648756,
      "fcf_margin": -0.17056600453051893,
      "incr_op_margin_yoy": 0.9826990567959659,
      "rev_growth_yoy": 0.5758048561262414,
      "rev_growth_yoy_accel": -0.3605734666697109,
      "op_leverage_ratio": 1.377823723753073,
      "fcf_margin_change": 0.3056479156848364
    },
    {
      "date": "2024-06-30T00:00:00",
      "quarter_label": "2024-06 (Q2)",
      "revenue": 6110554,
      "gross_profit": 3990273,
      "operating_income": -1196635,
      "net_income": -1756591,
      "opex": 5186908,
      "cogs": 2120281,
      "rd": 2412541,
      "sga": null,
      "fcf": -1260282,
      "ocf": -1175197,
      "capex": -85085,
      "gross_margin": 0.6530132947029026,
      "op_margin": -0.19583085265264,
      "fcf_margin": -0.206246765841526,
      "incr_op_margin_yoy": 0.9583767297809731,
      "rev_growth_yoy": 0.6168335479214062,
      "rev_growth_yoy_accel": 0.04102869179516477,
      "op_leverage_ratio": 7.927275708449149,
      "fcf_margin_change": -0.03568076131100706
    },
    {
      "date": "2024-09-30T00:00:00",
      "quarter_label": "2024-09 (Q3)",
      "revenue": 4523700,
      "gross_profit": 2952518,
      "operating_income": -2609801,
      "net_income": -7201565,
      "opex": 5562319,
      "cogs": 1571182,
      "rd": 2506554,
      "sga": null,
      "fcf": -1964696,
      "ocf": -1773173,
      "capex": -191523,
      "gross_margin": 0.6526776753542454,
      "op_margin": -0.576917346419966,
      "fcf_margin": -0.4343117359683445,
      "incr_op_margin_yoy": 0.9651205876027498,
      "rev_growth_yoy": 0.3439749298184058,
      "rev_growth_yoy_accel": -0.27285861810300044,
      "fcf_margin_change": -0.2280649701268185
    },
    {
      "date": "2024-12-31T00:00:00",
      "quarter_label": "2024-12 (Q4)",
      "revenue": 4390397,
      "gross_profit": 2650343,
      "operating_income": -3118064,
      "net_income": 1577670,
      "opex": 5768407,
      "cogs": 1740054,
      "rd": 2536500,
      "sga": null,
      "fcf": -2941292,
      "ocf": -2863020,
      "capex": -78272,
      "gross_margin": 0.6036681876377011,
      "op_margin": -0.7102009226044934,
      "fcf_margin": -0.6699375933429255,
      "rev_growth_yoy": -0.06630664948599406,
      "rev_growth_yoy_accel": -0.41028157930439985,
      "fcf_margin_change": -0.23562585737458097
    },
    {
      "date": "2025-03-31T00:00:00",
      "quarter_label": "2025-03 (Q1)",
      "revenue": 4372904,
      "gross_profit": 2670124,
      "operating_income": -3161828,
      "net_income": -3542865,
      "opex": 5831952,
      "cogs": 1702780,
      "rd": 2492927,
      "sga": null,
      "fcf": -2310532,
      "ocf": -2263187,
      "capex": -47345,
      "gross_margin": 0.6106065900371926,
      "op_margin": -0.72304994575687,
      "fcf_margin": -0.5283747367881847,
      "rev_growth_yoy": -0.14109406159470889,
      "rev_growth_yoy_accel": -0.07478741210871483,
      "fcf_margin_change": 0.14156285655474077
    },
    {
      "date": "2025-06-30T00:00:00",
      "quarter_label": "2025-06 (Q2)",
      "revenue": 5369147,
      "gross_profit": 3484343,
      "operating_income": -1355074,
      "net_income": -470742,
      "opex": 4839417,
      "cogs": 1884804,
      "rd": 2169789,
      "sga": null,
      "fcf": -1593834,
      "ocf": -1082186,
      "capex": -511648,
      "gross_margin": 0.6489565288489959,
      "op_margin": -0.25238161667020853,
      "fcf_margin": -0.29685050530372886,
      "rev_growth_yoy": -0.12133220653970164,
      "rev_growth_yoy_accel": 0.019761855055007244,
      "op_leverage_ratio": Infinity,
      "fcf_margin_change": 0.23152423148445583
    },
    {
      "date": "2025-09-30T00:00:00",
      "quarter_label": "2025-09 (Q3)",
      "revenue": 6288310,
      "gross_profit": 4245037,
      "operating_income": -198361,
      "net_income": -644972,
      "opex": 4443398,
      "cogs": 2043273,
      "rd": 1970131,
      "sga": null,
      "fcf": 244506,
      "ocf": 858970,
      "capex": -614464,
      "gross_margin": 0.6750680230459376,
      "op_margin": -0.03154440541258303,
      "fcf_margin": 0.038882625061423495,
      "incr_op_margin_yoy": 1.3665569162591167,
      "rev_growth_yoy": 0.39008112827994784,
      "rev_growth_yoy_accel": 0.5114133348196495,
      "op_leverage_ratio": Infinity,
      "fcf_margin_change": 0.33573313036515234
    }
  ],
  "signals": [
    {
      "quarter": "2025-09 (Q3)",
      "signal": "FCF TURNED POSITIVE",
      "detail": "FCF margin: -29.7% -> +3.9%",
      "severity": "HIGH"
    },
    {
      "quarter": "2025-09 (Q3)",
      "signal": "YoY REVENUE GROWTH ACCELERATION",
      "detail": "YoY growth: +39.0% vs prior quarter YoY: -12.1% (accel: +51.1%)",
      "severity": "HIGH"
    },
    {
      "quarter": "2025-06 (Q2)",
      "signal": "FCF MARGIN EXPANSION",
      "detail": "FCF margin: -52.8% -> -29.7% (+23.2%)",
      "severity": "MEDIUM"
    },
    {
      "quarter": "2025-03 (Q1)",
      "signal": "FCF MARGIN EXPANSION",
      "detail": "FCF margin: -67.0% -> -52.8% (+14.2%)",
      "severity": "MEDIUM"
    },
    {
      "quarter": "2025-03 (Q1)",
      "signal": "YoY REVENUE GROWTH DECELERATION",
      "detail": "YoY growth: -14.1% vs prior quarter YoY: -6.6% (decel: -7.5%)",
      "severity": "WARNING"
    },
    {
      "quarter": "2024-12 (Q4)",
      "signal": "YoY REVENUE GROWTH DECELERATION",
      "detail": "YoY growth: -6.6% vs prior quarter YoY: +34.4% (decel: -41.0%)",
      "severity": "WARNING"
    },
    {
      "quarter": "2024-09 (Q3)",
      "signal": "YoY REVENUE GROWTH DECELERATION",
      "detail": "YoY growth: +34.4% vs prior quarter YoY: +61.7% (decel: -27.3%)",
      "severity": "WARNING"
    },
    {
      "quarter": "2024-06 (Q2)",
      "signal": "OPERATING LEVERAGE",
      "detail": "Rev growth +20.0% vs OpEx growth +2.5% (leverage: 7.9x)",
      "severity": "MEDIUM"
    },
    {
      "quarter": "2024-03 (Q1)",
      "signal": "FCF MARGIN EXPANSION",
      "detail": "FCF margin: -47.6% -> -17.1% (+30.6%)",
      "severity": "MEDIUM"
    },
    {
      "quarter": "2024-03 (Q1)",
      "signal": "YoY REVENUE GROWTH DECELERATION",
      "detail": "YoY growth: +57.6% vs prior quarter YoY: +93.6% (decel: -36.1%)",
      "severity": "WARNING"
    },
    {
      "quarter": "2023-12 (Q4)",
      "signal": "FCF MARGIN EXPANSION",
      "detail": "FCF margin: -68.1% -> -47.6% (+20.5%)",
      "severity": "MEDIUM"
    },
    {
      "quarter": "2023-12 (Q4)",
      "signal": "YoY REVENUE GROWTH ACCELERATION",
      "detail": "YoY growth: +93.6% vs prior quarter YoY: +51.7% (accel: +42.0%)",
      "severity": "HIGH"
    },
    {
      "quarter": "2023-09 (Q3)",
      "signal": "FCF MARGIN EXPANSION",
      "detail": "FCF margin: -81.2% -> -68.1% (+13.1%)",
      "severity": "MEDIUM"
    },
    {
      "quarter": "2023-09 (Q3)",
      "signal": "YoY REVENUE GROWTH ACCELERATION",
      "detail": "YoY growth: +51.7% vs prior quarter YoY: +22.4% (accel: +29.3%)",
      "severity": "HIGH"
    },
    {
      "quarter": "2023-06 (Q2)",
      "signal": "FCF MARGIN EXPANSION",
      "detail": "FCF margin: -184.3% -> -81.2% (+103.0%)",
      "severity": "MEDIUM"
    },
    {
      "quarter": "2023-06 (Q2)",
      "signal": "OPERATING LEVERAGE",
      "detail": "Rev growth +17.0% vs OpEx growth +3.0% (leverage: 5.6x)",
      "severity": "MEDIUM"
    },
    {
      "quarter": "2023-06 (Q2)",
      "signal": "YoY REVENUE GROWTH ACCELERATION",
      "detail": "YoY growth: +22.4% vs prior quarter YoY: -16.4% (accel: +38.8%)",
      "severity": "HIGH"
    },
    {
      "quarter": "2023-03 (Q1)",
      "signal": "OPERATING LEVERAGE",
      "detail": "Rev growth +33.0% vs OpEx growth +17.0% (leverage: 1.9x)",
      "severity": "MEDIUM"
    },
    {
      "quarter": "2023-03 (Q1)",
      "signal": "YoY REVENUE GROWTH DECELERATION",
      "detail": "YoY growth: -16.4% vs prior quarter YoY: -11.2% (decel: -5.2%)",
      "severity": "WARNING"
    },
    {
      "quarter": "2022-12 (Q4)",
      "signal": "FCF MARGIN EXPANSION",
      "detail": "FCF margin: -138.5% -> -91.7% (+46.7%)",
      "severity": "MEDIUM"
    },
    {
      "quarter": "2022-12 (Q4)",
      "signal": "OPERATING LEVERAGE",
      "detail": "Rev growth +9.4% vs OpEx growth +1.7% (leverage: 5.5x)",
      "severity": "MEDIUM"
    },
    {
      "quarter": "2022-12 (Q4)",
      "signal": "YoY REVENUE GROWTH DECELERATION",
      "detail": "YoY growth: -11.2% vs prior quarter YoY: +2.4% (decel: -13.6%)",
      "severity": "WARNING"
    },
    {
      "quarter": "2022-09 (Q3)",
      "signal": "YoY REVENUE GROWTH DECELERATION",
      "detail": "YoY growth: +2.4% vs prior quarter YoY: +10.4% (decel: -7.9%)",
      "severity": "WARNING"
    },
    {
      "quarter": "2022-06 (Q2)",
      "signal": "YoY REVENUE GROWTH DECELERATION",
      "detail": "YoY growth: +10.4% vs prior quarter YoY: +39.0% (decel: -28.6%)",
      "severity": "WARNING"
    },
    {
      "quarter": "2022-03 (Q1)",
      "signal": "FCF MARGIN EXPANSION",
      "detail": "FCF margin: -105.5% -> -66.8% (+38.7%)",
      "severity": "MEDIUM"
    },
    {
      "quarter": "2022-03 (Q1)",
      "signal": "OPERATING LEVERAGE",
      "detail": "Rev growth +41.4% vs OpEx growth +22.1% (leverage: 1.9x)",
      "severity": "MEDIUM"
    },
    {
      "quarter": "2022-03 (Q1)",
      "signal": "GROSS MARGIN INFLECTION",
      "detail": "GM: +56.3% -> +56.1% -> +60.0% (reversal +3.9%)",
      "severity": "MEDIUM"
    },
    {
      "quarter": "2021-06 (Q2)",
      "signal": "FCF MARGIN EXPANSION",
      "detail": "FCF margin: -23.7% -> -10.9% (+12.8%)",
      "severity": "MEDIUM"
    }
  ],
  "data_quality": {
    "n_quarters": 19,
    "coverage": {
      "revenue": [
        19,
        19
      ],
      "gross_profit": [
        19,
        19
      ],
      "op_income": [
        19,
        19
      ],
      "fcf": [
        19,
        19
      ]
    },
    "gaps": [],
    "warnings": []
  },
  "market_cap": null,
  "source": "SEC EDGAR",
  "last_updated": "2026-02-02T23:59:01.154141",
  "sector": "Technology",
  "industry": "Semiconductors"
}