{
  "ticker": "GURE",
  "name": "GULF RESOURCES, INC.",
  "quarters": [
    {
      "date": "2020-12-31T00:00:00",
      "quarter_label": "2020-12 (Q4)",
      "revenue": 11807686,
      "gross_profit": 5086923,
      "operating_income": 839407,
      "net_income": 276915,
      "opex": 10968279,
      "cogs": 6720763,
      "rd": null,
      "sga": null,
      "fcf": -5811610,
      "ocf": 6047617,
      "capex": -11859227,
      "gross_margin": 0.43081455587487677,
      "op_margin": 0.07108988162456217,
      "fcf_margin": -0.49218873198355717
    },
    {
      "date": "2021-03-31T00:00:00",
      "quarter_label": "2021-03 (Q1)",
      "revenue": 5259243,
      "gross_profit": 1077854,
      "operating_income": -3281424,
      "net_income": -2502124,
      "opex": 8540667,
      "cogs": 4181389,
      "rd": null,
      "sga": null,
      "fcf": 3341395,
      "ocf": 3341395,
      "capex": null,
      "gross_margin": 0.2049447040191906,
      "op_margin": -0.623934661319129,
      "fcf_margin": 0.635337633191697,
      "fcf_margin_change": 1.127526365175254
    },
    {
      "date": "2021-06-30T00:00:00",
      "quarter_label": "2021-06 (Q2)",
      "revenue": 11148008,
      "gross_profit": 4232234,
      "operating_income": -2382809,
      "net_income": -2703220,
      "opex": 13530817,
      "cogs": 6915774,
      "rd": null,
      "sga": null,
      "fcf": -2122055,
      "ocf": 3684380,
      "capex": -5806435,
      "gross_margin": 0.37964038059534944,
      "op_margin": -0.21374302924791586,
      "fcf_margin": -0.19035284151213383,
      "op_leverage_ratio": 1.916369166430456,
      "fcf_margin_change": -0.8256904747038308
    },
    {
      "date": "2021-09-30T00:00:00",
      "quarter_label": "2021-09 (Q3)",
      "revenue": 17753669,
      "gross_profit": 9555972,
      "operating_income": 7097975,
      "net_income": 5393615,
      "opex": 10655694,
      "cogs": 8197697,
      "rd": null,
      "sga": null,
      "fcf": 1283052,
      "ocf": 4036769,
      "capex": -2753717,
      "gross_margin": 0.5382533604743899,
      "op_margin": 0.39980327446681585,
      "fcf_margin": 0.07226968126982654,
      "op_leverage_ratio": Infinity,
      "fcf_margin_change": 0.26262252278196035
    },
    {
      "date": "2021-12-31T00:00:00",
      "quarter_label": "2021-12 (Q4)",
      "revenue": 20869666,
      "gross_profit": 13032154,
      "operating_income": 3777128,
      "net_income": -1112989,
      "opex": 17092538,
      "cogs": 7837512,
      "rd": null,
      "sga": null,
      "fcf": -9284363,
      "ocf": 12248625,
      "capex": -21532988,
      "gross_margin": 0.6244543635724692,
      "op_margin": 0.18098650931931543,
      "fcf_margin": -0.44487357871467614,
      "incr_op_margin_yoy": 0.3241809185189109,
      "rev_growth_yoy": 0.7674645142155712,
      "op_leverage_ratio": 0.29054785173778097,
      "fcf_margin_change": -0.5171432599845027
    },
    {
      "date": "2022-03-31T00:00:00",
      "quarter_label": "2022-03 (Q1)",
      "revenue": 8930737,
      "gross_profit": 4380769,
      "operating_income": -65087,
      "net_income": -119946,
      "opex": 8995824,
      "cogs": 4549968,
      "rd": null,
      "sga": null,
      "fcf": 8050622,
      "ocf": 8445682,
      "capex": -395060,
      "gross_margin": 0.4905271535820616,
      "op_margin": -0.007287976345065362,
      "fcf_margin": 0.9014510224632076,
      "incr_op_margin_yoy": 0.8760294855445767,
      "rev_growth_yoy": 0.698103130051226,
      "rev_growth_yoy_accel": -0.06936138416434512,
      "fcf_margin_change": 1.3463246011778838
    },
    {
      "date": "2022-06-30T00:00:00",
      "quarter_label": "2022-06 (Q2)",
      "revenue": 15711714,
      "gross_profit": 7610594,
      "operating_income": 5109163,
      "net_income": 3901794,
      "opex": 10602551,
      "cogs": 8101120,
      "rd": null,
      "sga": null,
      "fcf": -22776212,
      "ocf": 10046715,
      "capex": -32822927,
      "gross_margin": 0.48438979986524705,
      "op_margin": 0.32518177202054466,
      "fcf_margin": -1.4496325480466359,
      "incr_op_margin_yoy": 1.6416421215564718,
      "rev_growth_yoy": 0.4093741231617344,
      "rev_growth_yoy_accel": -0.28872900688949166,
      "op_leverage_ratio": 4.251124553189454,
      "fcf_margin_change": -2.3510835705098434
    },
    {
      "date": "2022-09-30T00:00:00",
      "quarter_label": "2022-09 (Q3)",
      "revenue": 22862795,
      "gross_profit": 14457101,
      "operating_income": 11942592,
      "net_income": 8967380,
      "opex": 10920203,
      "cogs": 8405694,
      "rd": null,
      "sga": null,
      "fcf": 18608627,
      "ocf": 18608627,
      "capex": null,
      "gross_margin": 0.6323418024786558,
      "op_margin": 0.5223592303565684,
      "fcf_margin": 0.8139261625711117,
      "incr_op_margin_yoy": 0.9482281313868556,
      "rev_growth_yoy": 0.2877785994545691,
      "rev_growth_yoy_accel": -0.12159552370716531,
      "op_leverage_ratio": 15.19171863724312,
      "fcf_margin_change": 2.2635587106177475
    },
    {
      "date": "2022-12-31T00:00:00",
      "quarter_label": "2022-12 (Q4)",
      "revenue": 18589240,
      "gross_profit": 10976870,
      "operating_income": -504972,
      "net_income": -2689778,
      "opex": 19094212,
      "cogs": 7612370,
      "rd": null,
      "sga": null,
      "fcf": 9705096,
      "ocf": 14048041,
      "capex": -4342945,
      "gross_margin": 0.5904958997785816,
      "op_margin": -0.027164746918109616,
      "fcf_margin": 0.522081376107899,
      "incr_op_margin_yoy": 1.8777631898601401,
      "rev_growth_yoy": -0.10926988481751457,
      "rev_growth_yoy_accel": -0.3970484842720836,
      "fcf_margin_change": -0.29184478646321277
    },
    {
      "date": "2023-03-31T00:00:00",
      "quarter_label": "2023-03 (Q1)",
      "revenue": 9302007,
      "gross_profit": 2532933,
      "operating_income": -799558,
      "net_income": -557747,
      "opex": 10101565,
      "cogs": 6769074,
      "rd": null,
      "sga": null,
      "fcf": 4798811,
      "ocf": 4831553,
      "capex": -32742,
      "gross_margin": 0.2722996230813415,
      "op_margin": -0.0859554287585464,
      "fcf_margin": 0.5158898504376529,
      "rev_growth_yoy": 0.041572156922771324,
      "rev_growth_yoy_accel": 0.1508420417402859,
      "fcf_margin_change": -0.006191525670246056
    },
    {
      "date": "2023-06-30T00:00:00",
      "quarter_label": "2023-06 (Q2)",
      "revenue": 8005782,
      "gross_profit": 684340,
      "operating_income": -919098,
      "net_income": -681816,
      "opex": 8924880,
      "cogs": 7321442,
      "rd": null,
      "sga": null,
      "fcf": 6164393,
      "ocf": 6180003,
      "capex": -15610,
      "gross_margin": 0.08548071881047972,
      "op_margin": -0.1148042752100919,
      "fcf_margin": 0.7699926128390706,
      "incr_op_margin_yoy": 0.7822883721268239,
      "rev_growth_yoy": -0.4904577565503038,
      "rev_growth_yoy_accel": -0.5320299134730752,
      "fcf_margin_change": 0.2541027624014177
    },
    {
      "date": "2023-09-30T00:00:00",
      "quarter_label": "2023-09 (Q3)",
      "revenue": 5865615,
      "gross_profit": -508287,
      "operating_income": -2293288,
      "net_income": -1775797,
      "opex": 8158903,
      "cogs": 6373902,
      "rd": null,
      "sga": null,
      "fcf": -16291240,
      "ocf": -1141944,
      "capex": -15149296,
      "gross_margin": -0.08665536350408269,
      "op_margin": -0.3909714497115818,
      "fcf_margin": -2.777413792074659,
      "incr_op_margin_yoy": 0.8375436395919794,
      "rev_growth_yoy": -0.7434427855386885,
      "rev_growth_yoy_accel": -0.25298502898838465,
      "fcf_margin_change": -3.5474064049137297
    },
    {
      "date": "2023-12-31T00:00:00",
      "quarter_label": "2023-12 (Q4)",
      "revenue": 6870386,
      "gross_profit": -755149,
      "operating_income": -7878781,
      "net_income": -58779919,
      "opex": 14749167,
      "cogs": 7625535,
      "rd": null,
      "sga": null,
      "fcf": -42621463,
      "ocf": -42621463,
      "capex": null,
      "gross_margin": -0.10991362057386586,
      "op_margin": -1.1467741404922518,
      "fcf_margin": -6.203648965283755,
      "incr_op_margin_yoy": 0.6292261171612855,
      "rev_growth_yoy": -0.630410603123097,
      "rev_growth_yoy_accel": 0.11303218241559143,
      "op_leverage_ratio": 0.212071591441277,
      "fcf_margin_change": -3.4262351732090965
    },
    {
      "date": "2024-03-31T00:00:00",
      "quarter_label": "2024-03 (Q1)",
      "revenue": 1307062,
      "gross_profit": -812783,
      "operating_income": -5269419,
      "net_income": -3992132,
      "opex": 6576481,
      "cogs": 2119845,
      "rd": null,
      "sga": null,
      "fcf": -1330476,
      "ocf": -1330476,
      "capex": null,
      "gross_margin": -0.6218396678963967,
      "op_margin": -4.031498888346536,
      "fcf_margin": -1.0179134578160791,
      "incr_op_margin_yoy": 0.5590858974014206,
      "rev_growth_yoy": -0.859486022747564,
      "rev_growth_yoy_accel": -0.22907541962446698,
      "fcf_margin_change": 5.185735507467676
    },
    {
      "date": "2024-06-30T00:00:00",
      "quarter_label": "2024-06 (Q2)",
      "revenue": 2383169,
      "gross_profit": -2728889,
      "operating_income": -5146997,
      "net_income": -33097918,
      "opex": 7530166,
      "cogs": 5112058,
      "rd": null,
      "sga": null,
      "fcf": 518335,
      "ocf": 518335,
      "capex": null,
      "gross_margin": -1.145067345202963,
      "op_margin": -2.1597280763554747,
      "fcf_margin": 0.2174982135131835,
      "incr_op_margin_yoy": 0.7519455811737354,
      "rev_growth_yoy": -0.7023190239254579,
      "rev_growth_yoy_accel": 0.15716699882210616,
      "op_leverage_ratio": 5.677378981783216,
      "fcf_margin_change": 1.2354116713292627
    },
    {
      "date": "2024-09-30T00:00:00",
      "quarter_label": "2024-09 (Q3)",
      "revenue": 2242365,
      "gross_profit": null,
      "operating_income": -4581609,
      "net_income": -3492883,
      "opex": 6823974,
      "cogs": null,
      "rd": null,
      "sga": null,
      "fcf": 518678,
      "ocf": 518678,
      "capex": null,
      "gross_margin": null,
      "op_margin": -2.043203938698651,
      "fcf_margin": 0.23130846227086135,
      "incr_op_margin_yoy": 0.6315658593803906,
      "rev_growth_yoy": -0.6177101633844021,
      "rev_growth_yoy_accel": 0.08460886054105576,
      "fcf_margin_change": 0.013810248757677862
    },
    {
      "date": "2024-12-31T00:00:00",
      "quarter_label": "2024-12 (Q4)",
      "revenue": 1728414,
      "gross_profit": null,
      "operating_income": -6285624,
      "net_income": -18352519,
      "opex": 8014038,
      "cogs": null,
      "rd": null,
      "sga": null,
      "fcf": 968531,
      "ocf": 968531,
      "capex": null,
      "gross_margin": null,
      "op_margin": -3.63664260993026,
      "fcf_margin": 0.5603582243605988,
      "incr_op_margin_yoy": -0.3098338536265853,
      "rev_growth_yoy": -0.7484254887571091,
      "rev_growth_yoy_accel": -0.13071532537270703,
      "fcf_margin_change": 0.32904976208973746
    },
    {
      "date": "2025-03-31T00:00:00",
      "quarter_label": "2025-03 (Q1)",
      "revenue": 1604447,
      "gross_profit": null,
      "operating_income": -4610207,
      "net_income": -4629500,
      "opex": 6214654,
      "cogs": null,
      "rd": null,
      "sga": null,
      "fcf": -1580128,
      "ocf": -1580128,
      "capex": null,
      "gross_margin": null,
      "op_margin": -2.8733931379472177,
      "fcf_margin": -0.9848427526742859,
      "rev_growth_yoy": 0.22752172429463943,
      "rev_growth_yoy_accel": 0.9759472130517486,
      "fcf_margin_change": -1.5452009770348847
    },
    {
      "date": "2025-06-30T00:00:00",
      "quarter_label": "2025-06 (Q2)",
      "revenue": 8343785,
      "gross_profit": null,
      "operating_income": -750686,
      "net_income": -773777,
      "opex": 9094471,
      "cogs": null,
      "rd": null,
      "sga": null,
      "fcf": -559307,
      "ocf": -559307,
      "capex": null,
      "gross_margin": null,
      "op_margin": -0.08996948027783554,
      "fcf_margin": -0.06703276750299773,
      "incr_op_margin_yoy": 0.737559842808193,
      "rev_growth_yoy": 2.501130217789842,
      "rev_growth_yoy_accel": 2.2736084934952028,
      "op_leverage_ratio": 9.064501516418206,
      "fcf_margin_change": 0.9178099851712882
    },
    {
      "date": "2025-09-30T00:00:00",
      "quarter_label": "2025-09 (Q3)",
      "revenue": 9044581,
      "gross_profit": null,
      "operating_income": -333928,
      "net_income": -35664512,
      "opex": 9378509,
      "cogs": null,
      "rd": null,
      "sga": null,
      "fcf": 6714048,
      "ocf": 6714048,
      "capex": null,
      "gross_margin": null,
      "op_margin": -0.03692022880883039,
      "fcf_margin": 0.7423282515795923,
      "incr_op_margin_yoy": 0.6244554715698531,
      "rev_growth_yoy": 3.033500790460072,
      "rev_growth_yoy_accel": 0.5323705726702301,
      "op_leverage_ratio": 2.68923965068331,
      "fcf_margin_change": 0.80936101908259
    }
  ],
  "signals": [
    {
      "quarter": "2025-09 (Q3)",
      "signal": "FCF TURNED POSITIVE",
      "detail": "FCF margin: -6.7% -> +74.2%",
      "severity": "HIGH"
    },
    {
      "quarter": "2025-09 (Q3)",
      "signal": "OPERATING LEVERAGE",
      "detail": "Rev growth +8.4% vs OpEx growth +3.1% (leverage: 2.7x)",
      "severity": "MEDIUM"
    },
    {
      "quarter": "2025-09 (Q3)",
      "signal": "YoY REVENUE GROWTH ACCELERATION",
      "detail": "YoY growth: +303.4% vs prior quarter YoY: +250.1% (accel: +53.2%)",
      "severity": "HIGH"
    },
    {
      "quarter": "2025-06 (Q2)",
      "signal": "FCF MARGIN EXPANSION",
      "detail": "FCF margin: -98.5% -> -6.7% (+91.8%)",
      "severity": "MEDIUM"
    },
    {
      "quarter": "2025-06 (Q2)",
      "signal": "OPERATING LEVERAGE",
      "detail": "Rev growth +420.0% vs OpEx growth +46.3% (leverage: 9.1x)",
      "severity": "MEDIUM"
    },
    {
      "quarter": "2025-06 (Q2)",
      "signal": "YoY REVENUE GROWTH ACCELERATION",
      "detail": "YoY growth: +250.1% vs prior quarter YoY: +22.8% (accel: +227.4%)",
      "severity": "HIGH"
    },
    {
      "quarter": "2025-03 (Q1)",
      "signal": "YoY REVENUE GROWTH ACCELERATION",
      "detail": "YoY growth: +22.8% vs prior quarter YoY: -74.8% (accel: +97.6%)",
      "severity": "HIGH"
    },
    {
      "quarter": "2024-12 (Q4)",
      "signal": "FCF MARGIN EXPANSION",
      "detail": "FCF margin: +23.1% -> +56.0% (+32.9%)",
      "severity": "MEDIUM"
    },
    {
      "quarter": "2024-12 (Q4)",
      "signal": "YoY REVENUE GROWTH DECELERATION",
      "detail": "YoY growth: -74.8% vs prior quarter YoY: -61.8% (decel: -13.1%)",
      "severity": "WARNING"
    },
    {
      "quarter": "2024-09 (Q3)",
      "signal": "YoY REVENUE GROWTH ACCELERATION",
      "detail": "YoY growth: -61.8% vs prior quarter YoY: -70.2% (accel: +8.5%)",
      "severity": "MEDIUM"
    },
    {
      "quarter": "2024-06 (Q2)",
      "signal": "FCF TURNED POSITIVE",
      "detail": "FCF margin: -101.8% -> +21.7%",
      "severity": "HIGH"
    },
    {
      "quarter": "2024-06 (Q2)",
      "signal": "OPERATING LEVERAGE",
      "detail": "Rev growth +82.3% vs OpEx growth +14.5% (leverage: 5.7x)",
      "severity": "MEDIUM"
    },
    {
      "quarter": "2024-06 (Q2)",
      "signal": "YoY REVENUE GROWTH ACCELERATION",
      "detail": "YoY growth: -70.2% vs prior quarter YoY: -85.9% (accel: +15.7%)",
      "severity": "HIGH"
    },
    {
      "quarter": "2024-03 (Q1)",
      "signal": "FCF MARGIN EXPANSION",
      "detail": "FCF margin: -620.4% -> -101.8% (+518.6%)",
      "severity": "MEDIUM"
    },
    {
      "quarter": "2024-03 (Q1)",
      "signal": "YoY REVENUE GROWTH DECELERATION",
      "detail": "YoY growth: -85.9% vs prior quarter YoY: -63.0% (decel: -22.9%)",
      "severity": "WARNING"
    },
    {
      "quarter": "2023-12 (Q4)",
      "signal": "YoY REVENUE GROWTH ACCELERATION",
      "detail": "YoY growth: -63.0% vs prior quarter YoY: -74.3% (accel: +11.3%)",
      "severity": "MEDIUM"
    },
    {
      "quarter": "2023-09 (Q3)",
      "signal": "YoY REVENUE GROWTH DECELERATION",
      "detail": "YoY growth: -74.3% vs prior quarter YoY: -49.0% (decel: -25.3%)",
      "severity": "WARNING"
    },
    {
      "quarter": "2023-06 (Q2)",
      "signal": "FCF MARGIN EXPANSION",
      "detail": "FCF margin: +51.6% -> +77.0% (+25.4%)",
      "severity": "MEDIUM"
    },
    {
      "quarter": "2023-06 (Q2)",
      "signal": "YoY REVENUE GROWTH DECELERATION",
      "detail": "YoY growth: -49.0% vs prior quarter YoY: +4.2% (decel: -53.2%)",
      "severity": "WARNING"
    },
    {
      "quarter": "2023-03 (Q1)",
      "signal": "YoY REVENUE GROWTH ACCELERATION",
      "detail": "YoY growth: +4.2% vs prior quarter YoY: -10.9% (accel: +15.1%)",
      "severity": "HIGH"
    },
    {
      "quarter": "2022-12 (Q4)",
      "signal": "YoY REVENUE GROWTH DECELERATION",
      "detail": "YoY growth: -10.9% vs prior quarter YoY: +28.8% (decel: -39.7%)",
      "severity": "WARNING"
    },
    {
      "quarter": "2022-09 (Q3)",
      "signal": "FCF TURNED POSITIVE",
      "detail": "FCF margin: -145.0% -> +81.4%",
      "severity": "HIGH"
    },
    {
      "quarter": "2022-09 (Q3)",
      "signal": "OPERATING LEVERAGE",
      "detail": "Rev growth +45.5% vs OpEx growth +3.0% (leverage: 15.2x)",
      "severity": "MEDIUM"
    },
    {
      "quarter": "2022-09 (Q3)",
      "signal": "GROSS MARGIN INFLECTION",
      "detail": "GM: +49.1% -> +48.4% -> +63.2% (reversal +14.8%)",
      "severity": "HIGH"
    },
    {
      "quarter": "2022-09 (Q3)",
      "signal": "YoY REVENUE GROWTH DECELERATION",
      "detail": "YoY growth: +28.8% vs prior quarter YoY: +40.9% (decel: -12.2%)",
      "severity": "WARNING"
    },
    {
      "quarter": "2022-09 (Q3)",
      "signal": "INCREMENTAL MARGIN (YoY)",
      "detail": "YoY Incr OPM: +94.8% vs year-ago OPM: +40.0%",
      "severity": "HIGH"
    },
    {
      "quarter": "2022-06 (Q2)",
      "signal": "OPERATING LEVERAGE",
      "detail": "Rev growth +75.9% vs OpEx growth +17.9% (leverage: 4.3x)",
      "severity": "MEDIUM"
    },
    {
      "quarter": "2022-06 (Q2)",
      "signal": "YoY REVENUE GROWTH DECELERATION",
      "detail": "YoY growth: +40.9% vs prior quarter YoY: +69.8% (decel: -28.9%)",
      "severity": "WARNING"
    },
    {
      "quarter": "2022-06 (Q2)",
      "signal": "OP MARGIN TURNED POSITIVE (YoY)",
      "detail": "Op margin: -21.4% (year-ago) -> +32.5%",
      "severity": "HIGH"
    },
    {
      "quarter": "2022-06 (Q2)",
      "signal": "OP MARGIN TURNED POSITIVE (QoQ)",
      "detail": "Op margin: -0.7% -> +32.5%",
      "severity": "HIGH"
    },
    {
      "quarter": "2022-03 (Q1)",
      "signal": "FCF TURNED POSITIVE",
      "detail": "FCF margin: -44.5% -> +90.1%",
      "severity": "HIGH"
    },
    {
      "quarter": "2022-03 (Q1)",
      "signal": "YoY REVENUE GROWTH DECELERATION",
      "detail": "YoY growth: +69.8% vs prior quarter YoY: +76.7% (decel: -6.9%)",
      "severity": "WARNING"
    },
    {
      "quarter": "2021-12 (Q4)",
      "signal": "INCREMENTAL MARGIN (YoY)",
      "detail": "YoY Incr OPM: +32.4% vs year-ago OPM: +7.1%",
      "severity": "HIGH"
    },
    {
      "quarter": "2021-09 (Q3)",
      "signal": "FCF TURNED POSITIVE",
      "detail": "FCF margin: -19.0% -> +7.2%",
      "severity": "HIGH"
    },
    {
      "quarter": "2021-09 (Q3)",
      "signal": "OP MARGIN TURNED POSITIVE (QoQ)",
      "detail": "Op margin: -21.4% -> +40.0%",
      "severity": "HIGH"
    },
    {
      "quarter": "2021-06 (Q2)",
      "signal": "OPERATING LEVERAGE",
      "detail": "Rev growth +112.0% vs OpEx growth +58.4% (leverage: 1.9x)",
      "severity": "MEDIUM"
    },
    {
      "quarter": "2021-06 (Q2)",
      "signal": "GROSS MARGIN INFLECTION",
      "detail": "GM: +43.1% -> +20.5% -> +38.0% (reversal +17.5%)",
      "severity": "HIGH"
    },
    {
      "quarter": "2021-03 (Q1)",
      "signal": "FCF TURNED POSITIVE",
      "detail": "FCF margin: -49.2% -> +63.5%",
      "severity": "HIGH"
    }
  ],
  "data_quality": {
    "n_quarters": 20,
    "coverage": {
      "revenue": [
        20,
        20
      ],
      "gross_profit": [
        15,
        20
      ],
      "op_income": [
        20,
        20
      ],
      "fcf": [
        20,
        20
      ]
    },
    "gaps": [],
    "warnings": [
      "gross_profit: 15/20Q"
    ]
  },
  "market_cap": null,
  "source": "SEC EDGAR",
  "last_updated": "2026-02-03T00:16:26.322035"
}