{
  "ticker": "GVA",
  "name": "GRANITE CONSTRUCTION INC",
  "quarters": [
    {
      "date": "2020-12-31T00:00:00",
      "quarter_label": "2020-12 (Q4)",
      "revenue": 830390000,
      "gross_profit": 93319000,
      "operating_income": 7977000,
      "net_income": 8010000,
      "opex": 85342000,
      "cogs": 838923000,
      "rd": null,
      "sga": 100752000,
      "fcf": 111442000,
      "ocf": 129794000,
      "capex": -18352000,
      "gross_margin": 0.11237972518936885,
      "op_margin": 0.009606329555991763,
      "fcf_margin": 0.13420440997603536
    },
    {
      "date": "2021-03-31T00:00:00",
      "quarter_label": "2021-03 (Q1)",
      "revenue": 669913000,
      "gross_profit": 63318000,
      "operating_income": -85691000,
      "net_income": -66195000,
      "opex": 149009000,
      "cogs": 606595000,
      "rd": null,
      "sga": 75728000,
      "fcf": 19310000,
      "ocf": 38087000,
      "capex": -18777000,
      "gross_margin": 0.09451675068255132,
      "op_margin": -0.127913624604986,
      "fcf_margin": 0.028824638423198237,
      "fcf_margin_change": -0.10537977155283712
    },
    {
      "date": "2021-06-30T00:00:00",
      "quarter_label": "2021-06 (Q2)",
      "revenue": 964172000,
      "gross_profit": 116946000,
      "operating_income": 68560000,
      "net_income": 54461000,
      "opex": 48386000,
      "cogs": 847226000,
      "rd": null,
      "sga": 74069000,
      "fcf": -96751000,
      "ocf": -69091000,
      "capex": -27660000,
      "gross_margin": 0.12129163676190555,
      "op_margin": 0.07110764469410022,
      "fcf_margin": -0.10034620378936539,
      "op_leverage_ratio": Infinity,
      "fcf_margin_change": -0.1291708422125636
    },
    {
      "date": "2021-09-30T00:00:00",
      "quarter_label": "2021-09 (Q3)",
      "revenue": 1062129000,
      "gross_profit": 119935000,
      "operating_income": 43732000,
      "net_income": 35043000,
      "opex": 76203000,
      "cogs": 942194000,
      "rd": null,
      "sga": 77603000,
      "fcf": 64399000,
      "ocf": 90926000,
      "capex": -26527000,
      "gross_margin": 0.11291942880761188,
      "op_margin": 0.04117390637107169,
      "fcf_margin": 0.060631994795359134,
      "op_leverage_ratio": 0.1767219078615957,
      "fcf_margin_change": 0.1609781985847245
    },
    {
      "date": "2021-12-31T00:00:00",
      "quarter_label": "2021-12 (Q4)",
      "revenue": 683196000,
      "gross_profit": 51652000,
      "operating_income": -25502000,
      "net_income": -13213000,
      "opex": 77154000,
      "cogs": 308482000,
      "rd": null,
      "sga": 15683000,
      "fcf": -59837000,
      "ocf": -37991000,
      "capex": -21846000,
      "gross_margin": 0.07560348713985444,
      "op_margin": -0.03732750191745853,
      "fcf_margin": -0.08758394369990456,
      "incr_op_margin_yoy": 0.2274481296791989,
      "rev_growth_yoy": -0.17725887835836174,
      "fcf_margin_change": -0.1482159384952637
    },
    {
      "date": "2022-03-31T00:00:00",
      "quarter_label": "2022-03 (Q1)",
      "revenue": 547586000,
      "gross_profit": 49775000,
      "operating_income": -16608000,
      "net_income": -12939000,
      "opex": 66383000,
      "cogs": 497811000,
      "rd": null,
      "sga": 58501000,
      "fcf": -81449000,
      "ocf": -50180000,
      "capex": -31269000,
      "gross_margin": 0.0908989638157294,
      "op_margin": -0.030329482492247792,
      "fcf_margin": -0.14874193277403003,
      "incr_op_margin_yoy": -0.5647404089040032,
      "rev_growth_yoy": -0.1826013228583413,
      "rev_growth_yoy_accel": -0.0053424444999795595,
      "fcf_margin_change": -0.061157989074125466
    },
    {
      "date": "2022-06-30T00:00:00",
      "quarter_label": "2022-06 (Q2)",
      "revenue": 768286000,
      "gross_profit": 78480000,
      "operating_income": 5526000,
      "net_income": 17151000,
      "opex": 72954000,
      "cogs": 689806000,
      "rd": null,
      "sga": 53162000,
      "fcf": -95045000,
      "ocf": -53098000,
      "capex": -41947000,
      "gross_margin": 0.10214945996673114,
      "op_margin": 0.007192633993070289,
      "fcf_margin": -0.12371044116383742,
      "incr_op_margin_yoy": 0.32178920392473176,
      "rev_growth_yoy": -0.20316499545724206,
      "rev_growth_yoy_accel": -0.020563672598900767,
      "op_leverage_ratio": 4.071696560671217,
      "fcf_margin_change": 0.025031491610192608
    },
    {
      "date": "2022-09-30T00:00:00",
      "quarter_label": "2022-09 (Q3)",
      "revenue": 1009806000,
      "gross_profit": 120367000,
      "operating_income": 60011000,
      "net_income": 73393000,
      "opex": 60356000,
      "cogs": 889439000,
      "rd": null,
      "sga": 61795000,
      "fcf": 64110000,
      "ocf": 88647000,
      "capex": -24537000,
      "gross_margin": 0.1191981430096474,
      "op_margin": 0.059428246613706,
      "fcf_margin": 0.0634874421423521,
      "incr_op_margin_yoy": -0.3111251266173576,
      "rev_growth_yoy": -0.049262377733778104,
      "rev_growth_yoy_accel": 0.15390261772346397,
      "op_leverage_ratio": Infinity,
      "fcf_margin_change": 0.18719788330618953
    },
    {
      "date": "2022-12-31T00:00:00",
      "quarter_label": "2022-12 (Q4)",
      "revenue": 789213000,
      "gross_profit": 96781000,
      "operating_income": 8375000,
      "net_income": 22052000,
      "opex": 88406000,
      "cogs": 695593000,
      "rd": null,
      "sga": 80574000,
      "fcf": 46419000,
      "ocf": 70278000,
      "capex": -23859000,
      "gross_margin": 0.1226297590130928,
      "op_margin": 0.010611837362030276,
      "fcf_margin": 0.05881682131439801,
      "incr_op_margin_yoy": 0.3195430921455993,
      "rev_growth_yoy": 0.15517801626473224,
      "rev_growth_yoy_accel": 0.20444039399851033,
      "fcf_margin_change": -0.004670620827954081
    },
    {
      "date": "2023-03-31T00:00:00",
      "quarter_label": "2023-03 (Q1)",
      "revenue": 560068000,
      "gross_profit": 32359000,
      "operating_income": -43249000,
      "net_income": -23023000,
      "opex": 75608000,
      "cogs": 527709000,
      "rd": null,
      "sga": 73122000,
      "fcf": -117149000,
      "ocf": -76688000,
      "capex": -40461000,
      "gross_margin": 0.057776912803445296,
      "op_margin": -0.07722098030953384,
      "fcf_margin": -0.20916924373468937,
      "incr_op_margin_yoy": -2.134353468995353,
      "rev_growth_yoy": 0.022794592995438158,
      "rev_growth_yoy_accel": -0.1323834232692941,
      "fcf_margin_change": -0.2679860650490874
    },
    {
      "date": "2023-06-30T00:00:00",
      "quarter_label": "2023-06 (Q2)",
      "revenue": 898552000,
      "gross_profit": 103086000,
      "operating_income": 28860000,
      "net_income": -17000000,
      "opex": 74226000,
      "cogs": 795466000,
      "rd": null,
      "sga": 64563000,
      "fcf": -81488000,
      "ocf": -42260000,
      "capex": -39228000,
      "gross_margin": 0.11472457910059741,
      "op_margin": 0.03211834150945076,
      "fcf_margin": -0.09068812934588093,
      "incr_op_margin_yoy": 0.17912578877066926,
      "rev_growth_yoy": 0.16955404627964066,
      "rev_growth_yoy_accel": 0.1467594532842025,
      "op_leverage_ratio": Infinity,
      "fcf_margin_change": 0.11848111438880844
    },
    {
      "date": "2023-09-30T00:00:00",
      "quarter_label": "2023-09 (Q3)",
      "revenue": 1116820000,
      "gross_profit": 166643000,
      "operating_income": 73818000,
      "net_income": 57624000,
      "opex": 92825000,
      "cogs": 950177000,
      "rd": null,
      "sga": 74794000,
      "fcf": 123872000,
      "ocf": 153146000,
      "capex": -29274000,
      "gross_margin": 0.14921204849483355,
      "op_margin": 0.06609659569133791,
      "fcf_margin": 0.11091491914543078,
      "incr_op_margin_yoy": 0.12902050199039378,
      "rev_growth_yoy": 0.10597481100330162,
      "rev_growth_yoy_accel": -0.06357923527633903,
      "op_leverage_ratio": 0.9694229940612074,
      "fcf_margin_change": 0.20160304849131172
    },
    {
      "date": "2023-12-31T00:00:00",
      "quarter_label": "2023-12 (Q4)",
      "revenue": 933698000,
      "gross_profit": 94311000,
      "operating_income": 20633000,
      "net_income": 25998000,
      "opex": 73678000,
      "cogs": 839387000,
      "rd": null,
      "sga": 81987000,
      "fcf": 118088000,
      "ocf": 149509000,
      "capex": -31421000,
      "gross_margin": 0.1010080347178638,
      "op_margin": 0.022098151650747886,
      "fcf_margin": 0.1264734421622409,
      "incr_op_margin_yoy": 0.08483925667024259,
      "rev_growth_yoy": 0.18307478462721724,
      "rev_growth_yoy_accel": 0.07709997362391562,
      "fcf_margin_change": 0.015558523016810127
    },
    {
      "date": "2024-03-31T00:00:00",
      "quarter_label": "2024-03 (Q1)",
      "revenue": 672275000,
      "gross_profit": 54285000,
      "operating_income": -43300000,
      "net_income": -30983000,
      "opex": 97585000,
      "cogs": 617990000,
      "rd": null,
      "sga": 87993000,
      "fcf": -3798000,
      "ocf": 24073000,
      "capex": -27871000,
      "gross_margin": 0.08074820571938567,
      "op_margin": -0.0644081663009929,
      "fcf_margin": -0.005649473801643673,
      "incr_op_margin_yoy": -0.00045451709786376964,
      "rev_growth_yoy": 0.2003453152117243,
      "rev_growth_yoy_accel": 0.01727053058450706,
      "fcf_margin_change": -0.1321229159638846
    },
    {
      "date": "2024-06-30T00:00:00",
      "quarter_label": "2024-06 (Q2)",
      "revenue": 1082486000,
      "gross_profit": 164711000,
      "operating_income": 85821000,
      "net_income": 36895000,
      "opex": 78890000,
      "cogs": 917775000,
      "rd": null,
      "sga": 70052000,
      "fcf": -40979000,
      "ocf": -1989000,
      "capex": -38990000,
      "gross_margin": 0.15215993555574853,
      "op_margin": 0.07928139486330539,
      "fcf_margin": -0.03785637874300453,
      "incr_op_margin_yoy": 0.30968173366533647,
      "rev_growth_yoy": 0.2047004513929077,
      "rev_growth_yoy_accel": 0.004355136181183411,
      "op_leverage_ratio": Infinity,
      "fcf_margin_change": -0.03220690494136086
    },
    {
      "date": "2024-09-30T00:00:00",
      "quarter_label": "2024-09 (Q3)",
      "revenue": 1275510000,
      "gross_profit": 202949000,
      "operating_income": 104298000,
      "net_income": 78951000,
      "opex": 98651000,
      "cogs": 1072561000,
      "rd": null,
      "sga": 91650000,
      "fcf": 220159000,
      "ocf": 261465000,
      "capex": -41306000,
      "gross_margin": 0.15911204145792662,
      "op_margin": 0.08176964508314322,
      "fcf_margin": 0.17260468361674938,
      "incr_op_margin_yoy": 0.1920725943663747,
      "rev_growth_yoy": 0.14209093676689172,
      "rev_growth_yoy_accel": -0.062609514626016,
      "op_leverage_ratio": 0.7118722452617855,
      "fcf_margin_change": 0.21046106235975393
    },
    {
      "date": "2024-12-31T00:00:00",
      "quarter_label": "2024-12 (Q4)",
      "revenue": 977303000,
      "gross_profit": 150752000,
      "operating_income": 60544000,
      "net_income": 41483000,
      "opex": 90208000,
      "cogs": 826551000,
      "rd": null,
      "sga": 84467000,
      "fcf": 144556000,
      "ocf": 172794000,
      "capex": -28238000,
      "gross_margin": 0.15425308220684886,
      "op_margin": 0.061950080988188924,
      "fcf_margin": 0.14791318557294922,
      "incr_op_margin_yoy": 0.9152849443871116,
      "rev_growth_yoy": 0.0467013959545806,
      "rev_growth_yoy_accel": -0.09538954081231112,
      "fcf_margin_change": -0.024691498043800164
    },
    {
      "date": "2025-03-31T00:00:00",
      "quarter_label": "2025-03 (Q1)",
      "revenue": 699547000,
      "gross_profit": 83849000,
      "operating_income": -39751000,
      "net_income": -33656000,
      "opex": 123600000,
      "cogs": 615698000,
      "rd": null,
      "sga": 115911000,
      "fcf": -28559000,
      "ocf": 3647000,
      "capex": -32206000,
      "gross_margin": 0.11986185345659406,
      "op_margin": -0.056823916048528544,
      "fcf_margin": -0.04082499102990936,
      "incr_op_margin_yoy": 0.13013347022587268,
      "rev_growth_yoy": 0.04056673236398795,
      "rev_growth_yoy_accel": -0.00613466359059265,
      "fcf_margin_change": -0.18873817660285858
    },
    {
      "date": "2025-06-30T00:00:00",
      "quarter_label": "2025-06 (Q2)",
      "revenue": 1125964000,
      "gross_profit": 199099000,
      "operating_income": 103565000,
      "net_income": 71700000,
      "opex": 95534000,
      "cogs": 926865000,
      "rd": null,
      "sga": 85887000,
      "fcf": -27025000,
      "ocf": 1791000,
      "capex": -28816000,
      "gross_margin": 0.17682536919475222,
      "op_margin": 0.09197896202720514,
      "fcf_margin": -0.024001655470334754,
      "incr_op_margin_yoy": 0.4081144486866921,
      "rev_growth_yoy": 0.04016495363450428,
      "rev_growth_yoy_accel": -0.0004017787294836733,
      "op_leverage_ratio": Infinity,
      "fcf_margin_change": 0.016823335559574604
    },
    {
      "date": "2025-09-30T00:00:00",
      "quarter_label": "2025-09 (Q3)",
      "revenue": 1433498000,
      "gross_profit": 260548000,
      "operating_income": 143651000,
      "net_income": 102929000,
      "opex": 116897000,
      "cogs": 1172950000,
      "rd": null,
      "sga": 101645000,
      "fcf": 257466000,
      "ocf": 284174000,
      "capex": -26708000,
      "gross_margin": 0.1817567935218605,
      "op_margin": 0.1002101153960452,
      "fcf_margin": 0.17960680796206202,
      "incr_op_margin_yoy": 0.24908853837000278,
      "rev_growth_yoy": 0.12386261181801789,
      "rev_growth_yoy_accel": 0.0836976581835136,
      "op_leverage_ratio": 1.2214181052223203,
      "fcf_margin_change": 0.20360846343239677
    }
  ],
  "signals": [
    {
      "quarter": "2025-09 (Q3)",
      "signal": "FCF TURNED POSITIVE",
      "detail": "FCF margin: -2.4% -> +18.0%",
      "severity": "HIGH"
    },
    {
      "quarter": "2025-09 (Q3)",
      "signal": "YoY REVENUE GROWTH ACCELERATION",
      "detail": "YoY growth: +12.4% vs prior quarter YoY: +4.0% (accel: +8.4%)",
      "severity": "MEDIUM"
    },
    {
      "quarter": "2025-09 (Q3)",
      "signal": "INCREMENTAL MARGIN (YoY)",
      "detail": "YoY Incr OPM: +24.9% vs year-ago OPM: +8.2%",
      "severity": "MEDIUM"
    },
    {
      "quarter": "2025-06 (Q2)",
      "signal": "GROSS MARGIN INFLECTION",
      "detail": "GM: +15.4% -> +12.0% -> +17.7% (reversal +5.7%)",
      "severity": "HIGH"
    },
    {
      "quarter": "2025-06 (Q2)",
      "signal": "INCREMENTAL MARGIN (YoY)",
      "detail": "YoY Incr OPM: +40.8% vs year-ago OPM: +7.9%",
      "severity": "HIGH"
    },
    {
      "quarter": "2025-06 (Q2)",
      "signal": "OP MARGIN TURNED POSITIVE (QoQ)",
      "detail": "Op margin: -5.7% -> +9.2%",
      "severity": "HIGH"
    },
    {
      "quarter": "2024-12 (Q4)",
      "signal": "YoY REVENUE GROWTH DECELERATION",
      "detail": "YoY growth: +4.7% vs prior quarter YoY: +14.2% (decel: -9.5%)",
      "severity": "WARNING"
    },
    {
      "quarter": "2024-12 (Q4)",
      "signal": "INCREMENTAL MARGIN (YoY)",
      "detail": "YoY Incr OPM: +91.5% vs year-ago OPM: +2.2%",
      "severity": "HIGH"
    },
    {
      "quarter": "2024-09 (Q3)",
      "signal": "FCF TURNED POSITIVE",
      "detail": "FCF margin: -3.8% -> +17.3%",
      "severity": "HIGH"
    },
    {
      "quarter": "2024-09 (Q3)",
      "signal": "YoY REVENUE GROWTH DECELERATION",
      "detail": "YoY growth: +14.2% vs prior quarter YoY: +20.5% (decel: -6.3%)",
      "severity": "WARNING"
    },
    {
      "quarter": "2024-09 (Q3)",
      "signal": "INCREMENTAL MARGIN (YoY)",
      "detail": "YoY Incr OPM: +19.2% vs year-ago OPM: +6.6%",
      "severity": "MEDIUM"
    },
    {
      "quarter": "2024-06 (Q2)",
      "signal": "GROSS MARGIN INFLECTION",
      "detail": "GM: +10.1% -> +8.1% -> +15.2% (reversal +7.1%)",
      "severity": "HIGH"
    },
    {
      "quarter": "2024-06 (Q2)",
      "signal": "INCREMENTAL MARGIN (YoY)",
      "detail": "YoY Incr OPM: +31.0% vs year-ago OPM: +3.2%",
      "severity": "HIGH"
    },
    {
      "quarter": "2024-06 (Q2)",
      "signal": "OP MARGIN TURNED POSITIVE (QoQ)",
      "detail": "Op margin: -6.4% -> +7.9%",
      "severity": "HIGH"
    },
    {
      "quarter": "2023-12 (Q4)",
      "signal": "YoY REVENUE GROWTH ACCELERATION",
      "detail": "YoY growth: +18.3% vs prior quarter YoY: +10.6% (accel: +7.7%)",
      "severity": "MEDIUM"
    },
    {
      "quarter": "2023-09 (Q3)",
      "signal": "FCF TURNED POSITIVE",
      "detail": "FCF margin: -9.1% -> +11.1%",
      "severity": "HIGH"
    },
    {
      "quarter": "2023-09 (Q3)",
      "signal": "YoY REVENUE GROWTH DECELERATION",
      "detail": "YoY growth: +10.6% vs prior quarter YoY: +17.0% (decel: -6.4%)",
      "severity": "WARNING"
    },
    {
      "quarter": "2023-06 (Q2)",
      "signal": "FCF MARGIN EXPANSION",
      "detail": "FCF margin: -20.9% -> -9.1% (+11.8%)",
      "severity": "MEDIUM"
    },
    {
      "quarter": "2023-06 (Q2)",
      "signal": "GROSS MARGIN INFLECTION",
      "detail": "GM: +12.3% -> +5.8% -> +11.5% (reversal +5.7%)",
      "severity": "HIGH"
    },
    {
      "quarter": "2023-06 (Q2)",
      "signal": "YoY REVENUE GROWTH ACCELERATION",
      "detail": "YoY growth: +17.0% vs prior quarter YoY: +2.3% (accel: +14.7%)",
      "severity": "MEDIUM"
    },
    {
      "quarter": "2023-06 (Q2)",
      "signal": "INCREMENTAL MARGIN (YoY)",
      "detail": "YoY Incr OPM: +17.9% vs year-ago OPM: +0.7%",
      "severity": "MEDIUM"
    },
    {
      "quarter": "2023-06 (Q2)",
      "signal": "OP MARGIN TURNED POSITIVE (QoQ)",
      "detail": "Op margin: -7.7% -> +3.2%",
      "severity": "HIGH"
    },
    {
      "quarter": "2023-03 (Q1)",
      "signal": "YoY REVENUE GROWTH DECELERATION",
      "detail": "YoY growth: +2.3% vs prior quarter YoY: +15.5% (decel: -13.2%)",
      "severity": "WARNING"
    },
    {
      "quarter": "2022-12 (Q4)",
      "signal": "YoY REVENUE GROWTH ACCELERATION",
      "detail": "YoY growth: +15.5% vs prior quarter YoY: -4.9% (accel: +20.4%)",
      "severity": "HIGH"
    },
    {
      "quarter": "2022-12 (Q4)",
      "signal": "OP MARGIN TURNED POSITIVE (YoY)",
      "detail": "Op margin: -3.7% (year-ago) -> +1.1%",
      "severity": "HIGH"
    },
    {
      "quarter": "2022-09 (Q3)",
      "signal": "FCF TURNED POSITIVE",
      "detail": "FCF margin: -12.4% -> +6.3%",
      "severity": "HIGH"
    },
    {
      "quarter": "2022-09 (Q3)",
      "signal": "YoY REVENUE GROWTH ACCELERATION",
      "detail": "YoY growth: -4.9% vs prior quarter YoY: -20.3% (accel: +15.4%)",
      "severity": "HIGH"
    },
    {
      "quarter": "2022-06 (Q2)",
      "signal": "OPERATING LEVERAGE",
      "detail": "Rev growth +40.3% vs OpEx growth +9.9% (leverage: 4.1x)",
      "severity": "MEDIUM"
    },
    {
      "quarter": "2022-06 (Q2)",
      "signal": "INCREMENTAL MARGIN (YoY)",
      "detail": "YoY Incr OPM: +32.2% vs year-ago OPM: +7.1%",
      "severity": "HIGH"
    },
    {
      "quarter": "2022-06 (Q2)",
      "signal": "OP MARGIN TURNED POSITIVE (QoQ)",
      "detail": "Op margin: -3.0% -> +0.7%",
      "severity": "HIGH"
    },
    {
      "quarter": "2021-09 (Q3)",
      "signal": "FCF TURNED POSITIVE",
      "detail": "FCF margin: -10.0% -> +6.1%",
      "severity": "HIGH"
    },
    {
      "quarter": "2021-06 (Q2)",
      "signal": "GROSS MARGIN INFLECTION",
      "detail": "GM: +11.2% -> +9.5% -> +12.1% (reversal +2.7%)",
      "severity": "MEDIUM"
    },
    {
      "quarter": "2021-06 (Q2)",
      "signal": "OP MARGIN TURNED POSITIVE (QoQ)",
      "detail": "Op margin: -12.8% -> +7.1%",
      "severity": "HIGH"
    }
  ],
  "data_quality": {
    "n_quarters": 20,
    "coverage": {
      "revenue": [
        20,
        20
      ],
      "gross_profit": [
        20,
        20
      ],
      "op_income": [
        20,
        20
      ],
      "fcf": [
        20,
        20
      ]
    },
    "gaps": [],
    "warnings": []
  },
  "market_cap": null,
  "source": "SEC EDGAR",
  "last_updated": "2026-02-02T21:01:43.277313",
  "sector": "Industrials",
  "industry": "Engineering & Construction"
}