{
  "ticker": "HAE",
  "name": "HAEMONETICS CORPORATION",
  "quarters": [
    {
      "date": "2020-12-26T00:00:00",
      "quarter_label": "2020-12 (Q4)",
      "revenue": 240371000,
      "gross_profit": 120257000,
      "operating_income": 40425000,
      "net_income": 31882000,
      "opex": 79832000,
      "cogs": 120114000,
      "rd": 7501000,
      "sga": 73446000,
      "fcf": 56918000,
      "ocf": 66291000,
      "capex": -9373000,
      "gross_margin": 0.5002974568479559,
      "op_margin": 0.16817752557504856,
      "fcf_margin": 0.2367922919154141
    },
    {
      "date": "2021-04-03T00:00:00",
      "quarter_label": "2021-04 (Q2)",
      "revenue": 225029000,
      "gross_profit": 81807000,
      "operating_income": -21175000,
      "net_income": -11041000,
      "opex": 102982000,
      "cogs": 143222000,
      "rd": 10843000,
      "sga": 59508000,
      "fcf": -10085000,
      "ocf": 1547000,
      "capex": -11632000,
      "gross_margin": 0.3635398104244342,
      "op_margin": -0.09409898279777273,
      "fcf_margin": -0.04481644588030876,
      "fcf_margin_change": -0.2816087377957229
    },
    {
      "date": "2021-07-03T00:00:00",
      "quarter_label": "2021-07 (Q3)",
      "revenue": 228528000,
      "gross_profit": 108085000,
      "operating_income": 1390000,
      "net_income": -4454000,
      "opex": 106695000,
      "cogs": 120443000,
      "rd": 12701000,
      "sga": 91218000,
      "fcf": -15599000,
      "ocf": -1680000,
      "capex": -13919000,
      "gross_margin": 0.47296173773016875,
      "op_margin": 0.006082405657074844,
      "fcf_margin": -0.06825859413288525,
      "op_leverage_ratio": 0.43126262792472453,
      "fcf_margin_change": -0.02344214825257649
    },
    {
      "date": "2021-10-02T00:00:00",
      "quarter_label": "2021-10 (Q4)",
      "revenue": 239897000,
      "gross_profit": 122541000,
      "operating_income": 24510000,
      "net_income": 14856000,
      "opex": 98031000,
      "cogs": 117356000,
      "rd": 10853000,
      "sga": 75778000,
      "fcf": 22648000,
      "ocf": 43460000,
      "capex": -20812000,
      "gross_margin": 0.510806721217856,
      "op_margin": 0.10216884746370317,
      "fcf_margin": 0.09440718308273968,
      "op_leverage_ratio": Infinity,
      "fcf_margin_change": 0.16266577721562492
    },
    {
      "date": "2022-01-01T00:00:00",
      "quarter_label": "2022-01 (Q1)",
      "revenue": 259769000,
      "gross_profit": 138565000,
      "operating_income": 35651000,
      "net_income": 23232000,
      "opex": 102914000,
      "cogs": 121204000,
      "rd": 10037000,
      "sga": 80726000,
      "fcf": 35770000,
      "ocf": 62433000,
      "capex": -26663000,
      "gross_margin": 0.5334162274944277,
      "op_margin": 0.13724116426517405,
      "fcf_margin": 0.13769926357648526,
      "incr_op_margin_yoy": -0.2461078461697082,
      "rev_growth_yoy": 0.08070025086220883,
      "op_leverage_ratio": 1.6630046748397551,
      "fcf_margin_change": 0.04329208049374558
    },
    {
      "date": "2022-04-02T00:00:00",
      "quarter_label": "2022-04 (Q2)",
      "revenue": 265002000,
      "gross_profit": 136311000,
      "operating_income": 19199000,
      "net_income": 9741000,
      "opex": 117112000,
      "cogs": 128691000,
      "rd": 13210000,
      "sga": 91841000,
      "fcf": 32935000,
      "ocf": 68050000,
      "capex": -35115000,
      "gross_margin": 0.514377249983019,
      "op_margin": 0.07244850982256738,
      "fcf_margin": 0.12428208088995554,
      "incr_op_margin_yoy": 1.0100317714457259,
      "rev_growth_yoy": 0.1776348826151296,
      "rev_growth_yoy_accel": 0.09693463175292077,
      "op_leverage_ratio": 0.14601944681495174,
      "fcf_margin_change": -0.013417182686529722
    },
    {
      "date": "2022-07-02T00:00:00",
      "quarter_label": "2022-07 (Q3)",
      "revenue": 261458000,
      "gross_profit": 142263000,
      "operating_income": 30767000,
      "net_income": 19877000,
      "opex": 111496000,
      "cogs": 119195000,
      "rd": 10902000,
      "sga": 92227000,
      "fcf": -3474000,
      "ocf": 41993000,
      "capex": -45467000,
      "gross_margin": 0.5441141598268173,
      "op_margin": 0.1176747316968691,
      "fcf_margin": -0.013287028891829663,
      "incr_op_margin_yoy": 0.8921044640145763,
      "rev_growth_yoy": 0.14409612826437024,
      "rev_growth_yoy_accel": -0.03353875435075937,
      "fcf_margin_change": -0.13756910978178521
    },
    {
      "date": "2022-10-01T00:00:00",
      "quarter_label": "2022-10 (Q4)",
      "revenue": 297485000,
      "gross_profit": 157878000,
      "operating_income": 46732000,
      "net_income": 33197000,
      "opex": 111146000,
      "cogs": 139607000,
      "rd": 10896000,
      "sga": 92411000,
      "fcf": 51082000,
      "ocf": 87039000,
      "capex": -35957000,
      "gross_margin": 0.5307091113837672,
      "op_margin": 0.157090273459166,
      "fcf_margin": 0.17171285947190615,
      "incr_op_margin_yoy": 0.38587900256997987,
      "rev_growth_yoy": 0.24005302275559928,
      "rev_growth_yoy_accel": 0.09595689449122904,
      "op_leverage_ratio": Infinity,
      "fcf_margin_change": 0.18499988836373582
    },
    {
      "date": "2022-12-31T00:00:00",
      "quarter_label": "2022-12 (Q4)",
      "revenue": 305301000,
      "gross_profit": 158707000,
      "operating_income": 43279000,
      "net_income": 32944000,
      "opex": 115428000,
      "cogs": 146594000,
      "rd": 12689000,
      "sga": 94661000,
      "fcf": 47567000,
      "ocf": 64415000,
      "capex": -16848000,
      "gross_margin": 0.5198377994176239,
      "op_margin": 0.14175846132177752,
      "fcf_margin": 0.1558036167585432,
      "incr_op_margin_yoy": 0.16753052798032153,
      "rev_growth_yoy": 0.17527880540018248,
      "rev_growth_yoy_accel": -0.0647742173554168,
      "op_leverage_ratio": 0.6819721712327611,
      "fcf_margin_change": -0.015909242713362942
    },
    {
      "date": "2023-04-01T00:00:00",
      "quarter_label": "2023-04 (Q2)",
      "revenue": 304416000,
      "gross_profit": 156249000,
      "operating_income": 35255000,
      "net_income": 29383000,
      "opex": 120994000,
      "cogs": 148167000,
      "rd": 15644000,
      "sga": 97376000,
      "fcf": -13444000,
      "ocf": 79611000,
      "capex": -93055000,
      "gross_margin": 0.5132745979186376,
      "op_margin": 0.1158119152738358,
      "fcf_margin": -0.0441632502890781,
      "incr_op_margin_yoy": 0.40736794032577256,
      "rev_growth_yoy": 0.14873095297393982,
      "rev_growth_yoy_accel": -0.026547852426242663,
      "fcf_margin_change": -0.19996686704762132
    },
    {
      "date": "2023-07-01T00:00:00",
      "quarter_label": "2023-07 (Q3)",
      "revenue": 311332000,
      "gross_profit": 167265000,
      "operating_income": 53659000,
      "net_income": 41042000,
      "opex": 113606000,
      "cogs": 144067000,
      "rd": 12648000,
      "sga": 93485000,
      "fcf": 11405000,
      "ocf": 19086000,
      "capex": -7681000,
      "gross_margin": 0.5372560482057739,
      "op_margin": 0.17235298652242623,
      "fcf_margin": 0.03663291919879742,
      "incr_op_margin_yoy": 0.4589966716124634,
      "rev_growth_yoy": 0.19075339060193225,
      "rev_growth_yoy_accel": 0.04202243762799243,
      "op_leverage_ratio": Infinity,
      "fcf_margin_change": 0.08079616948787552
    },
    {
      "date": "2023-09-30T00:00:00",
      "quarter_label": "2023-09 (Q3)",
      "revenue": 318183000,
      "gross_profit": 170510000,
      "operating_income": 35303000,
      "net_income": 24908000,
      "opex": 135207000,
      "cogs": 147673000,
      "rd": 12665000,
      "sga": 104901000,
      "fcf": 90011000,
      "ocf": 99124000,
      "capex": -9113000,
      "gross_margin": 0.5358865809926991,
      "op_margin": 0.1109518736073266,
      "fcf_margin": 0.28289066354896397,
      "incr_op_margin_yoy": -0.5521789544883564,
      "rev_growth_yoy": 0.06957661730843571,
      "rev_growth_yoy_accel": -0.12117677329349653,
      "op_leverage_ratio": 0.11573310844834105,
      "fcf_margin_change": 0.24625774435016656
    },
    {
      "date": "2023-12-30T00:00:00",
      "quarter_label": "2023-12 (Q4)",
      "revenue": 336250000,
      "gross_profit": 177867000,
      "operating_income": 45978000,
      "net_income": 31241000,
      "opex": 131889000,
      "cogs": 158383000,
      "rd": 13265000,
      "sga": 111713000,
      "fcf": -15186000,
      "ocf": -540000,
      "capex": -14646000,
      "gross_margin": 0.5289724907063197,
      "op_margin": 0.1367375464684015,
      "fcf_margin": -0.04516282527881041,
      "incr_op_margin_yoy": 0.0872079873340011,
      "rev_growth_yoy": 0.10137208852902545,
      "rev_growth_yoy_accel": 0.03179547122058973,
      "op_leverage_ratio": Infinity,
      "fcf_margin_change": -0.3280534888277744
    },
    {
      "date": "2024-03-30T00:00:00",
      "quarter_label": "2024-03 (Q1)",
      "revenue": 343290000,
      "gross_profit": 175906000,
      "operating_income": 29943000,
      "net_income": 20367000,
      "opex": 145963000,
      "cogs": 167384000,
      "rd": 15857000,
      "sga": 121681000,
      "fcf": 57396000,
      "ocf": 64081000,
      "capex": -6685000,
      "gross_margin": 0.5124122462058318,
      "op_margin": 0.08722363016691427,
      "fcf_margin": 0.16719391767893035,
      "incr_op_margin_yoy": -0.13664660184184801,
      "rev_growth_yoy": 0.127700252286345,
      "rev_growth_yoy_accel": 0.026328163757319542,
      "op_leverage_ratio": 0.19620108053395935,
      "fcf_margin_change": 0.21235674295774076
    },
    {
      "date": "2024-06-29T00:00:00",
      "quarter_label": "2024-06 (Q2)",
      "revenue": 336172000,
      "gross_profit": 174924000,
      "operating_income": 39756000,
      "net_income": 38373000,
      "opex": 135168000,
      "cogs": 161248000,
      "rd": 14449000,
      "sga": 108248000,
      "fcf": -33077000,
      "ocf": -27421000,
      "capex": -5656000,
      "gross_margin": 0.5203407779351047,
      "op_margin": 0.11826089025855811,
      "fcf_margin": -0.09839308449246219,
      "incr_op_margin_yoy": -0.5597020933977456,
      "rev_growth_yoy": 0.07978620893451364,
      "rev_growth_yoy_accel": -0.047914043351831345,
      "fcf_margin_change": -0.2655870021713925
    },
    {
      "date": "2024-09-28T00:00:00",
      "quarter_label": "2024-09 (Q3)",
      "revenue": 345511000,
      "gross_profit": 187437000,
      "operating_income": 51697000,
      "net_income": 33831000,
      "opex": 135740000,
      "cogs": 158074000,
      "rd": 16530000,
      "sga": 106946000,
      "fcf": 39390000,
      "ocf": 48823000,
      "capex": -9433000,
      "gross_margin": 0.5424921348379647,
      "op_margin": 0.14962475869075081,
      "fcf_margin": 0.11400505338469687,
      "incr_op_margin_yoy": 0.5998975409836066,
      "rev_growth_yoy": 0.08588768098861348,
      "rev_growth_yoy_accel": 0.006101472054099832,
      "op_leverage_ratio": 6.564727396872846,
      "fcf_margin_change": 0.21239813787715905
    },
    {
      "date": "2024-12-28T00:00:00",
      "quarter_label": "2024-12 (Q4)",
      "revenue": 348542000,
      "gross_profit": 193547000,
      "operating_income": 59029000,
      "net_income": 37494000,
      "opex": 134518000,
      "cogs": 154995000,
      "rd": 15829000,
      "sga": 106459000,
      "fcf": 35220000,
      "ocf": 43766000,
      "capex": -8546000,
      "gross_margin": 0.5553046691646918,
      "op_margin": 0.16935979021179656,
      "fcf_margin": 0.10104951483608862,
      "incr_op_margin_yoy": 1.061747478034494,
      "rev_growth_yoy": 0.036556133828996286,
      "rev_growth_yoy_accel": -0.04933154715961719,
      "fcf_margin_change": -0.012955538548608245
    },
    {
      "date": "2025-03-29T00:00:00",
      "quarter_label": "2025-03 (Q1)",
      "revenue": 330599000,
      "gross_profit": 193050000,
      "operating_income": 71335000,
      "net_income": 57981000,
      "opex": 121715000,
      "cogs": 137549000,
      "rd": 15914000,
      "sga": 115136000,
      "fcf": 100914000,
      "ocf": 116557000,
      "capex": -15643000,
      "gross_margin": 0.583940060314762,
      "op_margin": 0.21577500234422972,
      "fcf_margin": 0.3052459323833405,
      "incr_op_margin_yoy": -3.261523914585139,
      "rev_growth_yoy": -0.036968743627836524,
      "rev_growth_yoy_accel": -0.07352487745683281,
      "fcf_margin_change": 0.2041964175472519
    },
    {
      "date": "2025-06-28T00:00:00",
      "quarter_label": "2025-06 (Q2)",
      "revenue": 321394000,
      "gross_profit": 192244000,
      "operating_income": 53872000,
      "net_income": 34031000,
      "opex": 138372000,
      "cogs": 129150000,
      "rd": 16261000,
      "sga": 110719000,
      "fcf": 13641000,
      "ocf": 17395000,
      "capex": -3754000,
      "gross_margin": 0.598156779529176,
      "op_margin": 0.16761980621915779,
      "fcf_margin": 0.04244323167202872,
      "incr_op_margin_yoy": -0.9552036811476519,
      "rev_growth_yoy": -0.04395963970824459,
      "rev_growth_yoy_accel": -0.0069908960804080655,
      "fcf_margin_change": -0.2628027007113118
    },
    {
      "date": "2025-09-27T00:00:00",
      "quarter_label": "2025-09 (Q3)",
      "revenue": 327315000,
      "gross_profit": 194744000,
      "operating_income": 58491000,
      "net_income": 38684000,
      "opex": 136253000,
      "cogs": 132571000,
      "rd": 14872000,
      "sga": 101615000,
      "fcf": 106305000,
      "ocf": 111321000,
      "capex": -5016000,
      "gross_margin": 0.5949742602691597,
      "op_margin": 0.17869941799184272,
      "fcf_margin": 0.32477888272764766,
      "incr_op_margin_yoy": -0.3733787645636404,
      "rev_growth_yoy": -0.052664025168518515,
      "rev_growth_yoy_accel": -0.008704385460273925,
      "op_leverage_ratio": Infinity,
      "fcf_margin_change": 0.2823356510556189
    }
  ],
  "signals": [
    {
      "quarter": "2025-09 (Q3)",
      "signal": "FCF MARGIN EXPANSION",
      "detail": "FCF margin: +4.2% -> +32.5% (+28.2%)",
      "severity": "MEDIUM"
    },
    {
      "quarter": "2025-03 (Q1)",
      "signal": "FCF MARGIN EXPANSION",
      "detail": "FCF margin: +10.1% -> +30.5% (+20.4%)",
      "severity": "MEDIUM"
    },
    {
      "quarter": "2025-03 (Q1)",
      "signal": "YoY REVENUE GROWTH DECELERATION",
      "detail": "YoY growth: -3.7% vs prior quarter YoY: +3.7% (decel: -7.4%)",
      "severity": "WARNING"
    },
    {
      "quarter": "2024-12 (Q4)",
      "signal": "INCREMENTAL MARGIN (YoY)",
      "detail": "YoY Incr OPM: +106.2% vs year-ago OPM: +13.7%",
      "severity": "HIGH"
    },
    {
      "quarter": "2024-09 (Q3)",
      "signal": "FCF TURNED POSITIVE",
      "detail": "FCF margin: -9.8% -> +11.4%",
      "severity": "HIGH"
    },
    {
      "quarter": "2024-09 (Q3)",
      "signal": "OPERATING LEVERAGE",
      "detail": "Rev growth +2.8% vs OpEx growth +0.4% (leverage: 6.6x)",
      "severity": "MEDIUM"
    },
    {
      "quarter": "2024-09 (Q3)",
      "signal": "INCREMENTAL MARGIN (YoY)",
      "detail": "YoY Incr OPM: +60.0% vs year-ago OPM: +11.1%",
      "severity": "HIGH"
    },
    {
      "quarter": "2024-03 (Q1)",
      "signal": "FCF TURNED POSITIVE",
      "detail": "FCF margin: -4.5% -> +16.7%",
      "severity": "HIGH"
    },
    {
      "quarter": "2023-09 (Q3)",
      "signal": "FCF MARGIN EXPANSION",
      "detail": "FCF margin: +3.7% -> +28.3% (+24.6%)",
      "severity": "MEDIUM"
    },
    {
      "quarter": "2023-09 (Q3)",
      "signal": "YoY REVENUE GROWTH DECELERATION",
      "detail": "YoY growth: +7.0% vs prior quarter YoY: +19.1% (decel: -12.1%)",
      "severity": "WARNING"
    },
    {
      "quarter": "2023-07 (Q3)",
      "signal": "FCF TURNED POSITIVE",
      "detail": "FCF margin: -4.4% -> +3.7%",
      "severity": "HIGH"
    },
    {
      "quarter": "2023-07 (Q3)",
      "signal": "GROSS MARGIN INFLECTION",
      "detail": "GM: +52.0% -> +51.3% -> +53.7% (reversal +2.4%)",
      "severity": "MEDIUM"
    },
    {
      "quarter": "2023-07 (Q3)",
      "signal": "INCREMENTAL MARGIN (YoY)",
      "detail": "YoY Incr OPM: +45.9% vs year-ago OPM: +11.8%",
      "severity": "HIGH"
    },
    {
      "quarter": "2023-04 (Q2)",
      "signal": "INCREMENTAL MARGIN (YoY)",
      "detail": "YoY Incr OPM: +40.7% vs year-ago OPM: +7.2%",
      "severity": "HIGH"
    },
    {
      "quarter": "2022-12 (Q4)",
      "signal": "YoY REVENUE GROWTH DECELERATION",
      "detail": "YoY growth: +17.5% vs prior quarter YoY: +24.0% (decel: -6.5%)",
      "severity": "WARNING"
    },
    {
      "quarter": "2022-10 (Q4)",
      "signal": "FCF TURNED POSITIVE",
      "detail": "FCF margin: -1.3% -> +17.2%",
      "severity": "HIGH"
    },
    {
      "quarter": "2022-10 (Q4)",
      "signal": "YoY REVENUE GROWTH ACCELERATION",
      "detail": "YoY growth: +24.0% vs prior quarter YoY: +14.4% (accel: +9.6%)",
      "severity": "MEDIUM"
    },
    {
      "quarter": "2022-10 (Q4)",
      "signal": "INCREMENTAL MARGIN (YoY)",
      "detail": "YoY Incr OPM: +38.6% vs year-ago OPM: +10.2%",
      "severity": "HIGH"
    },
    {
      "quarter": "2022-07 (Q3)",
      "signal": "GROSS MARGIN INFLECTION",
      "detail": "GM: +53.3% -> +51.4% -> +54.4% (reversal +3.0%)",
      "severity": "MEDIUM"
    },
    {
      "quarter": "2022-07 (Q3)",
      "signal": "INCREMENTAL MARGIN (YoY)",
      "detail": "YoY Incr OPM: +89.2% vs year-ago OPM: +0.6%",
      "severity": "HIGH"
    },
    {
      "quarter": "2022-04 (Q2)",
      "signal": "YoY REVENUE GROWTH ACCELERATION",
      "detail": "YoY growth: +17.8% vs prior quarter YoY: +8.1% (accel: +9.7%)",
      "severity": "MEDIUM"
    },
    {
      "quarter": "2022-04 (Q2)",
      "signal": "OP MARGIN TURNED POSITIVE (YoY)",
      "detail": "Op margin: -9.4% (year-ago) -> +7.2%",
      "severity": "HIGH"
    },
    {
      "quarter": "2022-01 (Q1)",
      "signal": "OPERATING LEVERAGE",
      "detail": "Rev growth +8.3% vs OpEx growth +5.0% (leverage: 1.7x)",
      "severity": "MEDIUM"
    },
    {
      "quarter": "2021-10 (Q4)",
      "signal": "FCF TURNED POSITIVE",
      "detail": "FCF margin: -6.8% -> +9.4%",
      "severity": "HIGH"
    },
    {
      "quarter": "2021-07 (Q3)",
      "signal": "GROSS MARGIN INFLECTION",
      "detail": "GM: +50.0% -> +36.4% -> +47.3% (reversal +10.9%)",
      "severity": "HIGH"
    },
    {
      "quarter": "2021-07 (Q3)",
      "signal": "OP MARGIN TURNED POSITIVE (QoQ)",
      "detail": "Op margin: -9.4% -> +0.6%",
      "severity": "HIGH"
    }
  ],
  "data_quality": {
    "n_quarters": 20,
    "coverage": {
      "revenue": [
        20,
        20
      ],
      "gross_profit": [
        20,
        20
      ],
      "op_income": [
        20,
        20
      ],
      "fcf": [
        20,
        20
      ]
    },
    "gaps": [],
    "warnings": []
  },
  "market_cap": null,
  "source": "SEC EDGAR",
  "last_updated": "2026-02-02T21:19:55.897201"
}