{
  "ticker": "HAS",
  "name": "Hasbro, Inc.",
  "quarters": [
    {
      "date": "2020-12-27T00:00:00",
      "quarter_label": "2020-12 (Q4)",
      "revenue": 1722971000,
      "gross_profit": 1130127000,
      "operating_income": 186364000,
      "net_income": 105173000,
      "opex": 1536607000,
      "cogs": 592844000,
      "rd": 84659000,
      "sga": 366460000,
      "fcf": 448300000,
      "ocf": 482000000,
      "capex": -33700000,
      "gross_margin": 0.655917598148779,
      "op_margin": 0.10816432778032828,
      "fcf_margin": 0.2601901018647441
    },
    {
      "date": "2021-03-28T00:00:00",
      "quarter_label": "2021-03 (Q1)",
      "revenue": 1114800000,
      "gross_profit": 824900000,
      "operating_income": 147300000,
      "net_income": 116200000,
      "opex": 967500000,
      "cogs": 289900000,
      "rd": 61800000,
      "sga": 288600000,
      "fcf": 353700000,
      "ocf": 377600000,
      "capex": -23900000,
      "gross_margin": 0.7399533548618586,
      "op_margin": 0.13213132400430572,
      "fcf_margin": 0.3172766415500538,
      "fcf_margin_change": 0.05708653968530969
    },
    {
      "date": "2021-06-27T00:00:00",
      "quarter_label": "2021-06 (Q2)",
      "revenue": 1322200000,
      "gross_profit": 977200000,
      "operating_income": 76600000,
      "net_income": -22900000,
      "opex": 1245600000,
      "cogs": 345000000,
      "rd": 87200000,
      "sga": 354300000,
      "fcf": 160300000,
      "ocf": 199500000,
      "capex": -39200000,
      "gross_margin": 0.7390712448948722,
      "op_margin": 0.05793374678566026,
      "fcf_margin": 0.12123733171986084,
      "op_leverage_ratio": 0.6472346760212405,
      "fcf_margin_change": -0.19603930983019296
    },
    {
      "date": "2021-09-26T00:00:00",
      "quarter_label": "2021-09 (Q3)",
      "revenue": 1970000000,
      "gross_profit": 1360500000,
      "operating_income": 367900000,
      "net_income": 253200000,
      "opex": 1602100000,
      "cogs": 609500000,
      "rd": 80100000,
      "sga": 361800000,
      "fcf": 73500000,
      "ocf": 108500000,
      "capex": -35000000,
      "gross_margin": 0.6906091370558376,
      "op_margin": 0.186751269035533,
      "fcf_margin": 0.03730964467005076,
      "op_leverage_ratio": 1.711838762502803,
      "fcf_margin_change": -0.08392768704981007
    },
    {
      "date": "2021-12-26T00:00:00",
      "quarter_label": "2021-12 (Q4)",
      "revenue": 2013400000,
      "gross_profit": 1330300000,
      "operating_income": 171500000,
      "net_income": 82200000,
      "opex": 1841900000,
      "cogs": 683100000,
      "rd": 86600000,
      "sga": 428000000,
      "fcf": 97700000,
      "ocf": 132300000,
      "capex": -34600000,
      "gross_margin": 0.6607231548624217,
      "op_margin": 0.08517929869871858,
      "fcf_margin": 0.04852488328201053,
      "incr_op_margin_yoy": -0.0511794621060569,
      "rev_growth_yoy": 0.1685629067465442,
      "op_leverage_ratio": 0.14718513312701365,
      "fcf_margin_change": 0.01121523861195977
    },
    {
      "date": "2022-03-27T00:00:00",
      "quarter_label": "2022-03 (Q1)",
      "revenue": 1163100000,
      "gross_profit": 830000000,
      "operating_income": 120000000,
      "net_income": 61200000,
      "opex": 1043100000,
      "cogs": 333100000,
      "rd": 69600000,
      "sga": 307100000,
      "fcf": 105500000,
      "ocf": 134700000,
      "capex": -29200000,
      "gross_margin": 0.7136101796922019,
      "op_margin": 0.10317255610007738,
      "fcf_margin": 0.0907058722379847,
      "incr_op_margin_yoy": -0.5652173913043478,
      "rev_growth_yoy": 0.04332615715823466,
      "rev_growth_yoy_accel": -0.12523674958830955,
      "fcf_margin_change": 0.042180988955974164
    },
    {
      "date": "2022-06-26T00:00:00",
      "quarter_label": "2022-06 (Q2)",
      "revenue": 1339200000,
      "gross_profit": 927700000,
      "operating_income": 219100000,
      "net_income": 142000000,
      "opex": 1120100000,
      "cogs": 411500000,
      "rd": 79200000,
      "sga": 327200000,
      "fcf": -33500000,
      "ocf": 13100000,
      "capex": -46600000,
      "gross_margin": 0.6927270011947432,
      "op_margin": 0.16360513739545998,
      "fcf_margin": -0.02501493428912784,
      "incr_op_margin_yoy": 8.382352941176471,
      "rev_growth_yoy": 0.012857358947209198,
      "rev_growth_yoy_accel": -0.03046879821102546,
      "op_leverage_ratio": 2.051056011308784,
      "fcf_margin_change": -0.11572080652711253
    },
    {
      "date": "2022-09-25T00:00:00",
      "quarter_label": "2022-09 (Q3)",
      "revenue": 1675900000,
      "gross_profit": 1089300000,
      "operating_income": 194300000,
      "net_income": 129200000,
      "opex": 1481600000,
      "cogs": 586600000,
      "rd": 82400000,
      "sga": 365800000,
      "fcf": 59500000,
      "ocf": 114400000,
      "capex": -54900000,
      "gross_margin": 0.6499791156990274,
      "op_margin": 0.11593770511367027,
      "fcf_margin": 0.035503311653439944,
      "incr_op_margin_yoy": 0.5902754165249915,
      "rev_growth_yoy": -0.14928934010152284,
      "rev_growth_yoy_accel": -0.16214669904873202,
      "op_leverage_ratio": 0.7790156299832602,
      "fcf_margin_change": 0.060518245942567786
    },
    {
      "date": "2022-12-25T00:00:00",
      "quarter_label": "2022-12 (Q4)",
      "revenue": 1678500000,
      "gross_profit": 1097900000,
      "operating_income": -125700000,
      "net_income": -128900000,
      "opex": 1804200000,
      "cogs": 580600000,
      "rd": 76700000,
      "sga": 666000000,
      "fcf": 113200000,
      "ocf": 110700000,
      "capex": 2500000,
      "gross_margin": 0.6540959189752755,
      "op_margin": -0.07488829311885613,
      "fcf_margin": 0.06744116770926423,
      "incr_op_margin_yoy": 0.8874290833084503,
      "rev_growth_yoy": -0.16633555180292042,
      "rev_growth_yoy_accel": -0.017046211701397584,
      "fcf_margin_change": 0.03193785605582428
    },
    {
      "date": "2023-04-02T00:00:00",
      "quarter_label": "2023-04 (Q2)",
      "revenue": 1001000000,
      "gross_profit": 715700000,
      "operating_income": 17900000,
      "net_income": -22100000,
      "opex": 983100000,
      "cogs": 285300000,
      "rd": 83300000,
      "sga": 317100000,
      "fcf": 35600000,
      "ocf": 88800000,
      "capex": -53200000,
      "gross_margin": 0.714985014985015,
      "op_margin": 0.01788211788211788,
      "fcf_margin": 0.035564435564435566,
      "incr_op_margin_yoy": 0.6298581122763726,
      "rev_growth_yoy": -0.13936892786518787,
      "rev_growth_yoy_accel": 0.026966623937732553,
      "fcf_margin_change": -0.03187673214482866
    },
    {
      "date": "2023-07-02T00:00:00",
      "quarter_label": "2023-07 (Q3)",
      "revenue": 1210000000,
      "gross_profit": 857800000,
      "operating_income": -188600000,
      "net_income": -235000000,
      "opex": 1398600000,
      "cogs": 352200000,
      "rd": 72400000,
      "sga": 380600000,
      "fcf": -28500000,
      "ocf": 30400000,
      "capex": -58900000,
      "gross_margin": 0.7089256198347107,
      "op_margin": -0.1558677685950413,
      "fcf_margin": -0.023553719008264463,
      "incr_op_margin_yoy": 3.1555727554179565,
      "rev_growth_yoy": -0.09647550776583035,
      "rev_growth_yoy_accel": 0.042893420099357524,
      "op_leverage_ratio": 0.49401356765977705,
      "fcf_margin_change": -0.05911815457270003
    },
    {
      "date": "2023-10-01T00:00:00",
      "quarter_label": "2023-10 (Q4)",
      "revenue": 1503400000,
      "gross_profit": 1008900000,
      "operating_income": -169500000,
      "net_income": -171100000,
      "opex": 1672900000,
      "cogs": 494500000,
      "rd": 76700000,
      "sga": 352300000,
      "fcf": 167400000,
      "ocf": 215700000,
      "capex": -48300000,
      "gross_margin": 0.6710788878541971,
      "op_margin": -0.1127444459225755,
      "fcf_margin": 0.11134761207928695,
      "incr_op_margin_yoy": 2.108985507246377,
      "rev_growth_yoy": -0.10292976907930067,
      "rev_growth_yoy_accel": -0.006454261313470322,
      "op_leverage_ratio": 1.2363529103382616,
      "fcf_margin_change": 0.13490133108755142
    },
    {
      "date": "2023-12-31T00:00:00",
      "quarter_label": "2023-12 (Q4)",
      "revenue": 1288900000,
      "gross_profit": 714900000,
      "operating_income": -1198600000,
      "net_income": -1061100000,
      "opex": 2487500000,
      "cogs": 574000000,
      "rd": 74500000,
      "sga": 430400000,
      "fcf": 415600000,
      "ocf": 390700000,
      "capex": 24900000,
      "gross_margin": 0.5546590115602452,
      "op_margin": -0.9299402591356971,
      "fcf_margin": 0.32244549615951584,
      "incr_op_margin_yoy": 2.7538501026694044,
      "rev_growth_yoy": -0.23211200476616026,
      "rev_growth_yoy_accel": -0.1291822356868596,
      "fcf_margin_change": 0.2110978840802289
    },
    {
      "date": "2024-03-31T00:00:00",
      "quarter_label": "2024-03 (Q1)",
      "revenue": 757300000,
      "gross_profit": 553100000,
      "operating_income": 116200000,
      "net_income": 58200000,
      "opex": 641100000,
      "cogs": 204200000,
      "rd": 65500000,
      "sga": 234800000,
      "fcf": 155700000,
      "ocf": 177800000,
      "capex": -22100000,
      "gross_margin": 0.7303578502574938,
      "op_margin": 0.15343985210616665,
      "fcf_margin": 0.20559883797702364,
      "incr_op_margin_yoy": -0.40336479277800574,
      "rev_growth_yoy": -0.24345654345654347,
      "rev_growth_yoy_accel": -0.01134453869038321,
      "fcf_margin_change": -0.11684665818249221
    },
    {
      "date": "2024-06-30T00:00:00",
      "quarter_label": "2024-06 (Q2)",
      "revenue": 995300000,
      "gross_profit": 757600000,
      "operating_income": 212100000,
      "net_income": 138500000,
      "opex": 783200000,
      "cogs": 237700000,
      "rd": 70400000,
      "sga": 318500000,
      "fcf": 159900000,
      "ocf": 187300000,
      "capex": -27400000,
      "gross_margin": 0.7611775344117352,
      "op_margin": 0.21310157741384508,
      "fcf_margin": 0.16065507887069225,
      "incr_op_margin_yoy": -1.8663251047973917,
      "rev_growth_yoy": -0.17743801652892563,
      "rev_growth_yoy_accel": 0.06601852692761784,
      "op_leverage_ratio": 1.417883991546322,
      "fcf_margin_change": -0.04494375910633139
    },
    {
      "date": "2024-09-29T00:00:00",
      "quarter_label": "2024-09 (Q3)",
      "revenue": 1281300000,
      "gross_profit": 902400000,
      "operating_income": 301900000,
      "net_income": 223200000,
      "opex": 979400000,
      "cogs": 378900000,
      "rd": 76300000,
      "sga": 299300000,
      "fcf": 204100000,
      "ocf": 222500000,
      "capex": -18400000,
      "gross_margin": 0.7042847108405526,
      "op_margin": 0.2356200733629907,
      "fcf_margin": 0.15929134472801063,
      "incr_op_margin_yoy": -2.1224673570463755,
      "rev_growth_yoy": -0.1477318079020886,
      "rev_growth_yoy_accel": 0.02970620862683704,
      "op_leverage_ratio": 1.1470588626892981,
      "fcf_margin_change": -0.0013637341426816219
    },
    {
      "date": "2024-12-29T00:00:00",
      "quarter_label": "2024-12 (Q4)",
      "revenue": 1712000000,
      "gross_profit": 1353300000,
      "operating_income": 59800000,
      "net_income": -34300000,
      "opex": 1041800000,
      "cogs": 358700000,
      "rd": 81900000,
      "sga": 360600000,
      "fcf": 240500000,
      "ocf": 259800000,
      "capex": -19300000,
      "gross_margin": 0.7904789719626168,
      "op_margin": 0.03492990654205608,
      "fcf_margin": 0.14047897196261683,
      "incr_op_margin_yoy": 2.974237768848972,
      "rev_growth_yoy": 0.32826441151369384,
      "rev_growth_yoy_accel": 0.4759962194157824,
      "op_leverage_ratio": 5.275936448758973,
      "fcf_margin_change": -0.018812372765393798
    },
    {
      "date": "2025-03-30T00:00:00",
      "quarter_label": "2025-03 (Q1)",
      "revenue": 1006100000,
      "gross_profit": 801600000,
      "operating_income": 170700000,
      "net_income": 98600000,
      "opex": 716400000,
      "cogs": 204500000,
      "rd": 80500000,
      "sga": 269600000,
      "fcf": 124300000,
      "ocf": 138100000,
      "capex": -13800000,
      "gross_margin": 0.7967398866911838,
      "op_margin": 0.16966504323625883,
      "fcf_margin": 0.12354636716032204,
      "incr_op_margin_yoy": 0.21905144694533762,
      "rev_growth_yoy": 0.32853558695365115,
      "rev_growth_yoy_accel": 0.0002711754399573052,
      "fcf_margin_change": -0.01693260480229479
    },
    {
      "date": "2025-06-29T00:00:00",
      "quarter_label": "2025-06 (Q2)",
      "revenue": 1133900000,
      "gross_profit": 908600000,
      "operating_income": -798200000,
      "net_income": -855800000,
      "opex": 1779000000,
      "cogs": 225300000,
      "rd": 77500000,
      "sga": 282800000,
      "fcf": 55200000,
      "ocf": 71300000,
      "capex": -16100000,
      "gross_margin": 0.8013052297380722,
      "op_margin": -0.703942146573772,
      "fcf_margin": 0.0486815415821501,
      "incr_op_margin_yoy": -7.289321789321789,
      "rev_growth_yoy": 0.13925449613181956,
      "rev_growth_yoy_accel": -0.1892810908218316,
      "op_leverage_ratio": 0.08563976569577188,
      "fcf_margin_change": -0.07486482557817194
    },
    {
      "date": "2025-09-28T00:00:00",
      "quarter_label": "2025-09 (Q3)",
      "revenue": 1590100000,
      "gross_profit": 1175800000,
      "operating_income": 341100000,
      "net_income": 233200000,
      "opex": 1046400000,
      "cogs": 414300000,
      "rd": 97600000,
      "sga": 287300000,
      "fcf": 260900000,
      "ocf": 280600000,
      "capex": -19700000,
      "gross_margin": 0.7394503490346519,
      "op_margin": 0.2145148103892837,
      "fcf_margin": 0.16407773096031697,
      "incr_op_margin_yoy": 0.12694300518134716,
      "rev_growth_yoy": 0.24100522906423164,
      "rev_growth_yoy_accel": 0.10175073293241207,
      "op_leverage_ratio": Infinity,
      "fcf_margin_change": 0.11539618937816687
    }
  ],
  "signals": [
    {
      "quarter": "2025-09 (Q3)",
      "signal": "FCF MARGIN EXPANSION",
      "detail": "FCF margin: +4.9% -> +16.4% (+11.5%)",
      "severity": "MEDIUM"
    },
    {
      "quarter": "2025-09 (Q3)",
      "signal": "YoY REVENUE GROWTH ACCELERATION",
      "detail": "YoY growth: +24.1% vs prior quarter YoY: +13.9% (accel: +10.2%)",
      "severity": "MEDIUM"
    },
    {
      "quarter": "2025-09 (Q3)",
      "signal": "OP MARGIN TURNED POSITIVE (QoQ)",
      "detail": "Op margin: -70.4% -> +21.5%",
      "severity": "HIGH"
    },
    {
      "quarter": "2025-06 (Q2)",
      "signal": "YoY REVENUE GROWTH DECELERATION",
      "detail": "YoY growth: +13.9% vs prior quarter YoY: +32.9% (decel: -18.9%)",
      "severity": "WARNING"
    },
    {
      "quarter": "2024-12 (Q4)",
      "signal": "OPERATING LEVERAGE",
      "detail": "Rev growth +33.6% vs OpEx growth +6.4% (leverage: 5.3x)",
      "severity": "MEDIUM"
    },
    {
      "quarter": "2024-12 (Q4)",
      "signal": "GROSS MARGIN INFLECTION",
      "detail": "GM: +76.1% -> +70.4% -> +79.0% (reversal +8.6%)",
      "severity": "HIGH"
    },
    {
      "quarter": "2024-12 (Q4)",
      "signal": "YoY REVENUE GROWTH ACCELERATION",
      "detail": "YoY growth: +32.8% vs prior quarter YoY: -14.8% (accel: +47.6%)",
      "severity": "HIGH"
    },
    {
      "quarter": "2024-12 (Q4)",
      "signal": "OP MARGIN TURNED POSITIVE (YoY)",
      "detail": "Op margin: -93.0% (year-ago) -> +3.5%",
      "severity": "HIGH"
    },
    {
      "quarter": "2024-09 (Q3)",
      "signal": "OP MARGIN TURNED POSITIVE (YoY)",
      "detail": "Op margin: -11.3% (year-ago) -> +23.6%",
      "severity": "HIGH"
    },
    {
      "quarter": "2024-06 (Q2)",
      "signal": "YoY REVENUE GROWTH ACCELERATION",
      "detail": "YoY growth: -17.7% vs prior quarter YoY: -24.3% (accel: +6.6%)",
      "severity": "MEDIUM"
    },
    {
      "quarter": "2024-06 (Q2)",
      "signal": "OP MARGIN TURNED POSITIVE (YoY)",
      "detail": "Op margin: -15.6% (year-ago) -> +21.3%",
      "severity": "HIGH"
    },
    {
      "quarter": "2024-03 (Q1)",
      "signal": "GROSS MARGIN INFLECTION",
      "detail": "GM: +67.1% -> +55.5% -> +73.0% (reversal +17.6%)",
      "severity": "HIGH"
    },
    {
      "quarter": "2024-03 (Q1)",
      "signal": "OP MARGIN TURNED POSITIVE (QoQ)",
      "detail": "Op margin: -93.0% -> +15.3%",
      "severity": "HIGH"
    },
    {
      "quarter": "2023-12 (Q4)",
      "signal": "FCF MARGIN EXPANSION",
      "detail": "FCF margin: +11.1% -> +32.2% (+21.1%)",
      "severity": "MEDIUM"
    },
    {
      "quarter": "2023-12 (Q4)",
      "signal": "YoY REVENUE GROWTH DECELERATION",
      "detail": "YoY growth: -23.2% vs prior quarter YoY: -10.3% (decel: -12.9%)",
      "severity": "WARNING"
    },
    {
      "quarter": "2023-10 (Q4)",
      "signal": "FCF TURNED POSITIVE",
      "detail": "FCF margin: -2.4% -> +11.1%",
      "severity": "HIGH"
    },
    {
      "quarter": "2023-04 (Q2)",
      "signal": "INCREMENTAL MARGIN (YoY)",
      "detail": "YoY Incr OPM: +63.0% vs year-ago OPM: +10.3%",
      "severity": "HIGH"
    },
    {
      "quarter": "2023-04 (Q2)",
      "signal": "OP MARGIN TURNED POSITIVE (QoQ)",
      "detail": "Op margin: -7.5% -> +1.8%",
      "severity": "HIGH"
    },
    {
      "quarter": "2022-09 (Q3)",
      "signal": "FCF TURNED POSITIVE",
      "detail": "FCF margin: -2.5% -> +3.6%",
      "severity": "HIGH"
    },
    {
      "quarter": "2022-09 (Q3)",
      "signal": "YoY REVENUE GROWTH DECELERATION",
      "detail": "YoY growth: -14.9% vs prior quarter YoY: +1.3% (decel: -16.2%)",
      "severity": "WARNING"
    },
    {
      "quarter": "2022-09 (Q3)",
      "signal": "INCREMENTAL MARGIN (YoY)",
      "detail": "YoY Incr OPM: +59.0% vs year-ago OPM: +18.7%",
      "severity": "HIGH"
    },
    {
      "quarter": "2022-06 (Q2)",
      "signal": "OPERATING LEVERAGE",
      "detail": "Rev growth +15.1% vs OpEx growth +7.4% (leverage: 2.1x)",
      "severity": "MEDIUM"
    },
    {
      "quarter": "2022-06 (Q2)",
      "signal": "INCREMENTAL MARGIN (YoY)",
      "detail": "YoY Incr OPM: +838.2% vs year-ago OPM: +5.8%",
      "severity": "HIGH"
    },
    {
      "quarter": "2022-03 (Q1)",
      "signal": "GROSS MARGIN INFLECTION",
      "detail": "GM: +69.1% -> +66.1% -> +71.4% (reversal +5.3%)",
      "severity": "HIGH"
    },
    {
      "quarter": "2022-03 (Q1)",
      "signal": "YoY REVENUE GROWTH DECELERATION",
      "detail": "YoY growth: +4.3% vs prior quarter YoY: +16.9% (decel: -12.5%)",
      "severity": "WARNING"
    },
    {
      "quarter": "2021-09 (Q3)",
      "signal": "OPERATING LEVERAGE",
      "detail": "Rev growth +49.0% vs OpEx growth +28.6% (leverage: 1.7x)",
      "severity": "MEDIUM"
    },
    {
      "quarter": "2021-03 (Q1)",
      "signal": "FCF MARGIN EXPANSION",
      "detail": "FCF margin: +26.0% -> +31.7% (+5.7%)",
      "severity": "MEDIUM"
    }
  ],
  "data_quality": {
    "n_quarters": 20,
    "coverage": {
      "revenue": [
        20,
        20
      ],
      "gross_profit": [
        20,
        20
      ],
      "op_income": [
        20,
        20
      ],
      "fcf": [
        20,
        20
      ]
    },
    "gaps": [],
    "warnings": []
  },
  "market_cap": null,
  "source": "SEC EDGAR",
  "last_updated": "2026-02-02T20:31:44.782563",
  "sector": "Consumer Cyclical",
  "industry": "Leisure"
}