{
  "ticker": "HAYW",
  "name": "Hayward Holdings, Inc.",
  "quarters": [
    {
      "date": "2020-12-31T00:00:00",
      "quarter_label": "2020-12 (Q4)",
      "revenue": 260698000,
      "gross_profit": 117455000,
      "operating_income": 41837000,
      "net_income": 19799000,
      "opex": 75618000,
      "cogs": 143243000,
      "rd": 6151000,
      "sga": 58366000,
      "fcf": -13125000,
      "ocf": -12594000,
      "capex": -531000,
      "gross_margin": 0.45054047211716236,
      "op_margin": 0.16048070947993465,
      "fcf_margin": -0.05034561062992428
    },
    {
      "date": "2021-04-03T00:00:00",
      "quarter_label": "2021-04 (Q2)",
      "revenue": 334400000,
      "gross_profit": 159900000,
      "operating_income": 79800000,
      "net_income": 36900000,
      "opex": 80100000,
      "cogs": 174500000,
      "rd": 4800000,
      "sga": 66500000,
      "fcf": -136441000,
      "ocf": -131644000,
      "capex": -4797000,
      "gross_margin": 0.47816985645933013,
      "op_margin": 0.23863636363636365,
      "fcf_margin": -0.4080173444976077,
      "op_leverage_ratio": 4.769742219073842,
      "fcf_margin_change": -0.3576717338676834
    },
    {
      "date": "2021-07-03T00:00:00",
      "quarter_label": "2021-07 (Q3)",
      "revenue": 364400000,
      "gross_profit": 168000000,
      "operating_income": 81000000,
      "net_income": 52800000,
      "opex": 87000000,
      "cogs": 196400000,
      "rd": 5000000,
      "sga": 71800000,
      "fcf": 249976000,
      "ocf": 255033000,
      "capex": -5057000,
      "gross_margin": 0.4610318331503842,
      "op_margin": 0.22228320526893525,
      "fcf_margin": 0.685993413830955,
      "op_leverage_ratio": 1.0414499687955066,
      "fcf_margin_change": 1.0940107583285628
    },
    {
      "date": "2021-10-02T00:00:00",
      "quarter_label": "2021-10 (Q4)",
      "revenue": 350624000,
      "gross_profit": 162454000,
      "operating_income": 77794000,
      "net_income": 50321000,
      "opex": 84660000,
      "cogs": 188170000,
      "rd": 6370000,
      "sga": 68807000,
      "fcf": 66530000,
      "ocf": 75774000,
      "capex": -9244000,
      "gross_margin": 0.4633282376562928,
      "op_margin": 0.22187300355936845,
      "fcf_margin": 0.18974742173952724,
      "fcf_margin_change": -0.4962459920914278
    },
    {
      "date": "2021-12-31T00:00:00",
      "quarter_label": "2021-12 (Q4)",
      "revenue": 352385000,
      "gross_profit": 165406000,
      "operating_income": 79528000,
      "net_income": 63721000,
      "opex": 85878000,
      "cogs": 186979000,
      "rd": 6680000,
      "sga": 60135000,
      "fcf": -16900000,
      "ocf": -9776000,
      "capex": -7124000,
      "gross_margin": 0.46939001376335543,
      "op_margin": 0.22568497524014927,
      "fcf_margin": -0.04795890858010415,
      "incr_op_margin_yoy": 0.4110833596911231,
      "rev_growth_yoy": 0.35169813347244705,
      "fcf_margin_change": -0.2377063303196314
    },
    {
      "date": "2022-04-02T00:00:00",
      "quarter_label": "2022-04 (Q2)",
      "revenue": 410460000,
      "gross_profit": 190394000,
      "operating_income": 106420000,
      "net_income": 74032000,
      "opex": 83974000,
      "cogs": 220066000,
      "rd": 5236000,
      "sga": 68857000,
      "fcf": -64269000,
      "ocf": -56940000,
      "capex": -7329000,
      "gross_margin": 0.46385518686351895,
      "op_margin": 0.25927008721921746,
      "fcf_margin": -0.15657798567460898,
      "incr_op_margin_yoy": 0.3499868524848804,
      "rev_growth_yoy": 0.22745215311004785,
      "rev_growth_yoy_accel": -0.1242459803623992,
      "op_leverage_ratio": Infinity,
      "fcf_margin_change": -0.10861907709450483
    },
    {
      "date": "2022-07-02T00:00:00",
      "quarter_label": "2022-07 (Q3)",
      "revenue": 399442000,
      "gross_profit": 189365000,
      "operating_income": 102748000,
      "net_income": 66260000,
      "opex": 86617000,
      "cogs": 210077000,
      "rd": 5033000,
      "sga": 68947000,
      "fcf": 112090000,
      "ocf": 120616000,
      "capex": -8526000,
      "gross_margin": 0.4740738329970309,
      "op_margin": 0.2572288342237421,
      "fcf_margin": 0.28061645996164647,
      "incr_op_margin_yoy": 0.6206266765595571,
      "rev_growth_yoy": 0.0961635565312843,
      "rev_growth_yoy_accel": -0.13128859657876354,
      "fcf_margin_change": 0.4371944456362554
    },
    {
      "date": "2022-10-01T00:00:00",
      "quarter_label": "2022-10 (Q4)",
      "revenue": 245267000,
      "gross_profit": 107784000,
      "operating_income": 40340000,
      "net_income": 23087000,
      "opex": 67444000,
      "cogs": 137483000,
      "rd": 6142000,
      "sga": 50493000,
      "fcf": 72310000,
      "ocf": 79988000,
      "capex": -7678000,
      "gross_margin": 0.4394557767657288,
      "op_margin": 0.164473818328597,
      "fcf_margin": 0.29482156180815194,
      "incr_op_margin_yoy": 0.3554960752489156,
      "rev_growth_yoy": -0.3004842794560555,
      "rev_growth_yoy_accel": -0.39664783598733977,
      "fcf_margin_change": 0.014205101846505475
    },
    {
      "date": "2022-12-31T00:00:00",
      "quarter_label": "2022-12 (Q4)",
      "revenue": 258967000,
      "gross_profit": 109492000,
      "operating_income": 36065000,
      "net_income": 15968000,
      "opex": 73427000,
      "cogs": 149475000,
      "rd": 5948000,
      "sga": 60515000,
      "fcf": -33812000,
      "ocf": -27720000,
      "capex": -6092000,
      "gross_margin": 0.4228029053894898,
      "op_margin": 0.13926484841697978,
      "fcf_margin": -0.13056489823027645,
      "incr_op_margin_yoy": 0.4652529491104498,
      "rev_growth_yoy": -0.26510209004356033,
      "rev_growth_yoy_accel": 0.03538218941249516,
      "op_leverage_ratio": 0.629659507034716,
      "fcf_margin_change": -0.4253864600384284
    },
    {
      "date": "2023-04-01T00:00:00",
      "quarter_label": "2023-04 (Q2)",
      "revenue": 210136000,
      "gross_profit": 97891000,
      "operating_income": 27847000,
      "net_income": 8410000,
      "opex": 70044000,
      "cogs": 112245000,
      "rd": 5977000,
      "sga": 54887000,
      "fcf": -97121000,
      "ocf": -90882000,
      "capex": -6239000,
      "gross_margin": 0.46584592835116306,
      "op_margin": 0.13251894011497317,
      "fcf_margin": -0.462181634750828,
      "incr_op_margin_yoy": 0.39222958806733094,
      "rev_growth_yoy": -0.4880475564001364,
      "rev_growth_yoy_accel": -0.22294546635657608,
      "fcf_margin_change": -0.33161673652055157
    },
    {
      "date": "2023-07-01T00:00:00",
      "quarter_label": "2023-07 (Q3)",
      "revenue": 283543000,
      "gross_profit": 136510000,
      "operating_income": 62975000,
      "net_income": 29453000,
      "opex": 73535000,
      "cogs": 147033000,
      "rd": 6873000,
      "sga": 57716000,
      "fcf": 247934000,
      "ocf": 257398000,
      "capex": -9464000,
      "gross_margin": 0.48144373163858745,
      "op_margin": 0.22210035162215255,
      "fcf_margin": 0.8744141100291667,
      "incr_op_margin_yoy": 0.3431694837746659,
      "rev_growth_yoy": -0.29015226240605646,
      "rev_growth_yoy_accel": 0.19789529399407996,
      "op_leverage_ratio": 7.009033006431966,
      "fcf_margin_change": 1.3365957447799948
    },
    {
      "date": "2023-09-30T00:00:00",
      "quarter_label": "2023-09 (Q3)",
      "revenue": 220304000,
      "gross_profit": 105411000,
      "operating_income": 28909000,
      "net_income": 11788000,
      "opex": 76502000,
      "cogs": 114893000,
      "rd": 6177000,
      "sga": 59454000,
      "fcf": 43501000,
      "ocf": 50421000,
      "capex": -6920000,
      "gross_margin": 0.47847973709056574,
      "op_margin": 0.13122321882489651,
      "fcf_margin": 0.1974589657927228,
      "incr_op_margin_yoy": 0.45791771822297,
      "rev_growth_yoy": -0.10177887771285986,
      "rev_growth_yoy_accel": 0.1883733846931966,
      "fcf_margin_change": -0.6769551442364439
    },
    {
      "date": "2023-12-31T00:00:00",
      "quarter_label": "2023-12 (Q4)",
      "revenue": 278469000,
      "gross_profit": 137138000,
      "operating_income": 55491000,
      "net_income": 31036000,
      "opex": 81647000,
      "cogs": 141331000,
      "rd": 5520000,
      "sga": 61550000,
      "fcf": -40768000,
      "ocf": -32397000,
      "capex": -8371000,
      "gross_margin": 0.49247133433164914,
      "op_margin": 0.19927173222153993,
      "fcf_margin": -0.1464004970032571,
      "incr_op_margin_yoy": 0.9961029637985848,
      "rev_growth_yoy": 0.0753068923839717,
      "rev_growth_yoy_accel": 0.17708577009683157,
      "op_leverage_ratio": 3.9257872468265598,
      "fcf_margin_change": -0.3438594627959799
    },
    {
      "date": "2024-03-30T00:00:00",
      "quarter_label": "2024-03 (Q1)",
      "revenue": 212569000,
      "gross_profit": 104579000,
      "operating_income": 30859000,
      "net_income": 9840000,
      "opex": 73720000,
      "cogs": 107990000,
      "rd": 6302000,
      "sga": 60014000,
      "fcf": -82626000,
      "ocf": -77204000,
      "capex": -5422000,
      "gross_margin": 0.4919767228523444,
      "op_margin": 0.1451716854292018,
      "fcf_margin": -0.3887020214612667,
      "incr_op_margin_yoy": 1.2379778051787915,
      "rev_growth_yoy": 0.01157821601248715,
      "rev_growth_yoy_accel": -0.06372867637148455,
      "fcf_margin_change": -0.2423015244580096
    },
    {
      "date": "2024-06-29T00:00:00",
      "quarter_label": "2024-06 (Q2)",
      "revenue": 284393000,
      "gross_profit": 145087000,
      "operating_income": 68025000,
      "net_income": 37581000,
      "opex": 77062000,
      "cogs": 139306000,
      "rd": 6119000,
      "sga": 63155000,
      "fcf": 282780000,
      "ocf": 287043000,
      "capex": -4263000,
      "gross_margin": 0.5101637522723836,
      "op_margin": 0.23919365103923093,
      "fcf_margin": 0.9943282710896542,
      "rev_growth_yoy": 0.002997781641585227,
      "rev_growth_yoy_accel": -0.008580434370901923,
      "op_leverage_ratio": 7.453298925158527,
      "fcf_margin_change": 1.3830302925509208
    },
    {
      "date": "2024-09-28T00:00:00",
      "quarter_label": "2024-09 (Q3)",
      "revenue": 227569000,
      "gross_profit": 113095000,
      "operating_income": 33416000,
      "net_income": 16501000,
      "opex": 79679000,
      "cogs": 114474000,
      "rd": 6449000,
      "sga": 64509000,
      "fcf": 59455000,
      "ocf": 65923000,
      "capex": -6468000,
      "gross_margin": 0.4969701497128344,
      "op_margin": 0.1468389807047533,
      "fcf_margin": 0.261261419613392,
      "incr_op_margin_yoy": 0.6203716448726773,
      "rev_growth_yoy": 0.032977158835064274,
      "rev_growth_yoy_accel": 0.029979377193479047,
      "fcf_margin_change": -0.7330668514762622
    },
    {
      "date": "2024-12-31T00:00:00",
      "quarter_label": "2024-12 (Q4)",
      "revenue": 327075000,
      "gross_profit": 167996000,
      "operating_income": 76487000,
      "net_income": 54733000,
      "opex": 91509000,
      "cogs": 159079000,
      "rd": 6908000,
      "sga": 73250000,
      "fcf": -71830000,
      "ocf": -63694000,
      "capex": -8136000,
      "gross_margin": 0.5136314301001299,
      "op_margin": 0.23385156309714897,
      "fcf_margin": -0.2196132385538485,
      "incr_op_margin_yoy": 0.43196313212360615,
      "rev_growth_yoy": 0.17454725660665998,
      "rev_growth_yoy_accel": 0.1415700977715957,
      "op_leverage_ratio": 2.9450678024782855,
      "fcf_margin_change": -0.4808746581672405
    },
    {
      "date": "2025-03-29T00:00:00",
      "quarter_label": "2025-03 (Q1)",
      "revenue": 228841000,
      "gross_profit": 113375000,
      "operating_income": 33511000,
      "net_income": 14333000,
      "opex": 79864000,
      "cogs": 115466000,
      "rd": 5986000,
      "sga": 65117000,
      "fcf": -11367000,
      "ocf": -5850000,
      "capex": -5517000,
      "gross_margin": 0.4954313256802758,
      "op_margin": 0.1464379197783614,
      "fcf_margin": -0.04967204303424649,
      "incr_op_margin_yoy": 0.16297935103244837,
      "rev_growth_yoy": 0.0765492616515108,
      "rev_growth_yoy_accel": -0.09799799495514919,
      "fcf_margin_change": 0.16994119551960202
    },
    {
      "date": "2025-06-28T00:00:00",
      "quarter_label": "2025-06 (Q2)",
      "revenue": 299603000,
      "gross_profit": 157839000,
      "operating_income": 71383000,
      "net_income": 44799000,
      "opex": 86456000,
      "cogs": 141764000,
      "rd": 6128000,
      "sga": 71893000,
      "fcf": 187306000,
      "ocf": 194212000,
      "capex": -6906000,
      "gross_margin": 0.5268271679522568,
      "op_margin": 0.23825862891893607,
      "fcf_margin": 0.6251806557344218,
      "incr_op_margin_yoy": 0.22077580539119002,
      "rev_growth_yoy": 0.053482329030602016,
      "rev_growth_yoy_accel": -0.02306693262090878,
      "op_leverage_ratio": 3.74627903343921,
      "fcf_margin_change": 0.6748526987686683
    },
    {
      "date": "2025-09-27T00:00:00",
      "quarter_label": "2025-09 (Q3)",
      "revenue": 244336000,
      "gross_profit": 125136000,
      "operating_income": 41053000,
      "net_income": 24028000,
      "opex": 84083000,
      "cogs": 119200000,
      "rd": 7122000,
      "sga": 69803000,
      "fcf": 87216000,
      "ocf": 94615000,
      "capex": -7399000,
      "gross_margin": 0.5121472071246153,
      "op_margin": 0.16801863008316417,
      "fcf_margin": 0.35695108375351975,
      "incr_op_margin_yoy": 0.45547802230571954,
      "rev_growth_yoy": 0.07367875237839952,
      "rev_growth_yoy_accel": 0.020196423347797504,
      "fcf_margin_change": -0.2682295719809021
    }
  ],
  "signals": [
    {
      "quarter": "2025-09 (Q3)",
      "signal": "INCREMENTAL MARGIN (YoY)",
      "detail": "YoY Incr OPM: +45.5% vs year-ago OPM: +14.7%",
      "severity": "HIGH"
    },
    {
      "quarter": "2025-06 (Q2)",
      "signal": "FCF TURNED POSITIVE",
      "detail": "FCF margin: -5.0% -> +62.5%",
      "severity": "HIGH"
    },
    {
      "quarter": "2025-06 (Q2)",
      "signal": "OPERATING LEVERAGE",
      "detail": "Rev growth +30.9% vs OpEx growth +8.3% (leverage: 3.7x)",
      "severity": "MEDIUM"
    },
    {
      "quarter": "2025-06 (Q2)",
      "signal": "GROSS MARGIN INFLECTION",
      "detail": "GM: +51.4% -> +49.5% -> +52.7% (reversal +3.1%)",
      "severity": "MEDIUM"
    },
    {
      "quarter": "2025-03 (Q1)",
      "signal": "FCF MARGIN EXPANSION",
      "detail": "FCF margin: -22.0% -> -5.0% (+17.0%)",
      "severity": "MEDIUM"
    },
    {
      "quarter": "2025-03 (Q1)",
      "signal": "YoY REVENUE GROWTH DECELERATION",
      "detail": "YoY growth: +7.7% vs prior quarter YoY: +17.5% (decel: -9.8%)",
      "severity": "WARNING"
    },
    {
      "quarter": "2024-12 (Q4)",
      "signal": "OPERATING LEVERAGE",
      "detail": "Rev growth +43.7% vs OpEx growth +14.8% (leverage: 2.9x)",
      "severity": "MEDIUM"
    },
    {
      "quarter": "2024-12 (Q4)",
      "signal": "YoY REVENUE GROWTH ACCELERATION",
      "detail": "YoY growth: +17.5% vs prior quarter YoY: +3.3% (accel: +14.2%)",
      "severity": "MEDIUM"
    },
    {
      "quarter": "2024-12 (Q4)",
      "signal": "INCREMENTAL MARGIN (YoY)",
      "detail": "YoY Incr OPM: +43.2% vs year-ago OPM: +19.9%",
      "severity": "HIGH"
    },
    {
      "quarter": "2024-09 (Q3)",
      "signal": "INCREMENTAL MARGIN (YoY)",
      "detail": "YoY Incr OPM: +62.0% vs year-ago OPM: +13.1%",
      "severity": "HIGH"
    },
    {
      "quarter": "2024-06 (Q2)",
      "signal": "FCF TURNED POSITIVE",
      "detail": "FCF margin: -38.9% -> +99.4%",
      "severity": "HIGH"
    },
    {
      "quarter": "2024-06 (Q2)",
      "signal": "OPERATING LEVERAGE",
      "detail": "Rev growth +33.8% vs OpEx growth +4.5% (leverage: 7.5x)",
      "severity": "MEDIUM"
    },
    {
      "quarter": "2024-03 (Q1)",
      "signal": "YoY REVENUE GROWTH DECELERATION",
      "detail": "YoY growth: +1.2% vs prior quarter YoY: +7.5% (decel: -6.4%)",
      "severity": "WARNING"
    },
    {
      "quarter": "2024-03 (Q1)",
      "signal": "INCREMENTAL MARGIN (YoY)",
      "detail": "YoY Incr OPM: +123.8% vs year-ago OPM: +13.3%",
      "severity": "HIGH"
    },
    {
      "quarter": "2023-12 (Q4)",
      "signal": "OPERATING LEVERAGE",
      "detail": "Rev growth +26.4% vs OpEx growth +6.7% (leverage: 3.9x)",
      "severity": "MEDIUM"
    },
    {
      "quarter": "2023-12 (Q4)",
      "signal": "YoY REVENUE GROWTH ACCELERATION",
      "detail": "YoY growth: +7.5% vs prior quarter YoY: -10.2% (accel: +17.7%)",
      "severity": "HIGH"
    },
    {
      "quarter": "2023-12 (Q4)",
      "signal": "INCREMENTAL MARGIN (YoY)",
      "detail": "YoY Incr OPM: +99.6% vs year-ago OPM: +13.9%",
      "severity": "HIGH"
    },
    {
      "quarter": "2023-09 (Q3)",
      "signal": "YoY REVENUE GROWTH ACCELERATION",
      "detail": "YoY growth: -10.2% vs prior quarter YoY: -29.0% (accel: +18.8%)",
      "severity": "HIGH"
    },
    {
      "quarter": "2023-09 (Q3)",
      "signal": "INCREMENTAL MARGIN (YoY)",
      "detail": "YoY Incr OPM: +45.8% vs year-ago OPM: +16.4%",
      "severity": "HIGH"
    },
    {
      "quarter": "2023-07 (Q3)",
      "signal": "FCF TURNED POSITIVE",
      "detail": "FCF margin: -46.2% -> +87.4%",
      "severity": "HIGH"
    },
    {
      "quarter": "2023-07 (Q3)",
      "signal": "OPERATING LEVERAGE",
      "detail": "Rev growth +34.9% vs OpEx growth +5.0% (leverage: 7.0x)",
      "severity": "MEDIUM"
    },
    {
      "quarter": "2023-07 (Q3)",
      "signal": "YoY REVENUE GROWTH ACCELERATION",
      "detail": "YoY growth: -29.0% vs prior quarter YoY: -48.8% (accel: +19.8%)",
      "severity": "HIGH"
    },
    {
      "quarter": "2023-04 (Q2)",
      "signal": "GROSS MARGIN INFLECTION",
      "detail": "GM: +43.9% -> +42.3% -> +46.6% (reversal +4.3%)",
      "severity": "MEDIUM"
    },
    {
      "quarter": "2023-04 (Q2)",
      "signal": "YoY REVENUE GROWTH DECELERATION",
      "detail": "YoY growth: -48.8% vs prior quarter YoY: -26.5% (decel: -22.3%)",
      "severity": "WARNING"
    },
    {
      "quarter": "2023-04 (Q2)",
      "signal": "INCREMENTAL MARGIN (YoY)",
      "detail": "YoY Incr OPM: +39.2% vs year-ago OPM: +25.9%",
      "severity": "MEDIUM"
    },
    {
      "quarter": "2022-12 (Q4)",
      "signal": "INCREMENTAL MARGIN (YoY)",
      "detail": "YoY Incr OPM: +46.5% vs year-ago OPM: +22.6%",
      "severity": "HIGH"
    },
    {
      "quarter": "2022-10 (Q4)",
      "signal": "YoY REVENUE GROWTH DECELERATION",
      "detail": "YoY growth: -30.0% vs prior quarter YoY: +9.6% (decel: -39.7%)",
      "severity": "WARNING"
    },
    {
      "quarter": "2022-10 (Q4)",
      "signal": "INCREMENTAL MARGIN (YoY)",
      "detail": "YoY Incr OPM: +35.5% vs year-ago OPM: +22.2%",
      "severity": "MEDIUM"
    },
    {
      "quarter": "2022-07 (Q3)",
      "signal": "FCF TURNED POSITIVE",
      "detail": "FCF margin: -15.7% -> +28.1%",
      "severity": "HIGH"
    },
    {
      "quarter": "2022-07 (Q3)",
      "signal": "YoY REVENUE GROWTH DECELERATION",
      "detail": "YoY growth: +9.6% vs prior quarter YoY: +22.7% (decel: -13.1%)",
      "severity": "WARNING"
    },
    {
      "quarter": "2022-07 (Q3)",
      "signal": "INCREMENTAL MARGIN (YoY)",
      "detail": "YoY Incr OPM: +62.1% vs year-ago OPM: +22.2%",
      "severity": "HIGH"
    },
    {
      "quarter": "2022-04 (Q2)",
      "signal": "YoY REVENUE GROWTH DECELERATION",
      "detail": "YoY growth: +22.7% vs prior quarter YoY: +35.2% (decel: -12.4%)",
      "severity": "WARNING"
    },
    {
      "quarter": "2022-04 (Q2)",
      "signal": "INCREMENTAL MARGIN (YoY)",
      "detail": "YoY Incr OPM: +35.0% vs year-ago OPM: +23.9%",
      "severity": "MEDIUM"
    },
    {
      "quarter": "2021-12 (Q4)",
      "signal": "INCREMENTAL MARGIN (YoY)",
      "detail": "YoY Incr OPM: +41.1% vs year-ago OPM: +16.0%",
      "severity": "HIGH"
    },
    {
      "quarter": "2021-07 (Q3)",
      "signal": "FCF TURNED POSITIVE",
      "detail": "FCF margin: -40.8% -> +68.6%",
      "severity": "HIGH"
    },
    {
      "quarter": "2021-04 (Q2)",
      "signal": "OPERATING LEVERAGE",
      "detail": "Rev growth +28.3% vs OpEx growth +5.9% (leverage: 4.8x)",
      "severity": "MEDIUM"
    }
  ],
  "data_quality": {
    "n_quarters": 20,
    "coverage": {
      "revenue": [
        20,
        20
      ],
      "gross_profit": [
        20,
        20
      ],
      "op_income": [
        20,
        20
      ],
      "fcf": [
        20,
        20
      ]
    },
    "gaps": [],
    "warnings": []
  },
  "market_cap": null,
  "source": "SEC EDGAR",
  "last_updated": "2026-02-02T21:17:10.467798"
}