{
  "ticker": "HBB",
  "name": "Hamilton Beach Brands Holding Co",
  "quarters": [
    {
      "date": "2020-09-30T00:00:00",
      "quarter_label": "2020-09 (Q3)",
      "revenue": 110549000,
      "gross_profit": 23748000,
      "operating_income": -2405000,
      "net_income": null,
      "opex": 26153000,
      "cogs": 86801000,
      "rd": null,
      "sga": 25830000,
      "fcf": null,
      "ocf": null,
      "capex": -1004000,
      "gross_margin": 0.21481876814806103,
      "op_margin": -0.021755058842685145,
      "fcf_margin": null
    },
    {
      "date": "2020-12-31T00:00:00",
      "quarter_label": "2020-12 (Q4)",
      "revenue": 234021000,
      "gross_profit": 54612000,
      "operating_income": 28422000,
      "net_income": 18996000,
      "opex": 26190000,
      "cogs": 179409000,
      "rd": null,
      "sga": 25912000,
      "fcf": null,
      "ocf": null,
      "capex": -716000,
      "gross_margin": 0.2333636724909303,
      "op_margin": 0.12145063904521389,
      "fcf_margin": null,
      "op_leverage_ratio": 789.4660423297679
    },
    {
      "date": "2021-03-31T00:00:00",
      "quarter_label": "2021-03 (Q1)",
      "revenue": 149249000,
      "gross_profit": 31693000,
      "operating_income": 5264000,
      "net_income": 2876000,
      "opex": 26429000,
      "cogs": 117556000,
      "rd": null,
      "sga": 26379000,
      "fcf": -3635000,
      "ocf": -1889000,
      "capex": -1746000,
      "gross_margin": 0.21234983148965822,
      "op_margin": 0.03526991805640239,
      "fcf_margin": -0.02435527206212437
    },
    {
      "date": "2021-06-30T00:00:00",
      "quarter_label": "2021-06 (Q2)",
      "revenue": 154655000,
      "gross_profit": 28383000,
      "operating_income": 886000,
      "net_income": 86000,
      "opex": 27497000,
      "cogs": 126272000,
      "rd": null,
      "sga": 27447000,
      "fcf": 4444000,
      "ocf": 10314000,
      "capex": -5870000,
      "gross_margin": 0.18352461931395686,
      "op_margin": 0.0057288804112379165,
      "fcf_margin": 0.028734926125893116,
      "op_leverage_ratio": 0.8963427078840647,
      "fcf_margin_change": 0.05309019818801748
    },
    {
      "date": "2021-09-30T00:00:00",
      "quarter_label": "2021-09 (Q3)",
      "revenue": 156740000,
      "gross_profit": 33284000,
      "operating_income": 7446000,
      "net_income": 5706000,
      "opex": 25838000,
      "cogs": 123456000,
      "rd": null,
      "sga": 25788000,
      "fcf": -14024000,
      "ocf": -12531000,
      "capex": -1493000,
      "gross_margin": 0.21235166517800177,
      "op_margin": 0.047505422993492405,
      "fcf_margin": -0.08947301263238484,
      "incr_op_margin_yoy": 0.21326665367712325,
      "rev_growth_yoy": 0.41783281621724305,
      "op_leverage_ratio": Infinity,
      "fcf_margin_change": -0.11820793875827795
    },
    {
      "date": "2021-12-31T00:00:00",
      "quarter_label": "2021-12 (Q4)",
      "revenue": 197750000,
      "gross_profit": 43142000,
      "operating_income": 17943000,
      "net_income": 12638000,
      "opex": 25199000,
      "cogs": 154608000,
      "rd": null,
      "sga": 25149000,
      "fcf": 19228000,
      "ocf": 21963000,
      "capex": -2735000,
      "gross_margin": 0.21816434892541087,
      "op_margin": 0.09073577749683945,
      "fcf_margin": 0.0972338811630847,
      "incr_op_margin_yoy": 0.28890849438945715,
      "rev_growth_yoy": -0.15499036411262238,
      "rev_growth_yoy_accel": -0.5728231803298655,
      "op_leverage_ratio": Infinity,
      "fcf_margin_change": 0.18670689379546956
    },
    {
      "date": "2022-03-31T00:00:00",
      "quarter_label": "2022-03 (Q1)",
      "revenue": 146351000,
      "gross_profit": 28230000,
      "operating_income": 12747000,
      "net_income": 7173000,
      "opex": 15483000,
      "cogs": 118121000,
      "rd": null,
      "sga": 15433000,
      "fcf": -21161000,
      "ocf": -20755000,
      "capex": -406000,
      "gross_margin": 0.1928924298433219,
      "op_margin": 0.08709882405996543,
      "fcf_margin": -0.14459074416983828,
      "incr_op_margin_yoy": -2.582125603864734,
      "rev_growth_yoy": -0.019417215525732164,
      "rev_growth_yoy_accel": 0.1355731485868902,
      "fcf_margin_change": -0.24182462533292298
    },
    {
      "date": "2022-06-30T00:00:00",
      "quarter_label": "2022-06 (Q2)",
      "revenue": 147527000,
      "gross_profit": 31978000,
      "operating_income": 5425000,
      "net_income": 5089000,
      "opex": 26553000,
      "cogs": 115549000,
      "rd": null,
      "sga": 26503000,
      "fcf": -4956000,
      "ocf": -4701000,
      "capex": -255000,
      "gross_margin": 0.21676032183939212,
      "op_margin": 0.03677292970100388,
      "fcf_margin": -0.03359385061717516,
      "incr_op_margin_yoy": -0.6367845117845118,
      "rev_growth_yoy": -0.04608968348905629,
      "rev_growth_yoy_accel": -0.026672467963324124,
      "fcf_margin_change": 0.11099689355266312
    },
    {
      "date": "2022-09-30T00:00:00",
      "quarter_label": "2022-09 (Q3)",
      "revenue": 150823000,
      "gross_profit": 34844000,
      "operating_income": 9369000,
      "net_income": 5907000,
      "opex": 25475000,
      "cogs": 115979000,
      "rd": null,
      "sga": 25425000,
      "fcf": -15616000,
      "ocf": -14717000,
      "capex": -899000,
      "gross_margin": 0.23102577193133672,
      "op_margin": 0.062119172805208754,
      "fcf_margin": -0.10353858496383178,
      "incr_op_margin_yoy": -0.3249957748859219,
      "rev_growth_yoy": -0.03775041469950236,
      "rev_growth_yoy_accel": 0.008339268789553926,
      "op_leverage_ratio": Infinity,
      "fcf_margin_change": -0.06994473434665663
    },
    {
      "date": "2022-12-31T00:00:00",
      "quarter_label": "2022-12 (Q4)",
      "revenue": 196248000,
      "gross_profit": 34062000,
      "operating_income": 11253000,
      "net_income": 7098000,
      "opex": 22809000,
      "cogs": 162186000,
      "rd": null,
      "sga": 22759000,
      "fcf": 36036000,
      "ocf": 36755000,
      "capex": -719000,
      "gross_margin": 0.17356610003668826,
      "op_margin": 0.05734071175247646,
      "fcf_margin": 0.1836248012718601,
      "incr_op_margin_yoy": 4.454061251664448,
      "rev_growth_yoy": -0.007595448798988622,
      "rev_growth_yoy_accel": 0.03015496590051374,
      "op_leverage_ratio": Infinity,
      "fcf_margin_change": 0.2871633862356919
    },
    {
      "date": "2023-03-31T00:00:00",
      "quarter_label": "2023-03 (Q1)",
      "revenue": 128252000,
      "gross_profit": 20910000,
      "operating_income": -5059000,
      "net_income": -4777000,
      "opex": 25969000,
      "cogs": 107342000,
      "rd": null,
      "sga": 25919000,
      "fcf": 34410000,
      "ocf": 34874000,
      "capex": -464000,
      "gross_margin": 0.16303839316345944,
      "op_margin": -0.03944577862333531,
      "fcf_margin": 0.2682999095530674,
      "incr_op_margin_yoy": 0.9838112602906238,
      "rev_growth_yoy": -0.12366844093993208,
      "rev_growth_yoy_accel": -0.11607299214094347,
      "fcf_margin_change": 0.08467510828120728
    },
    {
      "date": "2023-06-30T00:00:00",
      "quarter_label": "2023-06 (Q2)",
      "revenue": 137109000,
      "gross_profit": 27416000,
      "operating_income": 726000,
      "net_income": 110000,
      "opex": 26690000,
      "cogs": 109693000,
      "rd": null,
      "sga": 26640000,
      "fcf": 21364000,
      "ocf": 22386000,
      "capex": -1022000,
      "gross_margin": 0.19995769788999992,
      "op_margin": 0.005295057217250509,
      "fcf_margin": 0.15581763414509625,
      "incr_op_margin_yoy": 0.451046266077942,
      "rev_growth_yoy": -0.07061758186637022,
      "rev_growth_yoy_accel": 0.05305085907356186,
      "op_leverage_ratio": 2.487381843988407,
      "fcf_margin_change": -0.11248227540797112
    },
    {
      "date": "2023-09-30T00:00:00",
      "quarter_label": "2023-09 (Q3)",
      "revenue": 153614000,
      "gross_profit": 40066000,
      "operating_income": 14425000,
      "net_income": 10340000,
      "opex": 25641000,
      "cogs": 113548000,
      "rd": null,
      "sga": 25591000,
      "fcf": 10623000,
      "ocf": 11423000,
      "capex": -800000,
      "gross_margin": 0.2608225812751442,
      "op_margin": 0.09390420143997293,
      "fcf_margin": 0.06915385316442511,
      "incr_op_margin_yoy": 1.8115370834826228,
      "rev_growth_yoy": 0.018505135158430743,
      "rev_growth_yoy_accel": 0.08912271702480097,
      "op_leverage_ratio": Infinity,
      "fcf_margin_change": -0.08666378098067114
    },
    {
      "date": "2023-12-31T00:00:00",
      "quarter_label": "2023-12 (Q4)",
      "revenue": 206650000,
      "gross_profit": 55284000,
      "operating_income": 24989000,
      "net_income": 19569000,
      "opex": 30295000,
      "cogs": 151366000,
      "rd": null,
      "sga": 30245000,
      "fcf": 18820000,
      "ocf": 19953000,
      "capex": -1133000,
      "gross_margin": 0.267524800387128,
      "op_margin": 0.12092426808613597,
      "fcf_margin": 0.09107186063392209,
      "incr_op_margin_yoy": 1.320515285522015,
      "rev_growth_yoy": 0.05300436182789124,
      "rev_growth_yoy_accel": 0.034499226669460495,
      "op_leverage_ratio": 1.9021665648771258,
      "fcf_margin_change": 0.021918007469496972
    },
    {
      "date": "2024-03-31T00:00:00",
      "quarter_label": "2024-03 (Q1)",
      "revenue": 128277000,
      "gross_profit": 30054000,
      "operating_income": -943000,
      "net_income": -1162000,
      "opex": 30997000,
      "cogs": 98223000,
      "rd": null,
      "sga": 30947000,
      "fcf": 18759000,
      "ocf": 19701000,
      "capex": -942000,
      "gross_margin": 0.2342898571061063,
      "op_margin": -0.00735127887306376,
      "fcf_margin": 0.14623821885451016,
      "rev_growth_yoy": 0.00019492873405482956,
      "rev_growth_yoy_accel": -0.052809433093836414,
      "fcf_margin_change": 0.055166358220588074
    },
    {
      "date": "2024-06-30T00:00:00",
      "quarter_label": "2024-06 (Q2)",
      "revenue": 156240000,
      "gross_profit": 40496000,
      "operating_income": 9956000,
      "net_income": 5986000,
      "opex": 30540000,
      "cogs": 115744000,
      "rd": null,
      "sga": 30397000,
      "fcf": 16772000,
      "ocf": 17370000,
      "capex": -598000,
      "gross_margin": 0.25919098822324627,
      "op_margin": 0.06372247823860727,
      "fcf_margin": 0.10734767025089606,
      "incr_op_margin_yoy": 0.48246301813810044,
      "rev_growth_yoy": 0.13953132179506816,
      "rev_growth_yoy_accel": 0.13933639306101334,
      "op_leverage_ratio": Infinity,
      "fcf_margin_change": -0.0388905486036141
    },
    {
      "date": "2024-09-30T00:00:00",
      "quarter_label": "2024-09 (Q3)",
      "revenue": 156667000,
      "gross_profit": 43902000,
      "operating_income": 10620000,
      "net_income": 1936000,
      "opex": 33282000,
      "cogs": 112765000,
      "rd": null,
      "sga": 33251000,
      "fcf": -2701000,
      "ocf": -1894000,
      "capex": -807000,
      "gross_margin": 0.2802249356916262,
      "op_margin": 0.06778708981470252,
      "fcf_margin": -0.017240388850236488,
      "incr_op_margin_yoy": -1.246315099901736,
      "rev_growth_yoy": 0.019874490606324943,
      "rev_growth_yoy_accel": -0.11965683118874322,
      "fcf_margin_change": -0.12458805910113255
    },
    {
      "date": "2024-12-31T00:00:00",
      "quarter_label": "2024-12 (Q4)",
      "revenue": 213509000,
      "gross_profit": 55755000,
      "operating_income": 23569000,
      "net_income": 23999000,
      "opex": 32186000,
      "cogs": 157754000,
      "rd": null,
      "sga": 32108000,
      "fcf": 29392000,
      "ocf": 30238000,
      "capex": -846000,
      "gross_margin": 0.26113653288620153,
      "op_margin": 0.1103887892313673,
      "fcf_margin": 0.13766164423982127,
      "incr_op_margin_yoy": -0.20702726344948244,
      "rev_growth_yoy": 0.0331913864021292,
      "rev_growth_yoy_accel": 0.013316895795804258,
      "op_leverage_ratio": Infinity,
      "fcf_margin_change": 0.15490203309005776
    },
    {
      "date": "2025-06-30T00:00:00",
      "quarter_label": "2025-06 (Q2)",
      "revenue": 127770000,
      "gross_profit": 35131000,
      "operating_income": 5948000,
      "net_income": 4453000,
      "opex": 29183000,
      "cogs": 92639000,
      "rd": null,
      "sga": 29105000,
      "fcf": null,
      "ocf": null,
      "capex": null,
      "gross_margin": 0.2749549972607028,
      "op_margin": 0.046552398841668625,
      "fcf_margin": null,
      "incr_op_margin_yoy": 0.14077976817702845,
      "rev_growth_yoy": -0.18221966205837173,
      "rev_growth_yoy_accel": -0.21541104846050094
    },
    {
      "date": "2025-09-30T00:00:00",
      "quarter_label": "2025-09 (Q3)",
      "revenue": 132779000,
      "gross_profit": 28026000,
      "operating_income": 2874000,
      "net_income": 1653000,
      "opex": 25152000,
      "cogs": 104753000,
      "rd": null,
      "sga": 25075000,
      "fcf": 8370000,
      "ocf": 9132000,
      "capex": -762000,
      "gross_margin": 0.21107253406035592,
      "op_margin": 0.021644989041941873,
      "fcf_margin": 0.06303707664615639,
      "incr_op_margin_yoy": 0.32426322839919625,
      "rev_growth_yoy": -0.15247627132708227,
      "rev_growth_yoy_accel": 0.029743390731289454,
      "op_leverage_ratio": Infinity
    }
  ],
  "signals": [
    {
      "quarter": "2025-09 (Q3)",
      "signal": "INCREMENTAL MARGIN (YoY)",
      "detail": "YoY Incr OPM: +32.4% vs year-ago OPM: +6.8%",
      "severity": "HIGH"
    },
    {
      "quarter": "2025-06 (Q2)",
      "signal": "YoY REVENUE GROWTH DECELERATION",
      "detail": "YoY growth: -18.2% vs prior quarter YoY: +3.3% (decel: -21.5%)",
      "severity": "WARNING"
    },
    {
      "quarter": "2024-12 (Q4)",
      "signal": "FCF TURNED POSITIVE",
      "detail": "FCF margin: -1.7% -> +13.8%",
      "severity": "HIGH"
    },
    {
      "quarter": "2024-09 (Q3)",
      "signal": "YoY REVENUE GROWTH DECELERATION",
      "detail": "YoY growth: +2.0% vs prior quarter YoY: +14.0% (decel: -12.0%)",
      "severity": "WARNING"
    },
    {
      "quarter": "2024-06 (Q2)",
      "signal": "GROSS MARGIN INFLECTION",
      "detail": "GM: +26.8% -> +23.4% -> +25.9% (reversal +2.5%)",
      "severity": "MEDIUM"
    },
    {
      "quarter": "2024-06 (Q2)",
      "signal": "YoY REVENUE GROWTH ACCELERATION",
      "detail": "YoY growth: +14.0% vs prior quarter YoY: +0.0% (accel: +13.9%)",
      "severity": "MEDIUM"
    },
    {
      "quarter": "2024-06 (Q2)",
      "signal": "INCREMENTAL MARGIN (YoY)",
      "detail": "YoY Incr OPM: +48.2% vs year-ago OPM: +0.5%",
      "severity": "HIGH"
    },
    {
      "quarter": "2024-06 (Q2)",
      "signal": "OP MARGIN TURNED POSITIVE (QoQ)",
      "detail": "Op margin: -0.7% -> +6.4%",
      "severity": "HIGH"
    },
    {
      "quarter": "2024-03 (Q1)",
      "signal": "FCF MARGIN EXPANSION",
      "detail": "FCF margin: +9.1% -> +14.6% (+5.5%)",
      "severity": "MEDIUM"
    },
    {
      "quarter": "2024-03 (Q1)",
      "signal": "YoY REVENUE GROWTH DECELERATION",
      "detail": "YoY growth: +0.0% vs prior quarter YoY: +5.3% (decel: -5.3%)",
      "severity": "WARNING"
    },
    {
      "quarter": "2023-12 (Q4)",
      "signal": "OPERATING LEVERAGE",
      "detail": "Rev growth +34.5% vs OpEx growth +18.2% (leverage: 1.9x)",
      "severity": "MEDIUM"
    },
    {
      "quarter": "2023-12 (Q4)",
      "signal": "INCREMENTAL MARGIN (YoY)",
      "detail": "YoY Incr OPM: +132.1% vs year-ago OPM: +5.7%",
      "severity": "HIGH"
    },
    {
      "quarter": "2023-09 (Q3)",
      "signal": "YoY REVENUE GROWTH ACCELERATION",
      "detail": "YoY growth: +1.9% vs prior quarter YoY: -7.1% (accel: +8.9%)",
      "severity": "MEDIUM"
    },
    {
      "quarter": "2023-09 (Q3)",
      "signal": "INCREMENTAL MARGIN (YoY)",
      "detail": "YoY Incr OPM: +181.2% vs year-ago OPM: +6.2%",
      "severity": "HIGH"
    },
    {
      "quarter": "2023-06 (Q2)",
      "signal": "OPERATING LEVERAGE",
      "detail": "Rev growth +6.9% vs OpEx growth +2.8% (leverage: 2.5x)",
      "severity": "MEDIUM"
    },
    {
      "quarter": "2023-06 (Q2)",
      "signal": "GROSS MARGIN INFLECTION",
      "detail": "GM: +17.4% -> +16.3% -> +20.0% (reversal +3.7%)",
      "severity": "MEDIUM"
    },
    {
      "quarter": "2023-06 (Q2)",
      "signal": "YoY REVENUE GROWTH ACCELERATION",
      "detail": "YoY growth: -7.1% vs prior quarter YoY: -12.4% (accel: +5.3%)",
      "severity": "MEDIUM"
    },
    {
      "quarter": "2023-06 (Q2)",
      "signal": "INCREMENTAL MARGIN (YoY)",
      "detail": "YoY Incr OPM: +45.1% vs year-ago OPM: +3.7%",
      "severity": "HIGH"
    },
    {
      "quarter": "2023-06 (Q2)",
      "signal": "OP MARGIN TURNED POSITIVE (QoQ)",
      "detail": "Op margin: -3.9% -> +0.5%",
      "severity": "HIGH"
    },
    {
      "quarter": "2023-03 (Q1)",
      "signal": "FCF MARGIN EXPANSION",
      "detail": "FCF margin: +18.4% -> +26.8% (+8.5%)",
      "severity": "MEDIUM"
    },
    {
      "quarter": "2023-03 (Q1)",
      "signal": "YoY REVENUE GROWTH DECELERATION",
      "detail": "YoY growth: -12.4% vs prior quarter YoY: -0.8% (decel: -11.6%)",
      "severity": "WARNING"
    },
    {
      "quarter": "2022-12 (Q4)",
      "signal": "FCF TURNED POSITIVE",
      "detail": "FCF margin: -10.4% -> +18.4%",
      "severity": "HIGH"
    },
    {
      "quarter": "2022-12 (Q4)",
      "signal": "INCREMENTAL MARGIN (YoY)",
      "detail": "YoY Incr OPM: +445.4% vs year-ago OPM: +9.1%",
      "severity": "HIGH"
    },
    {
      "quarter": "2022-06 (Q2)",
      "signal": "FCF MARGIN EXPANSION",
      "detail": "FCF margin: -14.5% -> -3.4% (+11.1%)",
      "severity": "MEDIUM"
    },
    {
      "quarter": "2022-06 (Q2)",
      "signal": "GROSS MARGIN INFLECTION",
      "detail": "GM: +21.8% -> +19.3% -> +21.7% (reversal +2.4%)",
      "severity": "MEDIUM"
    },
    {
      "quarter": "2022-03 (Q1)",
      "signal": "YoY REVENUE GROWTH ACCELERATION",
      "detail": "YoY growth: -1.9% vs prior quarter YoY: -15.5% (accel: +13.6%)",
      "severity": "MEDIUM"
    },
    {
      "quarter": "2021-12 (Q4)",
      "signal": "FCF TURNED POSITIVE",
      "detail": "FCF margin: -8.9% -> +9.7%",
      "severity": "HIGH"
    },
    {
      "quarter": "2021-12 (Q4)",
      "signal": "YoY REVENUE GROWTH DECELERATION",
      "detail": "YoY growth: -15.5% vs prior quarter YoY: +41.8% (decel: -57.3%)",
      "severity": "WARNING"
    },
    {
      "quarter": "2021-12 (Q4)",
      "signal": "INCREMENTAL MARGIN (YoY)",
      "detail": "YoY Incr OPM: +28.9% vs year-ago OPM: +12.1%",
      "severity": "MEDIUM"
    },
    {
      "quarter": "2021-09 (Q3)",
      "signal": "GROSS MARGIN INFLECTION",
      "detail": "GM: +21.2% -> +18.4% -> +21.2% (reversal +2.9%)",
      "severity": "MEDIUM"
    },
    {
      "quarter": "2021-09 (Q3)",
      "signal": "OP MARGIN TURNED POSITIVE (YoY)",
      "detail": "Op margin: -2.2% (year-ago) -> +4.8%",
      "severity": "HIGH"
    },
    {
      "quarter": "2021-06 (Q2)",
      "signal": "FCF TURNED POSITIVE",
      "detail": "FCF margin: -2.4% -> +2.9%",
      "severity": "HIGH"
    },
    {
      "quarter": "2020-12 (Q4)",
      "signal": "OPERATING LEVERAGE",
      "detail": "Rev growth +111.7% vs OpEx growth +0.1% (leverage: 789.5x)",
      "severity": "MEDIUM"
    },
    {
      "quarter": "2020-12 (Q4)",
      "signal": "OP MARGIN TURNED POSITIVE (QoQ)",
      "detail": "Op margin: -2.2% -> +12.1%",
      "severity": "HIGH"
    }
  ],
  "data_quality": {
    "n_quarters": 20,
    "coverage": {
      "revenue": [
        20,
        20
      ],
      "gross_profit": [
        20,
        20
      ],
      "op_income": [
        20,
        20
      ],
      "fcf": [
        17,
        20
      ]
    },
    "gaps": [
      [
        "2024-12 (Q4)",
        "2025-06 (Q2)",
        181
      ]
    ],
    "warnings": [
      "gap: 1Q missing between 2024-12 (Q4) and 2025-06 (Q2)"
    ]
  },
  "market_cap": null,
  "source": "SEC EDGAR",
  "last_updated": "2026-02-02T22:52:24.978774",
  "sector": "Consumer Cyclical",
  "industry": "Furnishings, Fixtures & Appliances"
}