{
  "ticker": "HBIO",
  "name": "HARVARD BIOSCIENCE, INC.",
  "quarters": [
    {
      "date": "2020-12-31T00:00:00",
      "quarter_label": "2020-12 (Q4)",
      "revenue": 30984000,
      "gross_profit": 17708000,
      "operating_income": 2756000,
      "net_income": -615000,
      "opex": 14952000,
      "cogs": 13276000,
      "rd": 2349000,
      "sga": null,
      "fcf": 2426000,
      "ocf": 2490000,
      "capex": -64000,
      "gross_margin": 0.5715207849212497,
      "op_margin": 0.08894913503743868,
      "fcf_margin": 0.07829847663310095
    },
    {
      "date": "2021-03-31T00:00:00",
      "quarter_label": "2021-03 (Q1)",
      "revenue": 26989000,
      "gross_profit": 15431000,
      "operating_income": -239000,
      "net_income": -669000,
      "opex": 15670000,
      "cogs": 11558000,
      "rd": 2487000,
      "sga": null,
      "fcf": 886000,
      "ocf": 1037000,
      "capex": -151000,
      "gross_margin": 0.5717514542961948,
      "op_margin": -0.008855459631701805,
      "fcf_margin": 0.03282818926229204,
      "fcf_margin_change": -0.04547028737080891
    },
    {
      "date": "2021-06-30T00:00:00",
      "quarter_label": "2021-06 (Q2)",
      "revenue": 29197000,
      "gross_profit": 16353000,
      "operating_income": 58000,
      "net_income": -410000,
      "opex": 16295000,
      "cogs": 12844000,
      "rd": 2701000,
      "sga": null,
      "fcf": 562000,
      "ocf": 768000,
      "capex": -206000,
      "gross_margin": 0.5600917902524232,
      "op_margin": 0.001986505462890023,
      "fcf_margin": 0.01924855293352057,
      "op_leverage_ratio": 2.051168105524473,
      "fcf_margin_change": -0.013579636328771474
    },
    {
      "date": "2021-09-30T00:00:00",
      "quarter_label": "2021-09 (Q3)",
      "revenue": 29663000,
      "gross_profit": 16308000,
      "operating_income": 548000,
      "net_income": -170000,
      "opex": 15760000,
      "cogs": 13355000,
      "rd": 2660000,
      "sga": null,
      "fcf": -1140000,
      "ocf": -660000,
      "capex": -480000,
      "gross_margin": 0.5497758149883694,
      "op_margin": 0.018474193439638607,
      "fcf_margin": -0.038431716279540167,
      "op_leverage_ratio": Infinity,
      "fcf_margin_change": -0.057680269213060735
    },
    {
      "date": "2021-12-31T00:00:00",
      "quarter_label": "2021-12 (Q4)",
      "revenue": 33055000,
      "gross_profit": 19560000,
      "operating_income": 1699000,
      "net_income": 961000,
      "opex": 17861000,
      "cogs": 13495000,
      "rd": 2951000,
      "sga": null,
      "fcf": -241000,
      "ocf": 117000,
      "capex": -358000,
      "gross_margin": 0.5917410376644986,
      "op_margin": 0.05139918317954924,
      "fcf_margin": -0.0072908788382998035,
      "incr_op_margin_yoy": -0.5103814582327378,
      "rev_growth_yoy": 0.06684095016782855,
      "op_leverage_ratio": 0.8577701572076605,
      "fcf_margin_change": 0.03114083744124036
    },
    {
      "date": "2022-03-31T00:00:00",
      "quarter_label": "2022-03 (Q1)",
      "revenue": 28778000,
      "gross_profit": 16177000,
      "operating_income": -6712000,
      "net_income": -6880000,
      "opex": 22889000,
      "cogs": 12601000,
      "rd": 3220000,
      "sga": null,
      "fcf": -2457000,
      "ocf": -1986000,
      "capex": -471000,
      "gross_margin": 0.5621307943568004,
      "op_margin": -0.2332337202029328,
      "fcf_margin": -0.08537771909097228,
      "incr_op_margin_yoy": -3.6182224706539965,
      "rev_growth_yoy": 0.06628626477453778,
      "rev_growth_yoy_accel": -0.0005546853932907742,
      "fcf_margin_change": -0.07808684025267247
    },
    {
      "date": "2022-06-30T00:00:00",
      "quarter_label": "2022-06 (Q2)",
      "revenue": 29208000,
      "gross_profit": 16637000,
      "operating_income": 3998000,
      "net_income": 2435000,
      "opex": 12639000,
      "cogs": 12571000,
      "rd": 3497000,
      "sga": null,
      "fcf": -632000,
      "ocf": -190000,
      "capex": -442000,
      "gross_margin": 0.5696042180224596,
      "op_margin": 0.1368803067652698,
      "fcf_margin": -0.021637907422623937,
      "rev_growth_yoy": 0.0003767510360653492,
      "rev_growth_yoy_accel": -0.06590951373847243,
      "op_leverage_ratio": Infinity,
      "fcf_margin_change": 0.06373981166834834
    },
    {
      "date": "2022-09-30T00:00:00",
      "quarter_label": "2022-09 (Q3)",
      "revenue": 26922000,
      "gross_profit": 12172000,
      "operating_income": -3762000,
      "net_income": -3405000,
      "opex": 15934000,
      "cogs": 14750000,
      "rd": 2763000,
      "sga": null,
      "fcf": 207000,
      "ocf": 649000,
      "capex": -442000,
      "gross_margin": 0.4521209419805364,
      "op_margin": -0.13973701805215066,
      "fcf_margin": 0.007688878983730778,
      "incr_op_margin_yoy": 1.5724188252462605,
      "rev_growth_yoy": -0.09240467923001719,
      "rev_growth_yoy_accel": -0.09278143026608254,
      "fcf_margin_change": 0.029326786406354714
    },
    {
      "date": "2022-12-31T00:00:00",
      "quarter_label": "2022-12 (Q4)",
      "revenue": 28427000,
      "gross_profit": 15833000,
      "operating_income": -457000,
      "net_income": -1666000,
      "opex": 16290000,
      "cogs": 12594000,
      "rd": 2849000,
      "sga": null,
      "fcf": 2444000,
      "ocf": 2679000,
      "capex": -235000,
      "gross_margin": 0.556970485805748,
      "op_margin": -0.016076265522214795,
      "fcf_margin": 0.08597460161114434,
      "incr_op_margin_yoy": 0.4658599827139153,
      "rev_growth_yoy": -0.14000907578278626,
      "rev_growth_yoy_accel": -0.047604396552769074,
      "op_leverage_ratio": 2.5020961512617808,
      "fcf_margin_change": 0.07828572262741357
    },
    {
      "date": "2023-03-31T00:00:00",
      "quarter_label": "2023-03 (Q1)",
      "revenue": 29975000,
      "gross_profit": 18346000,
      "operating_income": 1749000,
      "net_income": 622000,
      "opex": 16597000,
      "cogs": 11629000,
      "rd": 2897000,
      "sga": null,
      "fcf": 1588000,
      "ocf": 1812000,
      "capex": -224000,
      "gross_margin": 0.6120433694745622,
      "op_margin": 0.05834862385321101,
      "fcf_margin": 0.05297748123436197,
      "incr_op_margin_yoy": 7.068504594820384,
      "rev_growth_yoy": 0.041594273403294184,
      "rev_growth_yoy_accel": 0.18160334918608045,
      "op_leverage_ratio": 2.8894995799859498,
      "fcf_margin_change": -0.032997120376782374
    },
    {
      "date": "2023-06-30T00:00:00",
      "quarter_label": "2023-06 (Q2)",
      "revenue": 28759000,
      "gross_profit": 16673000,
      "operating_income": 796000,
      "net_income": -980000,
      "opex": 15877000,
      "cogs": 12086000,
      "rd": 2957000,
      "sga": null,
      "fcf": 3035000,
      "ocf": 3552000,
      "capex": -517000,
      "gross_margin": 0.57974894815536,
      "op_margin": 0.02767829201293508,
      "fcf_margin": 0.10553218123022358,
      "rev_growth_yoy": -0.015372500684743906,
      "rev_growth_yoy_accel": -0.05696677408803809,
      "fcf_margin_change": 0.05255469999586161
    },
    {
      "date": "2023-09-30T00:00:00",
      "quarter_label": "2023-09 (Q3)",
      "revenue": 25363000,
      "gross_profit": 14727000,
      "operating_income": -933000,
      "net_income": -1239000,
      "opex": 15660000,
      "cogs": 10636000,
      "rd": 2760000,
      "sga": null,
      "fcf": 4144000,
      "ocf": 4361000,
      "capex": -217000,
      "gross_margin": 0.5806489768560501,
      "op_margin": -0.036785869179513465,
      "fcf_margin": 0.16338761187556677,
      "incr_op_margin_yoy": -1.814624759461193,
      "rev_growth_yoy": -0.05790803060693856,
      "rev_growth_yoy_accel": -0.042535529922194656,
      "fcf_margin_change": 0.057855430645343195
    },
    {
      "date": "2023-12-31T00:00:00",
      "quarter_label": "2023-12 (Q4)",
      "revenue": 28153000,
      "gross_profit": 16325000,
      "operating_income": 282000,
      "net_income": -1818000,
      "opex": 16043000,
      "cogs": 11828000,
      "rd": 3150000,
      "sga": null,
      "fcf": 3473000,
      "ocf": 4303000,
      "capex": -830000,
      "gross_margin": 0.5798671544773204,
      "op_margin": 0.01001669449081803,
      "fcf_margin": 0.12336163108727312,
      "rev_growth_yoy": -0.009638723748548914,
      "rev_growth_yoy_accel": 0.04826930685838965,
      "op_leverage_ratio": 4.4977629776481,
      "fcf_margin_change": -0.040025980788293655
    },
    {
      "date": "2024-03-31T00:00:00",
      "quarter_label": "2024-03 (Q1)",
      "revenue": 24512000,
      "gross_profit": 14772000,
      "operating_income": -2279000,
      "net_income": -4694000,
      "opex": 17051000,
      "cogs": 9740000,
      "rd": 2885000,
      "sga": null,
      "fcf": 758000,
      "ocf": 1403000,
      "capex": -645000,
      "gross_margin": 0.6026436031331592,
      "op_margin": -0.09297486945169713,
      "fcf_margin": 0.03092362924281984,
      "incr_op_margin_yoy": 0.7373238147537983,
      "rev_growth_yoy": -0.18225187656380318,
      "rev_growth_yoy_accel": -0.17261315281525427,
      "fcf_margin_change": -0.09243800184445328
    },
    {
      "date": "2024-06-30T00:00:00",
      "quarter_label": "2024-06 (Q2)",
      "revenue": 23097000,
      "gross_profit": 13218000,
      "operating_income": -2069000,
      "net_income": -2927000,
      "opex": 15287000,
      "cogs": 9879000,
      "rd": 2626000,
      "sga": null,
      "fcf": -1664000,
      "ocf": -846000,
      "capex": -818000,
      "gross_margin": 0.5722821145603325,
      "op_margin": -0.08957873316880981,
      "fcf_margin": -0.07204398839676149,
      "incr_op_margin_yoy": 0.5060049452490286,
      "rev_growth_yoy": -0.19687749921763623,
      "rev_growth_yoy_accel": -0.014625622653833048,
      "fcf_margin_change": -0.10296761763958133
    },
    {
      "date": "2024-09-30T00:00:00",
      "quarter_label": "2024-09 (Q3)",
      "revenue": 21969000,
      "gross_profit": 12765000,
      "operating_income": -1874000,
      "net_income": -4802000,
      "opex": 14639000,
      "cogs": 9205000,
      "rd": 2567000,
      "sga": null,
      "fcf": -1722000,
      "ocf": -842000,
      "capex": -880000,
      "gross_margin": 0.58104601939096,
      "op_margin": -0.08530201647776413,
      "fcf_margin": -0.07838317629386864,
      "incr_op_margin_yoy": 0.2772539776075427,
      "rev_growth_yoy": -0.13381697748689036,
      "rev_growth_yoy_accel": 0.06306052173074586,
      "fcf_margin_change": -0.006339187897107149
    },
    {
      "date": "2024-12-31T00:00:00",
      "quarter_label": "2024-12 (Q4)",
      "revenue": 24556000,
      "gross_profit": 14011000,
      "operating_income": 11000,
      "net_income": 18000,
      "opex": 14000000,
      "cogs": 10545000,
      "rd": 2328000,
      "sga": null,
      "fcf": 1424000,
      "ocf": 1725000,
      "capex": -301000,
      "gross_margin": 0.5705733832871803,
      "op_margin": 0.000447955693109627,
      "fcf_margin": 0.05798990063528262,
      "incr_op_margin_yoy": 0.07534056157909369,
      "rev_growth_yoy": -0.12776613504777465,
      "rev_growth_yoy_accel": 0.006050842439115717,
      "op_leverage_ratio": Infinity,
      "fcf_margin_change": 0.13637307692915127
    },
    {
      "date": "2025-03-31T00:00:00",
      "quarter_label": "2025-03 (Q1)",
      "revenue": 21774000,
      "gross_profit": 12184000,
      "operating_income": -49668000,
      "net_income": -50340000,
      "opex": 61852000,
      "cogs": 9590000,
      "rd": 2321000,
      "sga": null,
      "fcf": 2473000,
      "ocf": 2986000,
      "capex": -513000,
      "gross_margin": 0.5595664554055295,
      "op_margin": -2.281069165059245,
      "fcf_margin": 0.11357582437769817,
      "incr_op_margin_yoy": 17.30788897005113,
      "rev_growth_yoy": -0.11170039164490862,
      "rev_growth_yoy_accel": 0.016065743402866026,
      "fcf_margin_change": 0.05558592374241555
    },
    {
      "date": "2025-06-30T00:00:00",
      "quarter_label": "2025-06 (Q2)",
      "revenue": 20450000,
      "gross_profit": 11533000,
      "operating_income": -819000,
      "net_income": -2282000,
      "opex": 12352000,
      "cogs": 8917000,
      "rd": 2189000,
      "sga": null,
      "fcf": 2666000,
      "ocf": 2755000,
      "capex": -89000,
      "gross_margin": 0.563960880195599,
      "op_margin": -0.04004889975550122,
      "fcf_margin": 0.13036674816625918,
      "incr_op_margin_yoy": -0.47223271628258406,
      "rev_growth_yoy": -0.1146036281768195,
      "rev_growth_yoy_accel": -0.00290323653191088,
      "fcf_margin_change": 0.016790923788561007
    },
    {
      "date": "2025-09-30T00:00:00",
      "quarter_label": "2025-09 (Q3)",
      "revenue": 20591000,
      "gross_profit": 12021000,
      "operating_income": 197000,
      "net_income": -1231000,
      "opex": 11824000,
      "cogs": 8570000,
      "rd": 2132000,
      "sga": null,
      "fcf": 877000,
      "ocf": 1084000,
      "capex": -207000,
      "gross_margin": 0.5837987470253995,
      "op_margin": 0.00956728667864601,
      "fcf_margin": 0.042591423437424114,
      "incr_op_margin_yoy": -1.5029027576197387,
      "rev_growth_yoy": -0.06272474850926306,
      "rev_growth_yoy_accel": 0.05187887966755644,
      "fcf_margin_change": -0.08777532472883506
    }
  ],
  "signals": [
    {
      "quarter": "2025-09 (Q3)",
      "signal": "YoY REVENUE GROWTH ACCELERATION",
      "detail": "YoY growth: -6.3% vs prior quarter YoY: -11.5% (accel: +5.2%)",
      "severity": "MEDIUM"
    },
    {
      "quarter": "2025-09 (Q3)",
      "signal": "OP MARGIN TURNED POSITIVE (YoY)",
      "detail": "Op margin: -8.5% (year-ago) -> +1.0%",
      "severity": "HIGH"
    },
    {
      "quarter": "2025-09 (Q3)",
      "signal": "OP MARGIN TURNED POSITIVE (QoQ)",
      "detail": "Op margin: -4.0% -> +1.0%",
      "severity": "HIGH"
    },
    {
      "quarter": "2025-03 (Q1)",
      "signal": "FCF MARGIN EXPANSION",
      "detail": "FCF margin: +5.8% -> +11.4% (+5.6%)",
      "severity": "MEDIUM"
    },
    {
      "quarter": "2024-12 (Q4)",
      "signal": "FCF TURNED POSITIVE",
      "detail": "FCF margin: -7.8% -> +5.8%",
      "severity": "HIGH"
    },
    {
      "quarter": "2024-12 (Q4)",
      "signal": "OP MARGIN TURNED POSITIVE (QoQ)",
      "detail": "Op margin: -8.5% -> +0.0%",
      "severity": "HIGH"
    },
    {
      "quarter": "2024-09 (Q3)",
      "signal": "YoY REVENUE GROWTH ACCELERATION",
      "detail": "YoY growth: -13.4% vs prior quarter YoY: -19.7% (accel: +6.3%)",
      "severity": "MEDIUM"
    },
    {
      "quarter": "2024-03 (Q1)",
      "signal": "GROSS MARGIN INFLECTION",
      "detail": "GM: +58.1% -> +58.0% -> +60.3% (reversal +2.3%)",
      "severity": "MEDIUM"
    },
    {
      "quarter": "2024-03 (Q1)",
      "signal": "YoY REVENUE GROWTH DECELERATION",
      "detail": "YoY growth: -18.2% vs prior quarter YoY: -1.0% (decel: -17.3%)",
      "severity": "WARNING"
    },
    {
      "quarter": "2023-12 (Q4)",
      "signal": "OPERATING LEVERAGE",
      "detail": "Rev growth +11.0% vs OpEx growth +2.4% (leverage: 4.5x)",
      "severity": "MEDIUM"
    },
    {
      "quarter": "2023-12 (Q4)",
      "signal": "OP MARGIN TURNED POSITIVE (YoY)",
      "detail": "Op margin: -1.6% (year-ago) -> +1.0%",
      "severity": "HIGH"
    },
    {
      "quarter": "2023-12 (Q4)",
      "signal": "OP MARGIN TURNED POSITIVE (QoQ)",
      "detail": "Op margin: -3.7% -> +1.0%",
      "severity": "HIGH"
    },
    {
      "quarter": "2023-09 (Q3)",
      "signal": "FCF MARGIN EXPANSION",
      "detail": "FCF margin: +10.6% -> +16.3% (+5.8%)",
      "severity": "MEDIUM"
    },
    {
      "quarter": "2023-06 (Q2)",
      "signal": "FCF MARGIN EXPANSION",
      "detail": "FCF margin: +5.3% -> +10.6% (+5.3%)",
      "severity": "MEDIUM"
    },
    {
      "quarter": "2023-06 (Q2)",
      "signal": "YoY REVENUE GROWTH DECELERATION",
      "detail": "YoY growth: -1.5% vs prior quarter YoY: +4.2% (decel: -5.7%)",
      "severity": "WARNING"
    },
    {
      "quarter": "2023-03 (Q1)",
      "signal": "OPERATING LEVERAGE",
      "detail": "Rev growth +5.4% vs OpEx growth +1.9% (leverage: 2.9x)",
      "severity": "MEDIUM"
    },
    {
      "quarter": "2023-03 (Q1)",
      "signal": "YoY REVENUE GROWTH ACCELERATION",
      "detail": "YoY growth: +4.2% vs prior quarter YoY: -14.0% (accel: +18.2%)",
      "severity": "HIGH"
    },
    {
      "quarter": "2023-03 (Q1)",
      "signal": "OP MARGIN TURNED POSITIVE (YoY)",
      "detail": "Op margin: -23.3% (year-ago) -> +5.8%",
      "severity": "HIGH"
    },
    {
      "quarter": "2023-03 (Q1)",
      "signal": "OP MARGIN TURNED POSITIVE (QoQ)",
      "detail": "Op margin: -1.6% -> +5.8%",
      "severity": "HIGH"
    },
    {
      "quarter": "2022-12 (Q4)",
      "signal": "FCF MARGIN EXPANSION",
      "detail": "FCF margin: +0.8% -> +8.6% (+7.8%)",
      "severity": "MEDIUM"
    },
    {
      "quarter": "2022-12 (Q4)",
      "signal": "OPERATING LEVERAGE",
      "detail": "Rev growth +5.6% vs OpEx growth +2.2% (leverage: 2.5x)",
      "severity": "MEDIUM"
    },
    {
      "quarter": "2022-12 (Q4)",
      "signal": "GROSS MARGIN INFLECTION",
      "detail": "GM: +57.0% -> +45.2% -> +55.7% (reversal +10.5%)",
      "severity": "HIGH"
    },
    {
      "quarter": "2022-09 (Q3)",
      "signal": "FCF TURNED POSITIVE",
      "detail": "FCF margin: -2.2% -> +0.8%",
      "severity": "HIGH"
    },
    {
      "quarter": "2022-09 (Q3)",
      "signal": "YoY REVENUE GROWTH DECELERATION",
      "detail": "YoY growth: -9.2% vs prior quarter YoY: +0.0% (decel: -9.3%)",
      "severity": "WARNING"
    },
    {
      "quarter": "2022-06 (Q2)",
      "signal": "FCF MARGIN EXPANSION",
      "detail": "FCF margin: -8.5% -> -2.2% (+6.4%)",
      "severity": "MEDIUM"
    },
    {
      "quarter": "2022-06 (Q2)",
      "signal": "YoY REVENUE GROWTH DECELERATION",
      "detail": "YoY growth: +0.0% vs prior quarter YoY: +6.6% (decel: -6.6%)",
      "severity": "WARNING"
    },
    {
      "quarter": "2022-06 (Q2)",
      "signal": "OP MARGIN TURNED POSITIVE (QoQ)",
      "detail": "Op margin: -23.3% -> +13.7%",
      "severity": "HIGH"
    },
    {
      "quarter": "2021-12 (Q4)",
      "signal": "GROSS MARGIN INFLECTION",
      "detail": "GM: +56.0% -> +55.0% -> +59.2% (reversal +4.2%)",
      "severity": "MEDIUM"
    },
    {
      "quarter": "2021-06 (Q2)",
      "signal": "OPERATING LEVERAGE",
      "detail": "Rev growth +8.2% vs OpEx growth +4.0% (leverage: 2.1x)",
      "severity": "MEDIUM"
    },
    {
      "quarter": "2021-06 (Q2)",
      "signal": "OP MARGIN TURNED POSITIVE (QoQ)",
      "detail": "Op margin: -0.9% -> +0.2%",
      "severity": "HIGH"
    }
  ],
  "data_quality": {
    "n_quarters": 20,
    "coverage": {
      "revenue": [
        20,
        20
      ],
      "gross_profit": [
        20,
        20
      ],
      "op_income": [
        20,
        20
      ],
      "fcf": [
        20,
        20
      ]
    },
    "gaps": [],
    "warnings": []
  },
  "market_cap": null,
  "source": "SEC EDGAR",
  "last_updated": "2026-02-02T23:54:14.553591",
  "sector": "Healthcare",
  "industry": "Medical Instruments & Supplies"
}