{
  "ticker": "HCC",
  "name": "Warrior Met Coal, Inc.",
  "sector": "Basic Materials",
  "industry": "Coking Coal",
  "quarters": [
    {
      "date": "2021-03-31T00:00:00",
      "quarter_label": "2021-03 (Q1)",
      "revenue": 213764000,
      "gross_profit": 59414000,
      "operating_income": 11079000,
      "net_income": -21355000,
      "opex": 202685000,
      "cogs": 154350000,
      "rd": null,
      "sga": 7637000,
      "fcf": 35743000,
      "ocf": 45222000,
      "capex": -9479000,
      "gross_margin": 0.27794202952789054,
      "op_margin": 0.05182818435283771,
      "fcf_margin": 0.16720776183080407
    },
    {
      "date": "2021-06-30T00:00:00",
      "quarter_label": "2021-06 (Q2)",
      "revenue": 227440000,
      "gross_profit": 74675000,
      "operating_income": -2830000,
      "net_income": -4681000,
      "opex": 230270000,
      "cogs": 152765000,
      "rd": null,
      "sga": 11115000,
      "fcf": 54506000,
      "ocf": 68678000,
      "capex": -14172000,
      "gross_margin": 0.3283283503341541,
      "op_margin": -0.012442842068237777,
      "fcf_margin": 0.23965001758705592,
      "op_leverage_ratio": 0.4700814845311072,
      "fcf_margin_change": 0.07244225575625185
    },
    {
      "date": "2021-09-30T00:00:00",
      "quarter_label": "2021-09 (Q3)",
      "revenue": 202467000,
      "gross_profit": 110494000,
      "operating_income": 51244000,
      "net_income": 38427000,
      "opex": 151223000,
      "cogs": 91973000,
      "rd": null,
      "sga": 7430000,
      "fcf": 52432000,
      "ocf": 62930000,
      "capex": -10498000,
      "gross_margin": 0.5457383178493286,
      "op_margin": 0.25309803572927936,
      "fcf_margin": 0.2589656586011548,
      "fcf_margin_change": 0.019315641014098855
    },
    {
      "date": "2021-12-31T00:00:00",
      "quarter_label": "2021-12 (Q4)",
      "revenue": 415545000,
      "gross_profit": 260351000,
      "operating_income": 184260000,
      "net_income": 138490000,
      "opex": 231285000,
      "cogs": 155194000,
      "rd": null,
      "sga": 9411000,
      "fcf": 150969000,
      "ocf": 174713000,
      "capex": -23744000,
      "gross_margin": 0.6265290161113718,
      "op_margin": 0.443417680395625,
      "fcf_margin": 0.3633036133270765,
      "op_leverage_ratio": 1.987814153317137,
      "fcf_margin_change": 0.10433795472592172
    },
    {
      "date": "2022-03-31T00:00:00",
      "quarter_label": "2022-03 (Q1)",
      "revenue": 378652000,
      "gross_profit": 243311000,
      "operating_income": 186849000,
      "net_income": 146249000,
      "opex": 191803000,
      "cogs": 135341000,
      "rd": null,
      "sga": 13929000,
      "fcf": 59613000,
      "ocf": 70141000,
      "capex": -10528000,
      "gross_margin": 0.6425715432639997,
      "op_margin": 0.49345837338770165,
      "fcf_margin": 0.15743479500966587,
      "incr_op_margin_yoy": 1.0659963126485856,
      "rev_growth_yoy": 0.7713553264347598,
      "fcf_margin_change": -0.20586881831741063
    },
    {
      "date": "2022-06-30T00:00:00",
      "quarter_label": "2022-06 (Q2)",
      "revenue": 625156000,
      "gross_profit": 434069000,
      "operating_income": 372531000,
      "net_income": 296992000,
      "opex": 252625000,
      "cogs": 191087000,
      "rd": null,
      "sga": 12499000,
      "fcf": 261411000,
      "ocf": 329585000,
      "capex": -68174000,
      "gross_margin": 0.694337093461472,
      "op_margin": 0.5959008631445591,
      "fcf_margin": 0.41815322895405305,
      "incr_op_margin_yoy": 0.9437915497490672,
      "rev_growth_yoy": 1.7486633837495604,
      "rev_growth_yoy_accel": 0.9773080573148006,
      "op_leverage_ratio": 2.0529502010199927,
      "fcf_margin_change": 0.2607184339443872
    },
    {
      "date": "2022-09-30T00:00:00",
      "quarter_label": "2022-09 (Q3)",
      "revenue": 390180000,
      "gross_profit": 186739000,
      "operating_income": 124436000,
      "net_income": 98403000,
      "opex": 265744000,
      "cogs": 203441000,
      "rd": null,
      "sga": 10557000,
      "fcf": 205864000,
      "ocf": 247184000,
      "capex": -41320000,
      "gross_margin": 0.47859705776820954,
      "op_margin": 0.3189194730637142,
      "fcf_margin": 0.5276128966118202,
      "incr_op_margin_yoy": 0.38991439058562805,
      "rev_growth_yoy": 0.9271288654447392,
      "rev_growth_yoy_accel": -0.8215345183048213,
      "fcf_margin_change": 0.10945966765776716
    },
    {
      "date": "2022-12-31T00:00:00",
      "quarter_label": "2022-12 (Q4)",
      "revenue": 344750000,
      "gross_profit": 164014000,
      "operating_income": 117608000,
      "net_income": 99654000,
      "opex": 227142000,
      "cogs": 180736000,
      "rd": null,
      "sga": 11806000,
      "fcf": 109774000,
      "ocf": 194994000,
      "capex": -85220000,
      "gross_margin": 0.47574764321972446,
      "op_margin": 0.3411399564902103,
      "fcf_margin": 0.31841624365482235,
      "incr_op_margin_yoy": 0.9414789180026838,
      "rev_growth_yoy": -0.17036662695977572,
      "rev_growth_yoy_accel": -1.0974954924045148,
      "fcf_margin_change": -0.20919665295699785
    },
    {
      "date": "2023-03-31T00:00:00",
      "quarter_label": "2023-03 (Q1)",
      "revenue": 509674000,
      "gross_profit": 277044000,
      "operating_income": 209660000,
      "net_income": 182277000,
      "opex": 300014000,
      "cogs": 232630000,
      "rd": null,
      "sga": 14516000,
      "fcf": 124755000,
      "ocf": 192934000,
      "capex": -68179000,
      "gross_margin": 0.5435709885142267,
      "op_margin": 0.41136098761168904,
      "fcf_margin": 0.2447741105098553,
      "incr_op_margin_yoy": 0.17410053273496054,
      "rev_growth_yoy": 0.34602220508540826,
      "rev_growth_yoy_accel": 0.5163888320451839,
      "op_leverage_ratio": 1.4911328605748237,
      "fcf_margin_change": -0.07364213314496704
    },
    {
      "date": "2023-06-30T00:00:00",
      "quarter_label": "2023-06 (Q2)",
      "revenue": 379660000,
      "gross_profit": 149208000,
      "operating_income": 90439000,
      "net_income": 82093000,
      "opex": 289221000,
      "cogs": 230452000,
      "rd": null,
      "sga": 13172000,
      "fcf": -11606000,
      "ocf": 124510000,
      "capex": -136116000,
      "gross_margin": 0.3930042669757151,
      "op_margin": 0.23821050413527894,
      "fcf_margin": -0.030569456882473794,
      "incr_op_margin_yoy": 1.149069638609183,
      "rev_growth_yoy": -0.3926955831824377,
      "rev_growth_yoy_accel": -0.738717788267846,
      "fcf_margin_change": -0.2753435673923291
    },
    {
      "date": "2023-09-30T00:00:00",
      "quarter_label": "2023-09 (Q3)",
      "revenue": 423487000,
      "gross_profit": 163111000,
      "operating_income": 107751000,
      "net_income": 85382000,
      "opex": 315736000,
      "cogs": 260376000,
      "rd": null,
      "sga": 11138000,
      "fcf": 32049000,
      "ocf": 138574000,
      "capex": -106525000,
      "gross_margin": 0.3851617641155455,
      "op_margin": 0.2544375624281265,
      "fcf_margin": 0.07567882839378777,
      "incr_op_margin_yoy": -0.5009457471402408,
      "rev_growth_yoy": 0.08536316571838638,
      "rev_growth_yoy_accel": 0.47805874890082406,
      "op_leverage_ratio": 1.2591721001419247,
      "fcf_margin_change": 0.10624828527626157
    },
    {
      "date": "2023-12-31T00:00:00",
      "quarter_label": "2023-12 (Q4)",
      "revenue": 363804000,
      "gross_profit": 176993000,
      "operating_income": 133556000,
      "net_income": 128876000,
      "opex": 230248000,
      "cogs": 186811000,
      "rd": null,
      "sga": 12991000,
      "fcf": 245090000,
      "ocf": 245090000,
      "capex": null,
      "gross_margin": 0.4865064705170916,
      "op_margin": 0.3671097623995338,
      "fcf_margin": 0.6736869303251202,
      "incr_op_margin_yoy": 0.8369896084811588,
      "rev_growth_yoy": 0.05526903553299493,
      "rev_growth_yoy_accel": -0.030094130185391456,
      "fcf_margin_change": 0.5980081019313324
    },
    {
      "date": "2024-03-31T00:00:00",
      "quarter_label": "2024-03 (Q1)",
      "revenue": 503512000,
      "gross_profit": 217925000,
      "operating_income": 149078000,
      "net_income": 136989000,
      "opex": 354434000,
      "cogs": 285587000,
      "rd": null,
      "sga": 18658000,
      "fcf": 104058000,
      "ocf": 104058000,
      "capex": null,
      "gross_margin": 0.43280994296064446,
      "op_margin": 0.29607635964981965,
      "fcf_margin": 0.20666438932935063,
      "incr_op_margin_yoy": 9.831548198636806,
      "rev_growth_yoy": -0.012090081110670742,
      "rev_growth_yoy_accel": -0.06735911664366567,
      "op_leverage_ratio": 0.7119951469141927,
      "fcf_margin_change": -0.46702254099576956
    },
    {
      "date": "2024-06-30T00:00:00",
      "quarter_label": "2024-06 (Q2)",
      "revenue": 396524000,
      "gross_profit": 135219000,
      "operating_income": 70904000,
      "net_income": 70711000,
      "opex": 325620000,
      "cogs": 261305000,
      "rd": null,
      "sga": 15392000,
      "fcf": 146975000,
      "ocf": 146975000,
      "capex": null,
      "gross_margin": 0.3410108845870616,
      "op_margin": 0.17881389272780462,
      "fcf_margin": 0.3706585225610556,
      "incr_op_margin_yoy": -1.158384724857685,
      "rev_growth_yoy": 0.044418690407206446,
      "rev_growth_yoy_accel": 0.056508771517877185,
      "fcf_margin_change": 0.16399413323170495
    },
    {
      "date": "2024-09-30T00:00:00",
      "quarter_label": "2024-09 (Q3)",
      "revenue": 327720000,
      "gross_profit": 96122000,
      "operating_income": 39116000,
      "net_income": 41766000,
      "opex": 288604000,
      "cogs": 231598000,
      "rd": null,
      "sga": 11403000,
      "fcf": 62208000,
      "ocf": 62208000,
      "capex": null,
      "gross_margin": 0.2933052605883071,
      "op_margin": 0.11935798852679116,
      "fcf_margin": 0.18982057854265838,
      "incr_op_margin_yoy": 0.7166873766537534,
      "rev_growth_yoy": -0.22613917310330658,
      "rev_growth_yoy_accel": -0.27055786351051303,
      "fcf_margin_change": -0.1808379440183972
    },
    {
      "date": "2024-12-31T00:00:00",
      "quarter_label": "2024-12 (Q4)",
      "revenue": 297465000,
      "gross_profit": 68657000,
      "operating_income": -4209000,
      "net_income": 1136000,
      "opex": 301674000,
      "cogs": 228808000,
      "rd": null,
      "sga": 17626000,
      "fcf": 54207000,
      "ocf": 54207000,
      "capex": null,
      "gross_margin": 0.23080698569579614,
      "op_margin": -0.014149563814230246,
      "fcf_margin": 0.18222984216630528,
      "incr_op_margin_yoy": 2.0766818914967065,
      "rev_growth_yoy": -0.18234818748556916,
      "rev_growth_yoy_accel": 0.04379098561773742,
      "fcf_margin_change": -0.007590736376353102
    },
    {
      "date": "2025-03-31T00:00:00",
      "quarter_label": "2025-03 (Q1)",
      "revenue": 299943000,
      "gross_profit": 54208000,
      "operating_income": -17384000,
      "net_income": -8168000,
      "opex": 317327000,
      "cogs": 245735000,
      "rd": null,
      "sga": 18442000,
      "fcf": 10917000,
      "ocf": 10917000,
      "capex": null,
      "gross_margin": 0.1807276715909356,
      "op_margin": -0.05795767862560553,
      "fcf_margin": 0.03639691541392864,
      "incr_op_margin_yoy": 0.8177178254056364,
      "rev_growth_yoy": -0.40429820937733363,
      "rev_growth_yoy_accel": -0.22195002189176447,
      "fcf_margin_change": -0.14583292675237663
    },
    {
      "date": "2025-06-30T00:00:00",
      "quarter_label": "2025-06 (Q2)",
      "revenue": 297523000,
      "gross_profit": 71111000,
      "operating_income": 7723000,
      "net_income": 5606000,
      "opex": 289800000,
      "cogs": 226412000,
      "rd": null,
      "sga": 11923000,
      "fcf": 37546000,
      "ocf": 37546000,
      "capex": null,
      "gross_margin": 0.23901009333732182,
      "op_margin": 0.025957657055084817,
      "fcf_margin": 0.12619528574261485,
      "incr_op_margin_yoy": 0.6381854728740114,
      "rev_growth_yoy": -0.24967215099212153,
      "rev_growth_yoy_accel": 0.1546260583852121,
      "fcf_margin_change": 0.0897983703286862
    },
    {
      "date": "2025-09-30T00:00:00",
      "quarter_label": "2025-09 (Q3)",
      "revenue": 328589000,
      "gross_profit": 89064000,
      "operating_income": 20724000,
      "net_income": 36598000,
      "opex": 307865000,
      "cogs": 239525000,
      "rd": null,
      "sga": 17200000,
      "fcf": 104694000,
      "ocf": 104694000,
      "capex": null,
      "gross_margin": 0.27104985255136355,
      "op_margin": 0.06306967062196239,
      "fcf_margin": 0.3186168739671748,
      "rev_growth_yoy": 0.002651653850848285,
      "rev_growth_yoy_accel": 0.25232380484296985,
      "op_leverage_ratio": 1.6750401010753797,
      "fcf_margin_change": 0.19242158822455996
    },
    {
      "date": "2025-12-31T00:00:00",
      "quarter_label": "2025-12 (Q4)",
      "revenue": 383988000,
      "gross_profit": 113259000,
      "operating_income": 34647000,
      "net_income": 22962000,
      "opex": 349341000,
      "cogs": 270729000,
      "rd": null,
      "sga": 18115000,
      "fcf": 76089000,
      "ocf": 76089000,
      "capex": null,
      "gross_margin": 0.2949545298290572,
      "op_margin": 0.09022938216819276,
      "fcf_margin": 0.19815462983218227,
      "incr_op_margin_yoy": 0.44908290281196905,
      "rev_growth_yoy": 0.2908678331904594,
      "rev_growth_yoy_accel": 0.2882161793396111,
      "op_leverage_ratio": 1.2514466997110116,
      "fcf_margin_change": -0.12046224413499254
    }
  ],
  "signals": [
    {
      "quarter": "2025-12 (Q4)",
      "signal": "YoY REVENUE GROWTH ACCELERATION",
      "detail": "YoY growth: +29.1% vs prior quarter YoY: +0.3% (accel: +28.8%)",
      "severity": "HIGH"
    },
    {
      "quarter": "2025-12 (Q4)",
      "signal": "OP MARGIN TURNED POSITIVE (YoY)",
      "detail": "Op margin: -1.4% (year-ago) -> +9.0%",
      "severity": "HIGH"
    },
    {
      "quarter": "2025-09 (Q3)",
      "signal": "FCF MARGIN EXPANSION",
      "detail": "FCF margin: +12.6% -> +31.9% (+19.2%)",
      "severity": "MEDIUM"
    },
    {
      "quarter": "2025-09 (Q3)",
      "signal": "OPERATING LEVERAGE",
      "detail": "Rev growth +10.4% vs OpEx growth +6.2% (leverage: 1.7x)",
      "severity": "MEDIUM"
    },
    {
      "quarter": "2025-09 (Q3)",
      "signal": "YoY REVENUE GROWTH ACCELERATION",
      "detail": "YoY growth: +0.3% vs prior quarter YoY: -25.0% (accel: +25.2%)",
      "severity": "HIGH"
    },
    {
      "quarter": "2025-06 (Q2)",
      "signal": "FCF MARGIN EXPANSION",
      "detail": "FCF margin: +3.6% -> +12.6% (+9.0%)",
      "severity": "MEDIUM"
    },
    {
      "quarter": "2025-06 (Q2)",
      "signal": "GROSS MARGIN INFLECTION",
      "detail": "GM: +23.1% -> +18.1% -> +23.9% (reversal +5.8%)",
      "severity": "HIGH"
    },
    {
      "quarter": "2025-06 (Q2)",
      "signal": "YoY REVENUE GROWTH ACCELERATION",
      "detail": "YoY growth: -25.0% vs prior quarter YoY: -40.4% (accel: +15.5%)",
      "severity": "HIGH"
    },
    {
      "quarter": "2025-06 (Q2)",
      "signal": "INCREMENTAL MARGIN (YoY)",
      "detail": "YoY Incr OPM: +63.8% vs year-ago OPM: +17.9%",
      "severity": "HIGH"
    },
    {
      "quarter": "2025-06 (Q2)",
      "signal": "OP MARGIN TURNED POSITIVE (QoQ)",
      "detail": "Op margin: -5.8% -> +2.6%",
      "severity": "HIGH"
    },
    {
      "quarter": "2025-03 (Q1)",
      "signal": "YoY REVENUE GROWTH DECELERATION",
      "detail": "YoY growth: -40.4% vs prior quarter YoY: -18.2% (decel: -22.2%)",
      "severity": "WARNING"
    },
    {
      "quarter": "2024-09 (Q3)",
      "signal": "YoY REVENUE GROWTH DECELERATION",
      "detail": "YoY growth: -22.6% vs prior quarter YoY: +4.4% (decel: -27.1%)",
      "severity": "WARNING"
    },
    {
      "quarter": "2024-09 (Q3)",
      "signal": "INCREMENTAL MARGIN (YoY)",
      "detail": "YoY Incr OPM: +71.7% vs year-ago OPM: +25.4%",
      "severity": "HIGH"
    },
    {
      "quarter": "2024-06 (Q2)",
      "signal": "FCF MARGIN EXPANSION",
      "detail": "FCF margin: +20.7% -> +37.1% (+16.4%)",
      "severity": "MEDIUM"
    },
    {
      "quarter": "2024-06 (Q2)",
      "signal": "YoY REVENUE GROWTH ACCELERATION",
      "detail": "YoY growth: +4.4% vs prior quarter YoY: -1.2% (accel: +5.7%)",
      "severity": "MEDIUM"
    },
    {
      "quarter": "2024-03 (Q1)",
      "signal": "YoY REVENUE GROWTH DECELERATION",
      "detail": "YoY growth: -1.2% vs prior quarter YoY: +5.5% (decel: -6.7%)",
      "severity": "WARNING"
    },
    {
      "quarter": "2024-03 (Q1)",
      "signal": "INCREMENTAL MARGIN (YoY)",
      "detail": "YoY Incr OPM: +983.2% vs year-ago OPM: +41.1%",
      "severity": "HIGH"
    },
    {
      "quarter": "2023-12 (Q4)",
      "signal": "FCF MARGIN EXPANSION",
      "detail": "FCF margin: +7.6% -> +67.4% (+59.8%)",
      "severity": "MEDIUM"
    },
    {
      "quarter": "2023-12 (Q4)",
      "signal": "GROSS MARGIN INFLECTION",
      "detail": "GM: +39.3% -> +38.5% -> +48.7% (reversal +10.1%)",
      "severity": "HIGH"
    },
    {
      "quarter": "2023-12 (Q4)",
      "signal": "INCREMENTAL MARGIN (YoY)",
      "detail": "YoY Incr OPM: +83.7% vs year-ago OPM: +34.1%",
      "severity": "HIGH"
    },
    {
      "quarter": "2023-09 (Q3)",
      "signal": "FCF TURNED POSITIVE",
      "detail": "FCF margin: -3.1% -> +7.6%",
      "severity": "HIGH"
    },
    {
      "quarter": "2023-09 (Q3)",
      "signal": "YoY REVENUE GROWTH ACCELERATION",
      "detail": "YoY growth: +8.5% vs prior quarter YoY: -39.3% (accel: +47.8%)",
      "severity": "HIGH"
    },
    {
      "quarter": "2023-06 (Q2)",
      "signal": "YoY REVENUE GROWTH DECELERATION",
      "detail": "YoY growth: -39.3% vs prior quarter YoY: +34.6% (decel: -73.9%)",
      "severity": "WARNING"
    },
    {
      "quarter": "2023-06 (Q2)",
      "signal": "INCREMENTAL MARGIN (YoY)",
      "detail": "YoY Incr OPM: +114.9% vs year-ago OPM: +59.6%",
      "severity": "HIGH"
    },
    {
      "quarter": "2023-03 (Q1)",
      "signal": "GROSS MARGIN INFLECTION",
      "detail": "GM: +47.9% -> +47.6% -> +54.4% (reversal +6.8%)",
      "severity": "HIGH"
    },
    {
      "quarter": "2023-03 (Q1)",
      "signal": "YoY REVENUE GROWTH ACCELERATION",
      "detail": "YoY growth: +34.6% vs prior quarter YoY: -17.0% (accel: +51.6%)",
      "severity": "HIGH"
    },
    {
      "quarter": "2022-12 (Q4)",
      "signal": "YoY REVENUE GROWTH DECELERATION",
      "detail": "YoY growth: -17.0% vs prior quarter YoY: +92.7% (decel: -109.7%)",
      "severity": "WARNING"
    },
    {
      "quarter": "2022-12 (Q4)",
      "signal": "INCREMENTAL MARGIN (YoY)",
      "detail": "YoY Incr OPM: +94.1% vs year-ago OPM: +44.3%",
      "severity": "HIGH"
    },
    {
      "quarter": "2022-09 (Q3)",
      "signal": "FCF MARGIN EXPANSION",
      "detail": "FCF margin: +41.8% -> +52.8% (+10.9%)",
      "severity": "MEDIUM"
    },
    {
      "quarter": "2022-09 (Q3)",
      "signal": "YoY REVENUE GROWTH DECELERATION",
      "detail": "YoY growth: +92.7% vs prior quarter YoY: +174.9% (decel: -82.2%)",
      "severity": "WARNING"
    },
    {
      "quarter": "2022-09 (Q3)",
      "signal": "INCREMENTAL MARGIN (YoY)",
      "detail": "YoY Incr OPM: +39.0% vs year-ago OPM: +25.3%",
      "severity": "MEDIUM"
    },
    {
      "quarter": "2022-06 (Q2)",
      "signal": "FCF MARGIN EXPANSION",
      "detail": "FCF margin: +15.7% -> +41.8% (+26.1%)",
      "severity": "MEDIUM"
    },
    {
      "quarter": "2022-06 (Q2)",
      "signal": "OPERATING LEVERAGE",
      "detail": "Rev growth +65.1% vs OpEx growth +31.7% (leverage: 2.1x)",
      "severity": "MEDIUM"
    },
    {
      "quarter": "2022-06 (Q2)",
      "signal": "YoY REVENUE GROWTH ACCELERATION",
      "detail": "YoY growth: +174.9% vs prior quarter YoY: +77.1% (accel: +97.7%)",
      "severity": "HIGH"
    },
    {
      "quarter": "2022-06 (Q2)",
      "signal": "OP MARGIN TURNED POSITIVE (YoY)",
      "detail": "Op margin: -1.2% (year-ago) -> +59.6%",
      "severity": "HIGH"
    },
    {
      "quarter": "2022-03 (Q1)",
      "signal": "INCREMENTAL MARGIN (YoY)",
      "detail": "YoY Incr OPM: +106.6% vs year-ago OPM: +5.2%",
      "severity": "HIGH"
    },
    {
      "quarter": "2021-12 (Q4)",
      "signal": "FCF MARGIN EXPANSION",
      "detail": "FCF margin: +25.9% -> +36.3% (+10.4%)",
      "severity": "MEDIUM"
    },
    {
      "quarter": "2021-12 (Q4)",
      "signal": "OPERATING LEVERAGE",
      "detail": "Rev growth +105.2% vs OpEx growth +52.9% (leverage: 2.0x)",
      "severity": "MEDIUM"
    },
    {
      "quarter": "2021-09 (Q3)",
      "signal": "OP MARGIN TURNED POSITIVE (QoQ)",
      "detail": "Op margin: -1.2% -> +25.3%",
      "severity": "HIGH"
    },
    {
      "quarter": "2021-06 (Q2)",
      "signal": "FCF MARGIN EXPANSION",
      "detail": "FCF margin: +16.7% -> +24.0% (+7.2%)",
      "severity": "MEDIUM"
    }
  ],
  "data_quality": {
    "n_quarters": 20,
    "coverage": {
      "revenue": [
        20,
        20
      ],
      "gross_profit": [
        20,
        20
      ],
      "op_income": [
        20,
        20
      ],
      "fcf": [
        20,
        20
      ]
    },
    "gaps": [],
    "warnings": []
  },
  "market_cap": null,
  "source": "SEC EDGAR",
  "last_updated": "2026-02-13T11:39:35.616433"
}