{
  "ticker": "HCKT",
  "name": "Hackett Group, Inc.",
  "quarters": [
    {
      "date": "2021-01-01T00:00:00",
      "quarter_label": "2021-01 (Q1)",
      "revenue": 59281000,
      "gross_profit": 20328000,
      "operating_income": 1485000,
      "net_income": 893000,
      "opex": 57796000,
      "cogs": 38953000,
      "rd": null,
      "sga": 15219000,
      "fcf": 12510000,
      "ocf": 12905000,
      "capex": -395000,
      "gross_margin": 0.342909195189015,
      "op_margin": 0.02505018471348324,
      "fcf_margin": 0.21102882879843457
    },
    {
      "date": "2021-04-02T00:00:00",
      "quarter_label": "2021-04 (Q2)",
      "revenue": 63486000,
      "gross_profit": 22240000,
      "operating_income": 8853000,
      "net_income": 6361000,
      "opex": 54633000,
      "cogs": 41246000,
      "rd": null,
      "sga": 12647000,
      "fcf": 5370000,
      "ocf": 5895000,
      "capex": -525000,
      "gross_margin": 0.3503134549349463,
      "op_margin": 0.13944806729042625,
      "fcf_margin": 0.08458557792269161,
      "op_leverage_ratio": Infinity,
      "fcf_margin_change": -0.12644325087574296
    },
    {
      "date": "2021-07-02T00:00:00",
      "quarter_label": "2021-07 (Q3)",
      "revenue": 73197000,
      "gross_profit": 29770000,
      "operating_income": 14217000,
      "net_income": 10532000,
      "opex": 58980000,
      "cogs": 43427000,
      "rd": null,
      "sga": 14679000,
      "fcf": 12864000,
      "ocf": 13756000,
      "capex": -892000,
      "gross_margin": 0.4067106575406096,
      "op_margin": 0.19422927169146276,
      "fcf_margin": 0.17574490757817943,
      "op_leverage_ratio": 1.9224338206907459,
      "fcf_margin_change": 0.09115932965548781
    },
    {
      "date": "2021-10-01T00:00:00",
      "quarter_label": "2021-10 (Q4)",
      "revenue": 71894000,
      "gross_profit": 20980000,
      "operating_income": 11405000,
      "net_income": 8131000,
      "opex": 60489000,
      "cogs": 45716000,
      "rd": null,
      "sga": 13872000,
      "fcf": 5980000,
      "ocf": 6818000,
      "capex": -838000,
      "gross_margin": 0.29181851058502795,
      "op_margin": 0.15863632570172753,
      "fcf_margin": 0.08317801207333018,
      "fcf_margin_change": -0.09256689550484924
    },
    {
      "date": "2021-12-31T00:00:00",
      "quarter_label": "2021-12 (Q4)",
      "revenue": 70232000,
      "gross_profit": 21676000,
      "operating_income": 12001000,
      "net_income": 16521000,
      "opex": 58231000,
      "cogs": 42757000,
      "rd": null,
      "sga": 17989000,
      "fcf": 18897000,
      "ocf": 19884000,
      "capex": -987000,
      "gross_margin": 0.30863424080191365,
      "op_margin": 0.17087652352204125,
      "fcf_margin": 0.26906538330105934,
      "incr_op_margin_yoy": 0.9602776002191581,
      "rev_growth_yoy": 0.1847303520520909,
      "fcf_margin_change": 0.18588737122772914
    },
    {
      "date": "2022-04-01T00:00:00",
      "quarter_label": "2022-04 (Q2)",
      "revenue": 75664000,
      "gross_profit": 22587000,
      "operating_income": 13409000,
      "net_income": 10505000,
      "opex": 62255000,
      "cogs": 47889000,
      "rd": null,
      "sga": 14366000,
      "fcf": 5061000,
      "ocf": 6054000,
      "capex": -993000,
      "gross_margin": 0.2985171283569465,
      "op_margin": 0.17721769930217804,
      "fcf_margin": 0.06688781983506027,
      "incr_op_margin_yoy": 0.37411726063393,
      "rev_growth_yoy": 0.19182181898371295,
      "rev_growth_yoy_accel": 0.007091466931622048,
      "op_leverage_ratio": 1.11923427540464,
      "fcf_margin_change": -0.20217756346599908
    },
    {
      "date": "2022-07-01T00:00:00",
      "quarter_label": "2022-07 (Q3)",
      "revenue": 75928000,
      "gross_profit": 23547000,
      "operating_income": 14181000,
      "net_income": 10215000,
      "opex": 61747000,
      "cogs": 45861000,
      "rd": null,
      "sga": 15886000,
      "fcf": 16961000,
      "ocf": 18235000,
      "capex": -1274000,
      "gross_margin": 0.31012274786639976,
      "op_margin": 0.18676904435781266,
      "fcf_margin": 0.22338267832683595,
      "incr_op_margin_yoy": -0.013181984621017943,
      "rev_growth_yoy": 0.03731027227891853,
      "rev_growth_yoy_accel": -0.15451154670479442,
      "fcf_margin_change": 0.1564948584917757
    },
    {
      "date": "2022-09-30T00:00:00",
      "quarter_label": "2022-09 (Q3)",
      "revenue": 72033000,
      "gross_profit": 21190000,
      "operating_income": 14035000,
      "net_income": 10366000,
      "opex": 57998000,
      "cogs": 43908000,
      "rd": null,
      "sga": 14616000,
      "fcf": 8893000,
      "ocf": 9789000,
      "capex": -896000,
      "gross_margin": 0.2941707273055405,
      "op_margin": 0.1948412533144531,
      "fcf_margin": 0.12345730429108881,
      "rev_growth_yoy": 0.0019334019528750661,
      "rev_growth_yoy_accel": -0.03537687032604347,
      "fcf_margin_change": -0.09992537403574714
    },
    {
      "date": "2022-12-30T00:00:00",
      "quarter_label": "2022-12 (Q4)",
      "revenue": 70117000,
      "gross_profit": 22157000,
      "operating_income": 13623000,
      "net_income": 9716000,
      "opex": 56494000,
      "cogs": 40508000,
      "rd": null,
      "sga": 15986000,
      "fcf": 23333000,
      "ocf": 24826000,
      "capex": -1493000,
      "gross_margin": 0.3160003993325442,
      "op_margin": 0.19428954461828088,
      "fcf_margin": 0.33277236618794304,
      "rev_growth_yoy": -0.0016374302312336256,
      "rev_growth_yoy_accel": -0.0035708321841086917,
      "fcf_margin_change": 0.20931506189685423
    },
    {
      "date": "2023-03-31T00:00:00",
      "quarter_label": "2023-03 (Q1)",
      "revenue": 71229000,
      "gross_profit": 19490000,
      "operating_income": 11252000,
      "net_income": 8161000,
      "opex": 59977000,
      "cogs": 44541000,
      "rd": null,
      "sga": 15436000,
      "fcf": -4126000,
      "ocf": -3063000,
      "capex": -1063000,
      "gross_margin": 0.2736245068722009,
      "op_margin": 0.15796936640974885,
      "fcf_margin": -0.05792584481040026,
      "incr_op_margin_yoy": 0.486358511837655,
      "rev_growth_yoy": -0.058614400507506874,
      "rev_growth_yoy_accel": -0.05697697027627325,
      "op_leverage_ratio": 0.2572351496940774,
      "fcf_margin_change": -0.3906982109983433
    },
    {
      "date": "2023-06-30T00:00:00",
      "quarter_label": "2023-06 (Q2)",
      "revenue": 77102000,
      "gross_profit": 21978000,
      "operating_income": 12790000,
      "net_income": 8720000,
      "opex": 64312000,
      "cogs": 46887000,
      "rd": null,
      "sga": 17425000,
      "fcf": 6651000,
      "ocf": 7713000,
      "capex": -1062000,
      "gross_margin": 0.28505097144042957,
      "op_margin": 0.16588415345905425,
      "fcf_margin": 0.08626235376514228,
      "incr_op_margin_yoy": -1.1848381601362863,
      "rev_growth_yoy": 0.015462016647350122,
      "rev_growth_yoy_accel": 0.074076417154857,
      "op_leverage_ratio": 1.140771836464947,
      "fcf_margin_change": 0.14418819857554255
    },
    {
      "date": "2023-09-29T00:00:00",
      "quarter_label": "2023-09 (Q3)",
      "revenue": 75856000,
      "gross_profit": 21843000,
      "operating_income": 13743000,
      "net_income": 9420000,
      "opex": 62113000,
      "cogs": 45643000,
      "rd": null,
      "sga": 16470000,
      "fcf": 6089000,
      "ocf": 7167000,
      "capex": -1078000,
      "gross_margin": 0.28795349082472055,
      "op_margin": 0.1811722210504113,
      "fcf_margin": 0.08027051255009492,
      "incr_op_margin_yoy": -0.07637980643473712,
      "rev_growth_yoy": 0.05307289714436439,
      "rev_growth_yoy_accel": 0.03761088049701427,
      "fcf_margin_change": -0.0059918412150473666
    },
    {
      "date": "2023-12-29T00:00:00",
      "quarter_label": "2023-12 (Q4)",
      "revenue": 72403000,
      "gross_profit": 21039000,
      "operating_income": 11477000,
      "net_income": 7850000,
      "opex": 60926000,
      "cogs": 43137000,
      "rd": null,
      "sga": 16611000,
      "fcf": 24686000,
      "ocf": 25584000,
      "capex": -898000,
      "gross_margin": 0.29058188196621687,
      "op_margin": 0.15851553112440092,
      "fcf_margin": 0.3409527229534688,
      "incr_op_margin_yoy": -0.9387576552930884,
      "rev_growth_yoy": 0.032602649856668144,
      "rev_growth_yoy_accel": -0.020470247287696246,
      "fcf_margin_change": 0.26068221040337386
    },
    {
      "date": "2024-03-29T00:00:00",
      "quarter_label": "2024-03 (Q1)",
      "revenue": 77187000,
      "gross_profit": 20196000,
      "operating_income": 11525000,
      "net_income": 8731000,
      "opex": 65662000,
      "cogs": 47231000,
      "rd": null,
      "sga": 18329000,
      "fcf": 1844000,
      "ocf": 2792000,
      "capex": -948000,
      "gross_margin": 0.261650277896537,
      "op_margin": 0.149312708098514,
      "fcf_margin": 0.02389003329576224,
      "incr_op_margin_yoy": 0.04582074521651561,
      "rev_growth_yoy": 0.08364570610285137,
      "rev_growth_yoy_accel": 0.05104305624618322,
      "op_leverage_ratio": 0.8500130276817707,
      "fcf_margin_change": -0.31706268965770656
    },
    {
      "date": "2024-06-28T00:00:00",
      "quarter_label": "2024-06 (Q2)",
      "revenue": 77656000,
      "gross_profit": 21370000,
      "operating_income": 12516000,
      "net_income": 8748000,
      "opex": 65140000,
      "cogs": 47155000,
      "rd": null,
      "sga": 17985000,
      "fcf": 12835000,
      "ocf": 13719000,
      "capex": -884000,
      "gross_margin": 0.275188008653549,
      "op_margin": 0.16117234985062326,
      "fcf_margin": 0.1652802101576182,
      "rev_growth_yoy": 0.00718528702238593,
      "rev_growth_yoy_accel": -0.07646041908046544,
      "fcf_margin_change": 0.14139017686185595
    },
    {
      "date": "2024-09-27T00:00:00",
      "quarter_label": "2024-09 (Q3)",
      "revenue": 79777000,
      "gross_profit": 23312000,
      "operating_income": 12800000,
      "net_income": 8587000,
      "opex": 66977000,
      "cogs": 48245000,
      "rd": null,
      "sga": 18732000,
      "fcf": 9349000,
      "ocf": 10578000,
      "capex": -1229000,
      "gross_margin": 0.29221454805269687,
      "op_margin": 0.16044724670017674,
      "fcf_margin": 0.11718916479687128,
      "incr_op_margin_yoy": -0.2404998724815098,
      "rev_growth_yoy": 0.05169004429445265,
      "rev_growth_yoy_accel": 0.044504757272066715,
      "op_leverage_ratio": 0.9685103135366511,
      "fcf_margin_change": -0.04809104536074693
    },
    {
      "date": "2024-12-27T00:00:00",
      "quarter_label": "2024-12 (Q4)",
      "revenue": 79235000,
      "gross_profit": 31247000,
      "operating_income": 7747000,
      "net_income": 3564000,
      "opex": 71488000,
      "cogs": 47988000,
      "rd": null,
      "sga": 23500000,
      "fcf": 19622000,
      "ocf": 20640000,
      "capex": -1018000,
      "gross_margin": 0.39435855366946426,
      "op_margin": 0.09777244904398309,
      "fcf_margin": 0.24764308701962517,
      "incr_op_margin_yoy": -0.5459601873536299,
      "rev_growth_yoy": 0.09436073090894023,
      "rev_growth_yoy_accel": 0.042670686614487585,
      "fcf_margin_change": 0.1304539222227539
    },
    {
      "date": "2025-03-28T00:00:00",
      "quarter_label": "2025-03 (Q1)",
      "revenue": 77865000,
      "gross_profit": 27851000,
      "operating_income": 4403000,
      "net_income": 3143000,
      "opex": 73462000,
      "cogs": 50014000,
      "rd": null,
      "sga": 23448000,
      "fcf": 2650000,
      "ocf": 4194000,
      "capex": -1544000,
      "gross_margin": 0.35768316958839014,
      "op_margin": 0.056546587041674694,
      "fcf_margin": 0.034033262698259806,
      "rev_growth_yoy": 0.008783862567530802,
      "rev_growth_yoy_accel": -0.08557686834140943,
      "fcf_margin_change": -0.21360982432136538
    },
    {
      "date": "2025-06-27T00:00:00",
      "quarter_label": "2025-06 (Q2)",
      "revenue": 78899000,
      "gross_profit": 27957000,
      "operating_income": 4595000,
      "net_income": 1661000,
      "opex": 74304000,
      "cogs": 50942000,
      "rd": null,
      "sga": 23362000,
      "fcf": 3739000,
      "ocf": 5649000,
      "capex": -1910000,
      "gross_margin": 0.3543390917502123,
      "op_margin": 0.0582390144361779,
      "fcf_margin": 0.047389700756663586,
      "incr_op_margin_yoy": -6.372485921158487,
      "rev_growth_yoy": 0.01600649016173895,
      "rev_growth_yoy_accel": 0.0072226275942081485,
      "op_leverage_ratio": 1.1585876828965658,
      "fcf_margin_change": 0.01335643805840378
    },
    {
      "date": "2025-09-26T00:00:00",
      "quarter_label": "2025-09 (Q3)",
      "revenue": 73111000,
      "gross_profit": 29733000,
      "operating_income": 5459000,
      "net_income": 2547000,
      "opex": 67652000,
      "cogs": 43378000,
      "rd": null,
      "sga": 21162000,
      "fcf": 11394000,
      "ocf": 11394000,
      "capex": null,
      "gross_margin": 0.4066829888799223,
      "op_margin": 0.07466728672839928,
      "fcf_margin": 0.15584522164927303,
      "incr_op_margin_yoy": 1.1012601260126014,
      "rev_growth_yoy": -0.08355791769557643,
      "rev_growth_yoy_accel": -0.09956440785731538,
      "fcf_margin_change": 0.10845552089260944
    }
  ],
  "signals": [
    {
      "quarter": "2025-09 (Q3)",
      "signal": "FCF MARGIN EXPANSION",
      "detail": "FCF margin: +4.7% -> +15.6% (+10.8%)",
      "severity": "MEDIUM"
    },
    {
      "quarter": "2025-09 (Q3)",
      "signal": "GROSS MARGIN INFLECTION",
      "detail": "GM: +35.8% -> +35.4% -> +40.7% (reversal +5.2%)",
      "severity": "HIGH"
    },
    {
      "quarter": "2025-09 (Q3)",
      "signal": "YoY REVENUE GROWTH DECELERATION",
      "detail": "YoY growth: -8.4% vs prior quarter YoY: +1.6% (decel: -10.0%)",
      "severity": "WARNING"
    },
    {
      "quarter": "2025-09 (Q3)",
      "signal": "INCREMENTAL MARGIN (YoY)",
      "detail": "YoY Incr OPM: +110.1% vs year-ago OPM: +16.0%",
      "severity": "HIGH"
    },
    {
      "quarter": "2025-03 (Q1)",
      "signal": "YoY REVENUE GROWTH DECELERATION",
      "detail": "YoY growth: +0.9% vs prior quarter YoY: +9.4% (decel: -8.6%)",
      "severity": "WARNING"
    },
    {
      "quarter": "2024-12 (Q4)",
      "signal": "FCF MARGIN EXPANSION",
      "detail": "FCF margin: +11.7% -> +24.8% (+13.0%)",
      "severity": "MEDIUM"
    },
    {
      "quarter": "2024-06 (Q2)",
      "signal": "FCF MARGIN EXPANSION",
      "detail": "FCF margin: +2.4% -> +16.5% (+14.1%)",
      "severity": "MEDIUM"
    },
    {
      "quarter": "2024-06 (Q2)",
      "signal": "YoY REVENUE GROWTH DECELERATION",
      "detail": "YoY growth: +0.7% vs prior quarter YoY: +8.4% (decel: -7.6%)",
      "severity": "WARNING"
    },
    {
      "quarter": "2024-03 (Q1)",
      "signal": "YoY REVENUE GROWTH ACCELERATION",
      "detail": "YoY growth: +8.4% vs prior quarter YoY: +3.3% (accel: +5.1%)",
      "severity": "MEDIUM"
    },
    {
      "quarter": "2023-12 (Q4)",
      "signal": "FCF MARGIN EXPANSION",
      "detail": "FCF margin: +8.0% -> +34.1% (+26.1%)",
      "severity": "MEDIUM"
    },
    {
      "quarter": "2023-06 (Q2)",
      "signal": "FCF TURNED POSITIVE",
      "detail": "FCF margin: -5.8% -> +8.6%",
      "severity": "HIGH"
    },
    {
      "quarter": "2023-06 (Q2)",
      "signal": "YoY REVENUE GROWTH ACCELERATION",
      "detail": "YoY growth: +1.5% vs prior quarter YoY: -5.9% (accel: +7.4%)",
      "severity": "MEDIUM"
    },
    {
      "quarter": "2023-03 (Q1)",
      "signal": "YoY REVENUE GROWTH DECELERATION",
      "detail": "YoY growth: -5.9% vs prior quarter YoY: -0.2% (decel: -5.7%)",
      "severity": "WARNING"
    },
    {
      "quarter": "2023-03 (Q1)",
      "signal": "INCREMENTAL MARGIN (YoY)",
      "detail": "YoY Incr OPM: +48.6% vs year-ago OPM: +17.7%",
      "severity": "HIGH"
    },
    {
      "quarter": "2022-12 (Q4)",
      "signal": "FCF MARGIN EXPANSION",
      "detail": "FCF margin: +12.3% -> +33.3% (+20.9%)",
      "severity": "MEDIUM"
    },
    {
      "quarter": "2022-12 (Q4)",
      "signal": "GROSS MARGIN INFLECTION",
      "detail": "GM: +31.0% -> +29.4% -> +31.6% (reversal +2.2%)",
      "severity": "MEDIUM"
    },
    {
      "quarter": "2022-07 (Q3)",
      "signal": "FCF MARGIN EXPANSION",
      "detail": "FCF margin: +6.7% -> +22.3% (+15.6%)",
      "severity": "MEDIUM"
    },
    {
      "quarter": "2022-07 (Q3)",
      "signal": "YoY REVENUE GROWTH DECELERATION",
      "detail": "YoY growth: +3.7% vs prior quarter YoY: +19.2% (decel: -15.5%)",
      "severity": "WARNING"
    },
    {
      "quarter": "2022-04 (Q2)",
      "signal": "INCREMENTAL MARGIN (YoY)",
      "detail": "YoY Incr OPM: +37.4% vs year-ago OPM: +13.9%",
      "severity": "HIGH"
    },
    {
      "quarter": "2021-12 (Q4)",
      "signal": "FCF MARGIN EXPANSION",
      "detail": "FCF margin: +8.3% -> +26.9% (+18.6%)",
      "severity": "MEDIUM"
    },
    {
      "quarter": "2021-12 (Q4)",
      "signal": "INCREMENTAL MARGIN (YoY)",
      "detail": "YoY Incr OPM: +96.0% vs year-ago OPM: +2.5%",
      "severity": "HIGH"
    },
    {
      "quarter": "2021-07 (Q3)",
      "signal": "FCF MARGIN EXPANSION",
      "detail": "FCF margin: +8.5% -> +17.6% (+9.1%)",
      "severity": "MEDIUM"
    },
    {
      "quarter": "2021-07 (Q3)",
      "signal": "OPERATING LEVERAGE",
      "detail": "Rev growth +15.3% vs OpEx growth +8.0% (leverage: 1.9x)",
      "severity": "MEDIUM"
    }
  ],
  "data_quality": {
    "n_quarters": 20,
    "coverage": {
      "revenue": [
        20,
        20
      ],
      "gross_profit": [
        20,
        20
      ],
      "op_income": [
        20,
        20
      ],
      "fcf": [
        20,
        20
      ]
    },
    "gaps": [],
    "warnings": []
  },
  "market_cap": null,
  "source": "SEC EDGAR",
  "last_updated": "2026-02-02T22:23:32.244474"
}