{
  "ticker": "HDSN",
  "name": "HUDSON TECHNOLOGIES INC /NY",
  "quarters": [
    {
      "date": "2020-12-31T00:00:00",
      "quarter_label": "2020-12 (Q4)",
      "revenue": 22110000,
      "gross_profit": 5426000,
      "operating_income": -1749000,
      "net_income": -4748000,
      "opex": 7175000,
      "cogs": null,
      "rd": null,
      "sga": 6460000,
      "fcf": -8637000,
      "ocf": -8163000,
      "capex": -474000,
      "gross_margin": 0.2454093170511081,
      "op_margin": -0.0791044776119403,
      "fcf_margin": -0.39063772048846673
    },
    {
      "date": "2021-03-31T00:00:00",
      "quarter_label": "2021-03 (Q1)",
      "revenue": 33780000,
      "gross_profit": 9138000,
      "operating_income": 1692000,
      "net_income": -1076000,
      "opex": 7446000,
      "cogs": null,
      "rd": null,
      "sga": 6748000,
      "fcf": -5259000,
      "ocf": -4969000,
      "capex": -290000,
      "gross_margin": 0.2705150976909414,
      "op_margin": 0.05008880994671403,
      "fcf_margin": -0.15568383658969803,
      "op_leverage_ratio": 13.974450124419834,
      "fcf_margin_change": 0.2349538838987687
    },
    {
      "date": "2021-06-30T00:00:00",
      "quarter_label": "2021-06 (Q2)",
      "revenue": 60548000,
      "gross_profit": 21828000,
      "operating_income": 14363000,
      "net_income": 11277000,
      "opex": 7465000,
      "cogs": null,
      "rd": null,
      "sga": 6766000,
      "fcf": -3589000,
      "ocf": -3461000,
      "capex": -128000,
      "gross_margin": 0.3605073660566823,
      "op_margin": 0.2372167536499967,
      "fcf_margin": -0.05927528572372333,
      "op_leverage_ratio": 310.5458352809199,
      "fcf_margin_change": 0.0964085508659747
    },
    {
      "date": "2021-09-30T00:00:00",
      "quarter_label": "2021-09 (Q3)",
      "revenue": 60645000,
      "gross_profit": 23678000,
      "operating_income": 16908000,
      "net_income": 15870000,
      "opex": 6770000,
      "cogs": 36967000,
      "rd": null,
      "sga": 6072000,
      "fcf": 16207000,
      "ocf": 16454000,
      "capex": -247000,
      "gross_margin": 0.3904361447769808,
      "op_margin": 0.2788028691565669,
      "fcf_margin": 0.2672437958611592,
      "fcf_margin_change": 0.3265190815848825
    },
    {
      "date": "2021-12-31T00:00:00",
      "quarter_label": "2021-12 (Q4)",
      "revenue": 37775000,
      "gross_profit": 17020000,
      "operating_income": 9342000,
      "net_income": 6188000,
      "opex": 7678000,
      "cogs": 20755000,
      "rd": null,
      "sga": 6980000,
      "fcf": -10509000,
      "ocf": -9252000,
      "capex": -1257000,
      "gross_margin": 0.45056254136333557,
      "op_margin": 0.24730641958967572,
      "fcf_margin": -0.2781998676373263,
      "incr_op_margin_yoy": 0.7080114905841047,
      "rev_growth_yoy": 0.7085029398462235,
      "fcf_margin_change": -0.5454436634984855
    },
    {
      "date": "2022-03-31T00:00:00",
      "quarter_label": "2022-03 (Q1)",
      "revenue": 84338000,
      "gross_profit": 45820000,
      "operating_income": 38298000,
      "net_income": 29555000,
      "opex": 7522000,
      "cogs": 38518000,
      "rd": null,
      "sga": 6824000,
      "fcf": 5039000,
      "ocf": 5066000,
      "capex": -27000,
      "gross_margin": 0.54329009461927,
      "op_margin": 0.4541013540752686,
      "fcf_margin": 0.05974768194645356,
      "incr_op_margin_yoy": 0.7240397167609478,
      "rev_growth_yoy": 1.4966844286560095,
      "rev_growth_yoy_accel": 0.788181488809786,
      "op_leverage_ratio": Infinity,
      "fcf_margin_change": 0.33794754958377987
    },
    {
      "date": "2022-06-30T00:00:00",
      "quarter_label": "2022-06 (Q2)",
      "revenue": 103941000,
      "gross_profit": 57497000,
      "operating_income": 49784000,
      "net_income": 39810000,
      "opex": 7713000,
      "cogs": 46444000,
      "rd": null,
      "sga": 7014000,
      "fcf": 28008000,
      "ocf": 28801000,
      "capex": -793000,
      "gross_margin": 0.5531695865923938,
      "op_margin": 0.4789640276695433,
      "fcf_margin": 0.2694605593557884,
      "incr_op_margin_yoy": 0.8162837323992349,
      "rev_growth_yoy": 0.7166710708859086,
      "rev_growth_yoy_accel": -0.7800133577701008,
      "op_leverage_ratio": 9.153753303057915,
      "fcf_margin_change": 0.20971287740933484
    },
    {
      "date": "2022-09-30T00:00:00",
      "quarter_label": "2022-09 (Q3)",
      "revenue": 89502000,
      "gross_profit": 44239000,
      "operating_income": 36322000,
      "net_income": 29356000,
      "opex": 7917000,
      "cogs": 45263000,
      "rd": null,
      "sga": 7219000,
      "fcf": 25254000,
      "ocf": 26149000,
      "capex": -895000,
      "gross_margin": 0.4942794574422918,
      "op_margin": 0.405823333556792,
      "fcf_margin": 0.28216129248508415,
      "incr_op_margin_yoy": 0.6727657067609245,
      "rev_growth_yoy": 0.4758347761563196,
      "rev_growth_yoy_accel": -0.24083629472958906,
      "fcf_margin_change": 0.01270073312929576
    },
    {
      "date": "2022-12-31T00:00:00",
      "quarter_label": "2022-12 (Q4)",
      "revenue": 47444000,
      "gross_profit": 15337000,
      "operating_income": 7105000,
      "net_income": 5080000,
      "opex": 8232000,
      "cogs": 32107000,
      "rd": null,
      "sga": 7534000,
      "fcf": 855000,
      "ocf": 2799000,
      "capex": -1944000,
      "gross_margin": 0.3232653233285558,
      "op_margin": 0.1497555012224939,
      "fcf_margin": 0.01802124610066605,
      "incr_op_margin_yoy": -0.23135794808149757,
      "rev_growth_yoy": 0.2559629384513567,
      "rev_growth_yoy_accel": -0.21987183770496288,
      "fcf_margin_change": -0.2641400463844181
    },
    {
      "date": "2023-03-31T00:00:00",
      "quarter_label": "2023-03 (Q1)",
      "revenue": 77199000,
      "gross_profit": 30330000,
      "operating_income": 22655000,
      "net_income": 15531000,
      "opex": 7675000,
      "cogs": 46869000,
      "rd": null,
      "sga": 6977000,
      "fcf": 10254000,
      "ocf": 10666000,
      "capex": -412000,
      "gross_margin": 0.3928807367971088,
      "op_margin": 0.2934623505485822,
      "fcf_margin": 0.13282555473516497,
      "incr_op_margin_yoy": 2.1912032497548677,
      "rev_growth_yoy": -0.08464748986222106,
      "rev_growth_yoy_accel": -0.3406104283135778,
      "op_leverage_ratio": Infinity,
      "fcf_margin_change": 0.11480430863449892
    },
    {
      "date": "2023-06-30T00:00:00",
      "quarter_label": "2023-06 (Q2)",
      "revenue": 90474000,
      "gross_profit": 36627000,
      "operating_income": 27655000,
      "net_income": 19189000,
      "opex": 8972000,
      "cogs": 53847000,
      "rd": null,
      "sga": 8273000,
      "fcf": 10155000,
      "ocf": 10580000,
      "capex": -425000,
      "gross_margin": 0.40483453809934344,
      "op_margin": 0.3056679266971727,
      "fcf_margin": 0.11224219112673255,
      "incr_op_margin_yoy": 1.6432019009430459,
      "rev_growth_yoy": -0.12956388720524142,
      "rev_growth_yoy_accel": -0.04491639734302036,
      "op_leverage_ratio": 1.0175628970309867,
      "fcf_margin_change": -0.020583363608432423
    },
    {
      "date": "2023-09-30T00:00:00",
      "quarter_label": "2023-09 (Q3)",
      "revenue": 76496000,
      "gross_profit": 30580000,
      "operating_income": 23122000,
      "net_income": 13582000,
      "opex": 7458000,
      "cogs": 45916000,
      "rd": null,
      "sga": 6760000,
      "fcf": 20894000,
      "ocf": 22272000,
      "capex": -1378000,
      "gross_margin": 0.3997594645471659,
      "op_margin": 0.30226417067559086,
      "fcf_margin": 0.27313846475632714,
      "incr_op_margin_yoy": 1.0149161925265262,
      "rev_growth_yoy": -0.1453151884874081,
      "rev_growth_yoy_accel": -0.015751301282166674,
      "fcf_margin_change": 0.16089627362959458
    },
    {
      "date": "2023-12-31T00:00:00",
      "quarter_label": "2023-12 (Q4)",
      "revenue": 44856000,
      "gross_profit": 13970000,
      "operating_income": 4740000,
      "net_income": 3945000,
      "opex": 9230000,
      "cogs": 30886000,
      "rd": null,
      "sga": 8532000,
      "fcf": 13664000,
      "ocf": 15029000,
      "capex": -1365000,
      "gross_margin": 0.3114410558230783,
      "op_margin": 0.10567148207597646,
      "fcf_margin": 0.3046192259675406,
      "incr_op_margin_yoy": 0.9138330757341576,
      "rev_growth_yoy": -0.054548520360846474,
      "rev_growth_yoy_accel": 0.09076666812656162,
      "fcf_margin_change": 0.03148076121121346
    },
    {
      "date": "2024-03-31T00:00:00",
      "quarter_label": "2024-03 (Q1)",
      "revenue": 65250000,
      "gross_profit": 21421000,
      "operating_income": 12776000,
      "net_income": 9562000,
      "opex": 8645000,
      "cogs": 43829000,
      "rd": null,
      "sga": 7947000,
      "fcf": -1893000,
      "ocf": -933000,
      "capex": -960000,
      "gross_margin": 0.3282911877394636,
      "op_margin": 0.1958007662835249,
      "fcf_margin": -0.029011494252873565,
      "incr_op_margin_yoy": 0.8267637459201607,
      "rev_growth_yoy": -0.15478179769167993,
      "rev_growth_yoy_accel": -0.10023327733083345,
      "op_leverage_ratio": Infinity,
      "fcf_margin_change": -0.3336307202204142
    },
    {
      "date": "2024-06-30T00:00:00",
      "quarter_label": "2024-06 (Q2)",
      "revenue": 75282000,
      "gross_profit": 22571000,
      "operating_income": 12798000,
      "net_income": 9585000,
      "opex": 9773000,
      "cogs": 52711000,
      "rd": null,
      "sga": 9013000,
      "fcf": 40643000,
      "ocf": 41768000,
      "capex": -1125000,
      "gross_margin": 0.29981934592598497,
      "op_margin": 0.1700007970032677,
      "fcf_margin": 0.5398767301612604,
      "incr_op_margin_yoy": 0.9779489204844655,
      "rev_growth_yoy": -0.16791564427349293,
      "rev_growth_yoy_accel": -0.013133846581812991,
      "op_leverage_ratio": 1.1783190674166464,
      "fcf_margin_change": 0.5688882244141339
    },
    {
      "date": "2024-09-30T00:00:00",
      "quarter_label": "2024-09 (Q3)",
      "revenue": 61943000,
      "gross_profit": 15942000,
      "operating_income": 6973000,
      "net_income": 7806000,
      "opex": 8969000,
      "cogs": 46001000,
      "rd": null,
      "sga": 8059000,
      "fcf": 28601000,
      "ocf": 30268000,
      "capex": -1667000,
      "gross_margin": 0.2573656426069128,
      "op_margin": 0.11257123484493808,
      "fcf_margin": 0.4617309461924673,
      "incr_op_margin_yoy": 1.1096681096681096,
      "rev_growth_yoy": -0.19024524158125916,
      "rev_growth_yoy_accel": -0.022329597307766236,
      "fcf_margin_change": -0.07814578396879307
    },
    {
      "date": "2024-12-31T00:00:00",
      "quarter_label": "2024-12 (Q4)",
      "revenue": 34643000,
      "gross_profit": 5774000,
      "operating_income": -3246000,
      "net_income": -2565000,
      "opex": 9020000,
      "cogs": 28869000,
      "rd": null,
      "sga": 7998000,
      "fcf": 19160000,
      "ocf": 20708000,
      "capex": -1548000,
      "gross_margin": 0.16667147764339116,
      "op_margin": -0.09369858268625697,
      "fcf_margin": 0.5530698842479,
      "incr_op_margin_yoy": 0.7819445804366983,
      "rev_growth_yoy": -0.22768414481897628,
      "rev_growth_yoy_accel": -0.03743890323771712,
      "fcf_margin_change": 0.09133893805543275
    },
    {
      "date": "2025-03-31T00:00:00",
      "quarter_label": "2025-03 (Q1)",
      "revenue": 55343000,
      "gross_profit": 12068000,
      "operating_income": 3075000,
      "net_income": 2758000,
      "opex": 8993000,
      "cogs": 43275000,
      "rd": null,
      "sga": 8170000,
      "fcf": 12745000,
      "ocf": 14156000,
      "capex": -1411000,
      "gross_margin": 0.21805829102144805,
      "op_margin": 0.055562582440417035,
      "fcf_margin": 0.23029109372459028,
      "incr_op_margin_yoy": 0.9792066215807005,
      "rev_growth_yoy": -0.15183141762452107,
      "rev_growth_yoy_accel": 0.07585272719445521,
      "op_leverage_ratio": Infinity,
      "fcf_margin_change": -0.32277879052330977
    },
    {
      "date": "2025-06-30T00:00:00",
      "quarter_label": "2025-06 (Q2)",
      "revenue": 72849000,
      "gross_profit": 22811000,
      "operating_income": 12724000,
      "net_income": 10168000,
      "opex": 10087000,
      "cogs": 50038000,
      "rd": null,
      "sga": 9265000,
      "fcf": 5949000,
      "ocf": 6413000,
      "capex": -464000,
      "gross_margin": 0.31312715342695163,
      "op_margin": 0.17466265837554393,
      "fcf_margin": 0.08166206811349504,
      "incr_op_margin_yoy": 0.030415125359638306,
      "rev_growth_yoy": -0.032318482505778276,
      "rev_growth_yoy_accel": 0.1195129351187428,
      "op_leverage_ratio": 2.60022840440542,
      "fcf_margin_change": -0.14862902561109526
    },
    {
      "date": "2025-09-30T00:00:00",
      "quarter_label": "2025-09 (Q3)",
      "revenue": 74012000,
      "gross_profit": 23674000,
      "operating_income": 13968000,
      "net_income": 12374000,
      "opex": 9706000,
      "cogs": 50338000,
      "rd": null,
      "sga": 8883000,
      "fcf": 6745000,
      "ocf": 8812000,
      "capex": -2067000,
      "gross_margin": 0.31986704858671566,
      "op_margin": 0.18872615251580824,
      "fcf_margin": 0.09113387018321353,
      "incr_op_margin_yoy": 0.5795840583312619,
      "rev_growth_yoy": 0.19484041780346448,
      "rev_growth_yoy_accel": 0.22715890030924274,
      "op_leverage_ratio": Infinity,
      "fcf_margin_change": 0.009471802069718496
    }
  ],
  "signals": [
    {
      "quarter": "2025-09 (Q3)",
      "signal": "YoY REVENUE GROWTH ACCELERATION",
      "detail": "YoY growth: +19.5% vs prior quarter YoY: -3.2% (accel: +22.7%)",
      "severity": "HIGH"
    },
    {
      "quarter": "2025-09 (Q3)",
      "signal": "INCREMENTAL MARGIN (YoY)",
      "detail": "YoY Incr OPM: +58.0% vs year-ago OPM: +11.3%",
      "severity": "HIGH"
    },
    {
      "quarter": "2025-06 (Q2)",
      "signal": "OPERATING LEVERAGE",
      "detail": "Rev growth +31.6% vs OpEx growth +12.2% (leverage: 2.6x)",
      "severity": "MEDIUM"
    },
    {
      "quarter": "2025-06 (Q2)",
      "signal": "YoY REVENUE GROWTH ACCELERATION",
      "detail": "YoY growth: -3.2% vs prior quarter YoY: -15.2% (accel: +12.0%)",
      "severity": "MEDIUM"
    },
    {
      "quarter": "2025-03 (Q1)",
      "signal": "GROSS MARGIN INFLECTION",
      "detail": "GM: +25.7% -> +16.7% -> +21.8% (reversal +5.1%)",
      "severity": "HIGH"
    },
    {
      "quarter": "2025-03 (Q1)",
      "signal": "YoY REVENUE GROWTH ACCELERATION",
      "detail": "YoY growth: -15.2% vs prior quarter YoY: -22.8% (accel: +7.6%)",
      "severity": "MEDIUM"
    },
    {
      "quarter": "2025-03 (Q1)",
      "signal": "INCREMENTAL MARGIN (YoY)",
      "detail": "YoY Incr OPM: +97.9% vs year-ago OPM: +19.6%",
      "severity": "HIGH"
    },
    {
      "quarter": "2025-03 (Q1)",
      "signal": "OP MARGIN TURNED POSITIVE (QoQ)",
      "detail": "Op margin: -9.4% -> +5.6%",
      "severity": "HIGH"
    },
    {
      "quarter": "2024-12 (Q4)",
      "signal": "FCF MARGIN EXPANSION",
      "detail": "FCF margin: +46.2% -> +55.3% (+9.1%)",
      "severity": "MEDIUM"
    },
    {
      "quarter": "2024-09 (Q3)",
      "signal": "INCREMENTAL MARGIN (YoY)",
      "detail": "YoY Incr OPM: +111.0% vs year-ago OPM: +30.2%",
      "severity": "HIGH"
    },
    {
      "quarter": "2024-06 (Q2)",
      "signal": "FCF TURNED POSITIVE",
      "detail": "FCF margin: -2.9% -> +54.0%",
      "severity": "HIGH"
    },
    {
      "quarter": "2024-06 (Q2)",
      "signal": "INCREMENTAL MARGIN (YoY)",
      "detail": "YoY Incr OPM: +97.8% vs year-ago OPM: +30.6%",
      "severity": "HIGH"
    },
    {
      "quarter": "2024-03 (Q1)",
      "signal": "YoY REVENUE GROWTH DECELERATION",
      "detail": "YoY growth: -15.5% vs prior quarter YoY: -5.5% (decel: -10.0%)",
      "severity": "WARNING"
    },
    {
      "quarter": "2024-03 (Q1)",
      "signal": "INCREMENTAL MARGIN (YoY)",
      "detail": "YoY Incr OPM: +82.7% vs year-ago OPM: +29.3%",
      "severity": "HIGH"
    },
    {
      "quarter": "2023-12 (Q4)",
      "signal": "YoY REVENUE GROWTH ACCELERATION",
      "detail": "YoY growth: -5.5% vs prior quarter YoY: -14.5% (accel: +9.1%)",
      "severity": "MEDIUM"
    },
    {
      "quarter": "2023-12 (Q4)",
      "signal": "INCREMENTAL MARGIN (YoY)",
      "detail": "YoY Incr OPM: +91.4% vs year-ago OPM: +15.0%",
      "severity": "HIGH"
    },
    {
      "quarter": "2023-09 (Q3)",
      "signal": "FCF MARGIN EXPANSION",
      "detail": "FCF margin: +11.2% -> +27.3% (+16.1%)",
      "severity": "MEDIUM"
    },
    {
      "quarter": "2023-09 (Q3)",
      "signal": "INCREMENTAL MARGIN (YoY)",
      "detail": "YoY Incr OPM: +101.5% vs year-ago OPM: +40.6%",
      "severity": "HIGH"
    },
    {
      "quarter": "2023-06 (Q2)",
      "signal": "INCREMENTAL MARGIN (YoY)",
      "detail": "YoY Incr OPM: +164.3% vs year-ago OPM: +47.9%",
      "severity": "HIGH"
    },
    {
      "quarter": "2023-03 (Q1)",
      "signal": "FCF MARGIN EXPANSION",
      "detail": "FCF margin: +1.8% -> +13.3% (+11.5%)",
      "severity": "MEDIUM"
    },
    {
      "quarter": "2023-03 (Q1)",
      "signal": "GROSS MARGIN INFLECTION",
      "detail": "GM: +49.4% -> +32.3% -> +39.3% (reversal +7.0%)",
      "severity": "HIGH"
    },
    {
      "quarter": "2023-03 (Q1)",
      "signal": "YoY REVENUE GROWTH DECELERATION",
      "detail": "YoY growth: -8.5% vs prior quarter YoY: +25.6% (decel: -34.1%)",
      "severity": "WARNING"
    },
    {
      "quarter": "2023-03 (Q1)",
      "signal": "INCREMENTAL MARGIN (YoY)",
      "detail": "YoY Incr OPM: +219.1% vs year-ago OPM: +45.4%",
      "severity": "HIGH"
    },
    {
      "quarter": "2022-12 (Q4)",
      "signal": "YoY REVENUE GROWTH DECELERATION",
      "detail": "YoY growth: +25.6% vs prior quarter YoY: +47.6% (decel: -22.0%)",
      "severity": "WARNING"
    },
    {
      "quarter": "2022-09 (Q3)",
      "signal": "YoY REVENUE GROWTH DECELERATION",
      "detail": "YoY growth: +47.6% vs prior quarter YoY: +71.7% (decel: -24.1%)",
      "severity": "WARNING"
    },
    {
      "quarter": "2022-09 (Q3)",
      "signal": "INCREMENTAL MARGIN (YoY)",
      "detail": "YoY Incr OPM: +67.3% vs year-ago OPM: +27.9%",
      "severity": "HIGH"
    },
    {
      "quarter": "2022-06 (Q2)",
      "signal": "FCF MARGIN EXPANSION",
      "detail": "FCF margin: +6.0% -> +26.9% (+21.0%)",
      "severity": "MEDIUM"
    },
    {
      "quarter": "2022-06 (Q2)",
      "signal": "OPERATING LEVERAGE",
      "detail": "Rev growth +23.2% vs OpEx growth +2.5% (leverage: 9.2x)",
      "severity": "MEDIUM"
    },
    {
      "quarter": "2022-06 (Q2)",
      "signal": "YoY REVENUE GROWTH DECELERATION",
      "detail": "YoY growth: +71.7% vs prior quarter YoY: +149.7% (decel: -78.0%)",
      "severity": "WARNING"
    },
    {
      "quarter": "2022-06 (Q2)",
      "signal": "INCREMENTAL MARGIN (YoY)",
      "detail": "YoY Incr OPM: +81.6% vs year-ago OPM: +23.7%",
      "severity": "HIGH"
    },
    {
      "quarter": "2022-03 (Q1)",
      "signal": "FCF TURNED POSITIVE",
      "detail": "FCF margin: -27.8% -> +6.0%",
      "severity": "HIGH"
    },
    {
      "quarter": "2022-03 (Q1)",
      "signal": "YoY REVENUE GROWTH ACCELERATION",
      "detail": "YoY growth: +149.7% vs prior quarter YoY: +70.9% (accel: +78.8%)",
      "severity": "HIGH"
    },
    {
      "quarter": "2022-03 (Q1)",
      "signal": "INCREMENTAL MARGIN (YoY)",
      "detail": "YoY Incr OPM: +72.4% vs year-ago OPM: +5.0%",
      "severity": "HIGH"
    },
    {
      "quarter": "2021-12 (Q4)",
      "signal": "OP MARGIN TURNED POSITIVE (YoY)",
      "detail": "Op margin: -7.9% (year-ago) -> +24.7%",
      "severity": "HIGH"
    },
    {
      "quarter": "2021-09 (Q3)",
      "signal": "FCF TURNED POSITIVE",
      "detail": "FCF margin: -5.9% -> +26.7%",
      "severity": "HIGH"
    },
    {
      "quarter": "2021-06 (Q2)",
      "signal": "FCF MARGIN EXPANSION",
      "detail": "FCF margin: -15.6% -> -5.9% (+9.6%)",
      "severity": "MEDIUM"
    },
    {
      "quarter": "2021-06 (Q2)",
      "signal": "OPERATING LEVERAGE",
      "detail": "Rev growth +79.2% vs OpEx growth +0.3% (leverage: 310.5x)",
      "severity": "MEDIUM"
    },
    {
      "quarter": "2021-03 (Q1)",
      "signal": "FCF MARGIN EXPANSION",
      "detail": "FCF margin: -39.1% -> -15.6% (+23.5%)",
      "severity": "MEDIUM"
    },
    {
      "quarter": "2021-03 (Q1)",
      "signal": "OPERATING LEVERAGE",
      "detail": "Rev growth +52.8% vs OpEx growth +3.8% (leverage: 14.0x)",
      "severity": "MEDIUM"
    },
    {
      "quarter": "2021-03 (Q1)",
      "signal": "OP MARGIN TURNED POSITIVE (QoQ)",
      "detail": "Op margin: -7.9% -> +5.0%",
      "severity": "HIGH"
    }
  ],
  "data_quality": {
    "n_quarters": 20,
    "coverage": {
      "revenue": [
        20,
        20
      ],
      "gross_profit": [
        20,
        20
      ],
      "op_income": [
        20,
        20
      ],
      "fcf": [
        20,
        20
      ]
    },
    "gaps": [],
    "warnings": []
  },
  "market_cap": null,
  "source": "SEC EDGAR",
  "last_updated": "2026-02-02T22:44:32.877469"
}