{
  "ticker": "HEI",
  "name": "HEICO CORPORATION",
  "quarters": [
    {
      "date": "2021-01-31T00:00:00",
      "quarter_label": "2021-01 (Q1)",
      "revenue": 417902000,
      "gross_profit": 158434000,
      "operating_income": 80285000,
      "net_income": 70596000,
      "opex": 337617000,
      "cogs": 259468000,
      "rd": 16181000,
      "sga": 78149000,
      "fcf": 91690000,
      "ocf": 107199000,
      "capex": -15509000,
      "gross_margin": 0.37911759216275587,
      "op_margin": 0.19211441917004465,
      "fcf_margin": 0.2194055065541682
    },
    {
      "date": "2021-04-30T00:00:00",
      "quarter_label": "2021-04 (Q2)",
      "revenue": 466651000,
      "gross_profit": 179773000,
      "operating_income": 96748000,
      "net_income": 70673000,
      "opex": 369903000,
      "cogs": 286878000,
      "rd": 18022000,
      "sga": 83025000,
      "fcf": 96484000,
      "ocf": 102913000,
      "capex": -6429000,
      "gross_margin": 0.385240790226529,
      "op_margin": 0.20732410302345863,
      "fcf_margin": 0.20675836974527,
      "op_leverage_ratio": 1.2198356618930648,
      "fcf_margin_change": -0.012647136808898202
    },
    {
      "date": "2021-07-31T00:00:00",
      "quarter_label": "2021-07 (Q3)",
      "revenue": 471707000,
      "gross_profit": 184717000,
      "operating_income": 100838000,
      "net_income": 76889000,
      "opex": 370869000,
      "cogs": 286990000,
      "rd": 17976000,
      "sga": 83879000,
      "fcf": 115805000,
      "ocf": 123991000,
      "capex": -8186000,
      "gross_margin": 0.3915926623942405,
      "op_margin": 0.21377253252548722,
      "fcf_margin": 0.24550197474279584,
      "op_leverage_ratio": 4.148829539454859,
      "fcf_margin_change": 0.03874360499752583
    },
    {
      "date": "2021-10-31T00:00:00",
      "quarter_label": "2021-10 (Q4)",
      "revenue": 509422000,
      "gross_profit": 204499000,
      "operating_income": 115029000,
      "net_income": 86062000,
      "opex": 394393000,
      "cogs": 304923000,
      "rd": 16698000,
      "sga": 89470000,
      "fcf": 103922000,
      "ocf": 109981000,
      "capex": -6059000,
      "gross_margin": 0.40143338921365784,
      "op_margin": 0.22580296885489828,
      "fcf_margin": 0.20399982725520296,
      "op_leverage_ratio": 1.2605241003146255,
      "fcf_margin_change": -0.04150214748759287
    },
    {
      "date": "2022-01-31T00:00:00",
      "quarter_label": "2022-01 (Q1)",
      "revenue": 490343000,
      "gross_profit": 190210000,
      "operating_income": 98822000,
      "net_income": 86921000,
      "opex": 391521000,
      "cogs": 300133000,
      "rd": 18396000,
      "sga": 91388000,
      "fcf": 69289000,
      "ocf": 77980000,
      "capex": -8691000,
      "gross_margin": 0.38791213497490534,
      "op_margin": 0.20153647548756687,
      "fcf_margin": 0.14130720740379693,
      "incr_op_margin_yoy": 0.2558910009524993,
      "rev_growth_yoy": 0.1733444683203239,
      "fcf_margin_change": -0.06269261985140603
    },
    {
      "date": "2022-04-30T00:00:00",
      "quarter_label": "2022-04 (Q2)",
      "revenue": 538813000,
      "gross_profit": 211229000,
      "operating_income": 122777000,
      "net_income": 85010000,
      "opex": 416036000,
      "cogs": 327584000,
      "rd": 18751000,
      "sga": 88452000,
      "fcf": 89253000,
      "ocf": 96773000,
      "capex": -7520000,
      "gross_margin": 0.39202654724366337,
      "op_margin": 0.2278656973755273,
      "fcf_margin": 0.16564745097093053,
      "incr_op_margin_yoy": 0.3607023086943267,
      "rev_growth_yoy": 0.1546380485630589,
      "rev_growth_yoy_accel": -0.018706419757265003,
      "op_leverage_ratio": 1.5786876211755103,
      "fcf_margin_change": 0.0243402435671336
    },
    {
      "date": "2022-07-31T00:00:00",
      "quarter_label": "2022-07 (Q3)",
      "revenue": 569528000,
      "gross_profit": 220937000,
      "operating_income": 128747000,
      "net_income": 82540000,
      "opex": 440781000,
      "cogs": 348591000,
      "rd": 18657000,
      "sga": 92190000,
      "fcf": 141011000,
      "ocf": 149157000,
      "capex": -8146000,
      "gross_margin": 0.38793000519728615,
      "op_margin": 0.22605912264190697,
      "fcf_margin": 0.24759274346476381,
      "incr_op_margin_yoy": 0.2853068359554697,
      "rev_growth_yoy": 0.2073766130246106,
      "rev_growth_yoy_accel": 0.0527385644615517,
      "op_leverage_ratio": 0.9584200891133836,
      "fcf_margin_change": 0.08194529249383328
    },
    {
      "date": "2022-10-31T00:00:00",
      "quarter_label": "2022-10 (Q4)",
      "revenue": 609638000,
      "gross_profit": 240383000,
      "operating_income": 146498000,
      "net_income": 97204000,
      "opex": 463140000,
      "cogs": 369255000,
      "rd": 20257000,
      "sga": 93885000,
      "fcf": 136321000,
      "ocf": 143946000,
      "capex": -7625000,
      "gross_margin": 0.39430448889340886,
      "op_margin": 0.24030326193577173,
      "fcf_margin": 0.2236097487361352,
      "incr_op_margin_yoy": 0.3140117346531492,
      "rev_growth_yoy": 0.196724915688761,
      "rev_growth_yoy_accel": -0.010651697335849614,
      "op_leverage_ratio": 1.3883791131460759,
      "fcf_margin_change": -0.02398299472862861
    },
    {
      "date": "2023-01-31T00:00:00",
      "quarter_label": "2023-01 (Q1)",
      "revenue": 620915000,
      "gross_profit": 243799000,
      "operating_income": 129434000,
      "net_income": 93027000,
      "opex": 491481000,
      "cogs": 377116000,
      "rd": 20238000,
      "sga": 114365000,
      "fcf": 65840000,
      "ocf": 76686000,
      "capex": -10846000,
      "gross_margin": 0.3926447259286698,
      "op_margin": 0.20845687412930916,
      "fcf_margin": 0.10603705821247675,
      "incr_op_margin_yoy": 0.23444536347762154,
      "rev_growth_yoy": 0.26628706843984723,
      "rev_growth_yoy_accel": 0.06956215275108624,
      "op_leverage_ratio": 0.30228644420275586,
      "fcf_margin_change": -0.11757269052365846
    },
    {
      "date": "2023-04-30T00:00:00",
      "quarter_label": "2023-04 (Q2)",
      "revenue": 687841000,
      "gross_profit": 266512000,
      "operating_income": 157090000,
      "net_income": 105120000,
      "opex": 530751000,
      "cogs": 421329000,
      "rd": 22896000,
      "sga": 109422000,
      "fcf": 66675000,
      "ocf": 77750000,
      "capex": -11075000,
      "gross_margin": 0.3874616372097621,
      "op_margin": 0.22838126834544611,
      "fcf_margin": 0.09693373904725075,
      "incr_op_margin_yoy": 0.23024532302654535,
      "rev_growth_yoy": 0.27658575424126736,
      "rev_growth_yoy_accel": 0.010298685801420127,
      "op_leverage_ratio": 1.3489894382995125,
      "fcf_margin_change": -0.009103319165225998
    },
    {
      "date": "2023-07-31T00:00:00",
      "quarter_label": "2023-07 (Q3)",
      "revenue": 722902000,
      "gross_profit": 278734000,
      "operating_income": 149367000,
      "net_income": 102023000,
      "opex": 573535000,
      "cogs": 444168000,
      "rd": 25365000,
      "sga": 129367000,
      "fcf": 133666000,
      "ocf": 145921000,
      "capex": -12255000,
      "gross_margin": 0.3855764681796426,
      "op_margin": 0.20662136776492526,
      "fcf_margin": 0.18490196458164454,
      "incr_op_margin_yoy": 0.13444260435275862,
      "rev_growth_yoy": 0.26930019244005565,
      "rev_growth_yoy_accel": -0.007285561801211704,
      "op_leverage_ratio": 0.6323327494049251,
      "fcf_margin_change": 0.08796822553439379
    },
    {
      "date": "2023-10-31T00:00:00",
      "quarter_label": "2023-10 (Q4)",
      "revenue": 936447000,
      "gross_profit": 364443000,
      "operating_income": 189448000,
      "net_income": 103426000,
      "opex": 746999000,
      "cogs": 572004000,
      "rd": 27274000,
      "sga": 174995000,
      "fcf": 133120000,
      "ocf": 148378000,
      "capex": -15258000,
      "gross_margin": 0.38917632284582043,
      "op_margin": 0.2023050957502133,
      "fcf_margin": 0.14215433441508168,
      "incr_op_margin_yoy": 0.13142232925041844,
      "rev_growth_yoy": 0.5360705861511258,
      "rev_growth_yoy_accel": 0.26677039371107014,
      "op_leverage_ratio": 0.9766985658156103,
      "fcf_margin_change": -0.042747630166562856
    },
    {
      "date": "2024-01-31T00:00:00",
      "quarter_label": "2024-01 (Q1)",
      "revenue": 896363000,
      "gross_profit": 346769000,
      "operating_income": 180210000,
      "net_income": 114698000,
      "opex": 716153000,
      "cogs": 549594000,
      "rd": 25096000,
      "sga": 166559000,
      "fcf": 98275000,
      "ocf": 111652000,
      "capex": -13377000,
      "gross_margin": 0.3868622421942896,
      "op_margin": 0.20104578167550424,
      "fcf_margin": 0.10963750177104588,
      "incr_op_margin_yoy": 0.18433969388051466,
      "rev_growth_yoy": 0.443616275979804,
      "rev_growth_yoy_accel": -0.09245431017132177,
      "fcf_margin_change": -0.032516832644035806
    },
    {
      "date": "2024-04-30T00:00:00",
      "quarter_label": "2024-04 (Q2)",
      "revenue": 955395000,
      "gross_profit": 371795000,
      "operating_income": 209153000,
      "net_income": 123146000,
      "opex": 746242000,
      "cogs": 583600000,
      "rd": 27935000,
      "sga": 162642000,
      "fcf": 128192000,
      "ocf": 141140000,
      "capex": -12948000,
      "gross_margin": 0.3891531774815652,
      "op_margin": 0.2189178297981463,
      "fcf_margin": 0.1341769634549061,
      "incr_op_margin_yoy": 0.19458875591469385,
      "rev_growth_yoy": 0.3889765221904481,
      "rev_growth_yoy_accel": -0.05463975378935593,
      "op_leverage_ratio": 1.567478660511537,
      "fcf_margin_change": 0.024539461683860217
    },
    {
      "date": "2024-07-31T00:00:00",
      "quarter_label": "2024-07 (Q3)",
      "revenue": 992246000,
      "gross_profit": 389270000,
      "operating_income": 216446000,
      "net_income": 136577000,
      "opex": 775800000,
      "cogs": 602976000,
      "rd": 29779000,
      "sga": 172824000,
      "fcf": 198105000,
      "ocf": 213955000,
      "capex": -15850000,
      "gross_margin": 0.3923119871483483,
      "op_margin": 0.2181374376918627,
      "fcf_margin": 0.19965311021661966,
      "incr_op_margin_yoy": 0.24904582986812404,
      "rev_growth_yoy": 0.37258715565871997,
      "rev_growth_yoy_accel": -0.016389366531728122,
      "op_leverage_ratio": 0.9738026610091519,
      "fcf_margin_change": 0.06547614676171357
    },
    {
      "date": "2024-10-31T00:00:00",
      "quarter_label": "2024-10 (Q4)",
      "revenue": 1013665000,
      "gross_profit": 393892000,
      "operating_income": 218646000,
      "net_income": 139688000,
      "opex": 795019000,
      "cogs": 619773000,
      "rd": 28455000,
      "sga": 175246000,
      "fcf": 189537000,
      "ocf": 205623000,
      "capex": -16086000,
      "gross_margin": 0.3885820266064232,
      "op_margin": 0.2156984802671494,
      "fcf_margin": 0.18698189243981,
      "incr_op_margin_yoy": 0.3781242715429045,
      "rev_growth_yoy": 0.08245848403593584,
      "rev_growth_yoy_accel": -0.2901286716227841,
      "op_leverage_ratio": 0.8713624133450227,
      "fcf_margin_change": -0.012671217776809657
    },
    {
      "date": "2025-01-31T00:00:00",
      "quarter_label": "2025-01 (Q1)",
      "revenue": 1030222000,
      "gross_profit": 405662000,
      "operating_income": 226805000,
      "net_income": 167955000,
      "opex": 803417000,
      "cogs": 624560000,
      "rd": 27605000,
      "sga": 178857000,
      "fcf": 185699000,
      "ocf": 203034000,
      "capex": -17335000,
      "gross_margin": 0.39376173290805283,
      "op_margin": 0.2201515789800645,
      "fcf_margin": 0.1802514409515619,
      "incr_op_margin_yoy": 0.34809015456562503,
      "rev_growth_yoy": 0.1493357043965447,
      "rev_growth_yoy_accel": 0.06687722036060886,
      "op_leverage_ratio": 1.5462824794256738,
      "fcf_margin_change": -0.006730451488248107
    },
    {
      "date": "2025-04-30T00:00:00",
      "quarter_label": "2025-04 (Q2)",
      "revenue": 1097820000,
      "gross_profit": 437804000,
      "operating_income": 248152000,
      "net_income": 156793000,
      "opex": 849668000,
      "cogs": 660016000,
      "rd": 28741000,
      "sga": 189652000,
      "fcf": 188731000,
      "ocf": 204695000,
      "capex": -15964000,
      "gross_margin": 0.39879397351114027,
      "op_margin": 0.22604069883951833,
      "fcf_margin": 0.17191433932702993,
      "incr_op_margin_yoy": 0.2738213094611199,
      "rev_growth_yoy": 0.14907446658188497,
      "rev_growth_yoy_accel": -0.00026123781465972606,
      "op_leverage_ratio": 1.1397849465764112,
      "fcf_margin_change": -0.008337101624531967
    },
    {
      "date": "2025-07-31T00:00:00",
      "quarter_label": "2025-07 (Q3)",
      "revenue": 1147591000,
      "gross_profit": 457157000,
      "operating_income": 265019000,
      "net_income": 177341000,
      "opex": 882572000,
      "cogs": 690434000,
      "rd": 31929000,
      "sga": 192138000,
      "fcf": 218472000,
      "ocf": 231211000,
      "capex": -12739000,
      "gross_margin": 0.39836230852280996,
      "op_margin": 0.23093506310174966,
      "fcf_margin": 0.19037444525096484,
      "incr_op_margin_yoy": 0.31267823232160674,
      "rev_growth_yoy": 0.15655895816158494,
      "rev_growth_yoy_accel": 0.0074844915796999645,
      "op_leverage_ratio": 1.1707004734396527,
      "fcf_margin_change": 0.018460105923934905
    },
    {
      "date": "2025-10-31T00:00:00",
      "quarter_label": "2025-10 (Q4)",
      "revenue": 1209411000,
      "gross_profit": 485841000,
      "operating_income": 279022000,
      "net_income": 188296000,
      "opex": 930389000,
      "cogs": 723570000,
      "rd": 32667000,
      "sga": 206819000,
      "fcf": 268478000,
      "ocf": 295326000,
      "capex": -26848000,
      "gross_margin": 0.4017170341596033,
      "op_margin": 0.2307089980163898,
      "fcf_margin": 0.22199070456610698,
      "incr_op_margin_yoy": 0.30844053007468863,
      "rev_growth_yoy": 0.19310719024529802,
      "rev_growth_yoy_accel": 0.03654823208371308,
      "op_leverage_ratio": 0.9942822510623802,
      "fcf_margin_change": 0.03161625931514214
    }
  ],
  "signals": [
    {
      "quarter": "2025-01 (Q1)",
      "signal": "OPERATING LEVERAGE",
      "detail": "Rev growth +1.6% vs OpEx growth +1.1% (leverage: 1.5x)",
      "severity": "MEDIUM"
    },
    {
      "quarter": "2025-01 (Q1)",
      "signal": "YoY REVENUE GROWTH ACCELERATION",
      "detail": "YoY growth: +14.9% vs prior quarter YoY: +8.2% (accel: +6.7%)",
      "severity": "MEDIUM"
    },
    {
      "quarter": "2025-01 (Q1)",
      "signal": "INCREMENTAL MARGIN (YoY)",
      "detail": "YoY Incr OPM: +34.8% vs year-ago OPM: +20.1%",
      "severity": "MEDIUM"
    },
    {
      "quarter": "2024-10 (Q4)",
      "signal": "YoY REVENUE GROWTH DECELERATION",
      "detail": "YoY growth: +8.2% vs prior quarter YoY: +37.3% (decel: -29.0%)",
      "severity": "WARNING"
    },
    {
      "quarter": "2024-10 (Q4)",
      "signal": "INCREMENTAL MARGIN (YoY)",
      "detail": "YoY Incr OPM: +37.8% vs year-ago OPM: +20.2%",
      "severity": "MEDIUM"
    },
    {
      "quarter": "2024-07 (Q3)",
      "signal": "FCF MARGIN EXPANSION",
      "detail": "FCF margin: +13.4% -> +20.0% (+6.5%)",
      "severity": "MEDIUM"
    },
    {
      "quarter": "2024-04 (Q2)",
      "signal": "OPERATING LEVERAGE",
      "detail": "Rev growth +6.6% vs OpEx growth +4.2% (leverage: 1.6x)",
      "severity": "MEDIUM"
    },
    {
      "quarter": "2024-04 (Q2)",
      "signal": "YoY REVENUE GROWTH DECELERATION",
      "detail": "YoY growth: +38.9% vs prior quarter YoY: +44.4% (decel: -5.5%)",
      "severity": "WARNING"
    },
    {
      "quarter": "2024-01 (Q1)",
      "signal": "YoY REVENUE GROWTH DECELERATION",
      "detail": "YoY growth: +44.4% vs prior quarter YoY: +53.6% (decel: -9.2%)",
      "severity": "WARNING"
    },
    {
      "quarter": "2023-10 (Q4)",
      "signal": "YoY REVENUE GROWTH ACCELERATION",
      "detail": "YoY growth: +53.6% vs prior quarter YoY: +26.9% (accel: +26.7%)",
      "severity": "HIGH"
    },
    {
      "quarter": "2023-07 (Q3)",
      "signal": "FCF MARGIN EXPANSION",
      "detail": "FCF margin: +9.7% -> +18.5% (+8.8%)",
      "severity": "MEDIUM"
    },
    {
      "quarter": "2023-01 (Q1)",
      "signal": "YoY REVENUE GROWTH ACCELERATION",
      "detail": "YoY growth: +26.6% vs prior quarter YoY: +19.7% (accel: +7.0%)",
      "severity": "MEDIUM"
    },
    {
      "quarter": "2022-07 (Q3)",
      "signal": "FCF MARGIN EXPANSION",
      "detail": "FCF margin: +16.6% -> +24.8% (+8.2%)",
      "severity": "MEDIUM"
    },
    {
      "quarter": "2022-07 (Q3)",
      "signal": "YoY REVENUE GROWTH ACCELERATION",
      "detail": "YoY growth: +20.7% vs prior quarter YoY: +15.5% (accel: +5.3%)",
      "severity": "MEDIUM"
    },
    {
      "quarter": "2022-04 (Q2)",
      "signal": "OPERATING LEVERAGE",
      "detail": "Rev growth +9.9% vs OpEx growth +6.3% (leverage: 1.6x)",
      "severity": "MEDIUM"
    },
    {
      "quarter": "2022-04 (Q2)",
      "signal": "INCREMENTAL MARGIN (YoY)",
      "detail": "YoY Incr OPM: +36.1% vs year-ago OPM: +20.7%",
      "severity": "MEDIUM"
    },
    {
      "quarter": "2021-07 (Q3)",
      "signal": "OPERATING LEVERAGE",
      "detail": "Rev growth +1.1% vs OpEx growth +0.3% (leverage: 4.1x)",
      "severity": "MEDIUM"
    }
  ],
  "data_quality": {
    "n_quarters": 20,
    "coverage": {
      "revenue": [
        20,
        20
      ],
      "gross_profit": [
        20,
        20
      ],
      "op_income": [
        20,
        20
      ],
      "fcf": [
        20,
        20
      ]
    },
    "gaps": [],
    "warnings": []
  },
  "market_cap": null,
  "source": "SEC EDGAR",
  "last_updated": "2026-02-02T20:00:47.613301"
}