{
  "ticker": "HELE",
  "name": "HELEN OF TROY LIMITED",
  "quarters": [
    {
      "date": "2021-02-28T00:00:00",
      "quarter_label": "2021-02 (Q1)",
      "revenue": 509375000,
      "gross_profit": 230338000,
      "operating_income": 24525000,
      "net_income": 22172000,
      "opex": 205813000,
      "cogs": 279037000,
      "rd": null,
      "sga": 197366000,
      "fcf": 64360000,
      "ocf": 64360000,
      "capex": null,
      "gross_margin": 0.45219730061349694,
      "op_margin": 0.04814723926380368,
      "fcf_margin": 0.12635092024539876
    },
    {
      "date": "2021-05-31T00:00:00",
      "quarter_label": "2021-05 (Q2)",
      "revenue": 541223000,
      "gross_profit": 220592000,
      "operating_income": 64835000,
      "net_income": 56972000,
      "opex": 155757000,
      "cogs": 320631000,
      "rd": null,
      "sga": 155751000,
      "fcf": -63385000,
      "ocf": -63385000,
      "capex": null,
      "gross_margin": 0.4075806091019783,
      "op_margin": 0.1197935047106276,
      "fcf_margin": -0.11711438723040225,
      "op_leverage_ratio": Infinity,
      "fcf_margin_change": -0.24346530747580103
    },
    {
      "date": "2021-08-31T00:00:00",
      "quarter_label": "2021-08 (Q3)",
      "revenue": 475228000,
      "gross_profit": 210588000,
      "operating_income": 67291000,
      "net_income": 51315000,
      "opex": 143297000,
      "cogs": 264640000,
      "rd": null,
      "sga": 142928000,
      "fcf": 5047000,
      "ocf": 5047000,
      "capex": null,
      "gross_margin": 0.44313045527620426,
      "op_margin": 0.14159729645559604,
      "fcf_margin": 0.010620165478465074,
      "fcf_margin_change": 0.12773455270886733
    },
    {
      "date": "2021-11-30T00:00:00",
      "quarter_label": "2021-11 (Q4)",
      "revenue": 624884000,
      "gross_profit": 273833000,
      "operating_income": 90040000,
      "net_income": 75683000,
      "opex": 183793000,
      "cogs": 351051000,
      "rd": null,
      "sga": 183788000,
      "fcf": 53284000,
      "ocf": 53284000,
      "capex": null,
      "gross_margin": 0.43821413254299996,
      "op_margin": 0.1440907432419457,
      "fcf_margin": 0.08527022615397417,
      "op_leverage_ratio": 1.1143383646892766,
      "fcf_margin_change": 0.0746500606755091
    },
    {
      "date": "2022-02-28T00:00:00",
      "quarter_label": "2022-02 (Q1)",
      "revenue": 582020000,
      "gross_profit": 248174000,
      "operating_income": 50384000,
      "net_income": 39794000,
      "opex": 197790000,
      "cogs": 333846000,
      "rd": null,
      "sga": 197790000,
      "fcf": 145877000,
      "ocf": 145877000,
      "capex": null,
      "gross_margin": 0.4264011545994983,
      "op_margin": 0.08656747190818186,
      "fcf_margin": 0.25063915329370123,
      "incr_op_margin_yoy": 0.3559639342005644,
      "rev_growth_yoy": 0.1426159509202454,
      "fcf_margin_change": 0.16536892713972706
    },
    {
      "date": "2022-05-31T00:00:00",
      "quarter_label": "2022-05 (Q2)",
      "revenue": 508078000,
      "gross_profit": 211171000,
      "operating_income": 33939000,
      "net_income": 24595000,
      "opex": 177232000,
      "cogs": 296907000,
      "rd": null,
      "sga": 177230000,
      "fcf": -38428000,
      "ocf": -38428000,
      "capex": null,
      "gross_margin": 0.4156271281181236,
      "op_margin": 0.0667987986096623,
      "fcf_margin": -0.07563405618822307,
      "incr_op_margin_yoy": 0.9321466284507467,
      "rev_growth_yoy": -0.06124093026349582,
      "rev_growth_yoy_accel": -0.20385688118374123,
      "fcf_margin_change": -0.3262732094819243
    },
    {
      "date": "2022-08-31T00:00:00",
      "quarter_label": "2022-08 (Q3)",
      "revenue": 521400000,
      "gross_profit": 221446000,
      "operating_income": 46946000,
      "net_income": 30672000,
      "opex": 174500000,
      "cogs": 299954000,
      "rd": null,
      "sga": 169724000,
      "fcf": -37024000,
      "ocf": -37024000,
      "capex": null,
      "gross_margin": 0.4247142309167626,
      "op_margin": 0.09003835826620636,
      "fcf_margin": -0.07100882240122747,
      "incr_op_margin_yoy": -0.44063501689335527,
      "rev_growth_yoy": 0.09715757489036841,
      "rev_growth_yoy_accel": 0.15839850515386422,
      "op_leverage_ratio": Infinity,
      "fcf_margin_change": 0.0046252337869956
    },
    {
      "date": "2022-11-30T00:00:00",
      "quarter_label": "2022-11 (Q4)",
      "revenue": 558606000,
      "gross_profit": 256676000,
      "operating_income": 77193000,
      "net_income": 51826000,
      "opex": 179483000,
      "cogs": 301930000,
      "rd": null,
      "sga": 169020000,
      "fcf": 124975000,
      "ocf": 124975000,
      "capex": null,
      "gross_margin": 0.45949381138047213,
      "op_margin": 0.13818863384926047,
      "fcf_margin": 0.22372656219231443,
      "incr_op_margin_yoy": 0.19383505839041612,
      "rev_growth_yoy": -0.10606448556852152,
      "rev_growth_yoy_accel": -0.20322206045888994,
      "op_leverage_ratio": 2.498886317045273,
      "fcf_margin_change": 0.29473538459354187
    },
    {
      "date": "2023-02-28T00:00:00",
      "quarter_label": "2023-02 (Q1)",
      "revenue": 484583000,
      "gross_profit": 210058000,
      "operating_income": 53713000,
      "net_income": 36180000,
      "opex": 156345000,
      "cogs": 274525000,
      "rd": null,
      "sga": 144224000,
      "fcf": 158719000,
      "ocf": 158719000,
      "capex": null,
      "gross_margin": 0.43348198347857847,
      "op_margin": 0.1108437563843552,
      "fcf_margin": 0.3275372846344176,
      "incr_op_margin_yoy": -0.034165666020095034,
      "rev_growth_yoy": -0.167411772791313,
      "rev_growth_yoy_accel": -0.06134728722279148,
      "fcf_margin_change": 0.10381072244210318
    },
    {
      "date": "2023-05-31T00:00:00",
      "quarter_label": "2023-05 (Q2)",
      "revenue": 474672000,
      "gross_profit": 215631000,
      "operating_income": 40641000,
      "net_income": 22581000,
      "opex": 174990000,
      "cogs": 259041000,
      "rd": null,
      "sga": 167635000,
      "fcf": 121056000,
      "ocf": 121056000,
      "capex": null,
      "gross_margin": 0.45427368793609063,
      "op_margin": 0.08561912225705329,
      "fcf_margin": 0.25503084235008594,
      "incr_op_margin_yoy": -0.2006226426390469,
      "rev_growth_yoy": -0.06574974708607734,
      "rev_growth_yoy_accel": 0.10166202570523566,
      "fcf_margin_change": -0.07250644228433167
    },
    {
      "date": "2023-08-31T00:00:00",
      "quarter_label": "2023-08 (Q3)",
      "revenue": 491563000,
      "gross_profit": 229653000,
      "operating_income": 46845000,
      "net_income": 27381000,
      "opex": 182808000,
      "cogs": 261910000,
      "rd": null,
      "sga": 179191000,
      "fcf": 36676000,
      "ocf": 36676000,
      "capex": null,
      "gross_margin": 0.4671893531449682,
      "op_margin": 0.09529805945524786,
      "fcf_margin": 0.07461098577394963,
      "incr_op_margin_yoy": 0.0033850588195864194,
      "rev_growth_yoy": -0.057224779439969314,
      "rev_growth_yoy_accel": 0.008524967646108023,
      "op_leverage_ratio": 0.7964881387675389,
      "fcf_margin_change": -0.1804198565761363
    },
    {
      "date": "2023-11-30T00:00:00",
      "quarter_label": "2023-11 (Q4)",
      "revenue": 549614000,
      "gross_profit": 263781000,
      "operating_income": 106927000,
      "net_income": 75898000,
      "opex": 156854000,
      "cogs": 285833000,
      "rd": null,
      "sga": 152964000,
      "fcf": 74727000,
      "ocf": 74727000,
      "capex": null,
      "gross_margin": 0.4799386478510373,
      "op_margin": 0.19454926548450366,
      "fcf_margin": 0.13596269381784307,
      "incr_op_margin_yoy": -3.306717081850534,
      "rev_growth_yoy": -0.01609721342055044,
      "rev_growth_yoy_accel": 0.041127566019418874,
      "op_leverage_ratio": Infinity,
      "fcf_margin_change": 0.061351708043893435
    },
    {
      "date": "2024-02-29T00:00:00",
      "quarter_label": "2024-02 (Q1)",
      "revenue": 489201000,
      "gross_profit": 239595000,
      "operating_income": 66176000,
      "net_income": 42734000,
      "opex": 173419000,
      "cogs": 249606000,
      "rd": null,
      "sga": 169569000,
      "fcf": 73608000,
      "ocf": 73608000,
      "capex": null,
      "gross_margin": 0.4897680094685007,
      "op_margin": 0.13527364007841358,
      "fcf_margin": 0.1504657594731,
      "incr_op_margin_yoy": 2.698787353832828,
      "rev_growth_yoy": 0.009529843184758854,
      "rev_growth_yoy_accel": 0.025627056605309294,
      "fcf_margin_change": 0.014503065655256941
    },
    {
      "date": "2024-05-31T00:00:00",
      "quarter_label": "2024-05 (Q2)",
      "revenue": 416847000,
      "gross_profit": 203079000,
      "operating_income": 30763000,
      "net_income": 6204000,
      "opex": 172316000,
      "cogs": 213768000,
      "rd": null,
      "sga": 170481000,
      "fcf": 25320000,
      "ocf": 25320000,
      "capex": null,
      "gross_margin": 0.4871787490374166,
      "op_margin": 0.07379925968041032,
      "fcf_margin": 0.06074171098748462,
      "incr_op_margin_yoy": 0.17082576740164288,
      "rev_growth_yoy": -0.12182096268581252,
      "rev_growth_yoy_accel": -0.13135080587057138,
      "fcf_margin_change": -0.08972404848561538
    },
    {
      "date": "2024-08-31T00:00:00",
      "quarter_label": "2024-08 (Q3)",
      "revenue": 474221000,
      "gross_profit": 216070000,
      "operating_income": 34852000,
      "net_income": 17014000,
      "opex": 181218000,
      "cogs": 258151000,
      "rd": null,
      "sga": 179692000,
      "fcf": 44596000,
      "ocf": 44596000,
      "capex": null,
      "gross_margin": 0.4556314460979164,
      "op_margin": 0.07349316036194095,
      "fcf_margin": 0.09404054227881094,
      "incr_op_margin_yoy": 0.691558067120286,
      "rev_growth_yoy": -0.03527930295811524,
      "rev_growth_yoy_accel": 0.08654165972769728,
      "op_leverage_ratio": 2.6642591352919434,
      "fcf_margin_change": 0.03329883129132632
    },
    {
      "date": "2024-11-30T00:00:00",
      "quarter_label": "2024-11 (Q4)",
      "revenue": 530706000,
      "gross_profit": 259328000,
      "operating_income": 75118000,
      "net_income": 49616000,
      "opex": 184210000,
      "cogs": 271378000,
      "rd": null,
      "sga": 180692000,
      "fcf": 8320000,
      "ocf": 8320000,
      "capex": null,
      "gross_margin": 0.48864719826043046,
      "op_margin": 0.1415435288087943,
      "fcf_margin": 0.015677229954061195,
      "incr_op_margin_yoy": 1.6823037867569284,
      "rev_growth_yoy": -0.03440232599606269,
      "rev_growth_yoy_accel": 0.0008769769620525503,
      "op_leverage_ratio": 7.214265063434683,
      "fcf_margin_change": -0.07836331232474975
    },
    {
      "date": "2025-02-28T00:00:00",
      "quarter_label": "2025-02 (Q1)",
      "revenue": 485891000,
      "gross_profit": 235929000,
      "operating_income": 2015000,
      "net_income": 50917000,
      "opex": 233914000,
      "cogs": 249962000,
      "rd": null,
      "sga": 174516000,
      "fcf": 34977000,
      "ocf": 34977000,
      "capex": null,
      "gross_margin": 0.4855595184928307,
      "op_margin": 0.004147020628083253,
      "fcf_margin": 0.07198528064936374,
      "incr_op_margin_yoy": 19.383987915407854,
      "rev_growth_yoy": -0.006766134983370843,
      "rev_growth_yoy_accel": 0.027636191012691845,
      "fcf_margin_change": 0.05630805069530255
    },
    {
      "date": "2025-05-31T00:00:00",
      "quarter_label": "2025-05 (Q2)",
      "revenue": 371655000,
      "gross_profit": 175011000,
      "operating_income": -407038000,
      "net_income": -450718000,
      "opex": 582049000,
      "cogs": 196644000,
      "rd": null,
      "sga": 167664000,
      "fcf": 58338000,
      "ocf": 58338000,
      "capex": null,
      "gross_margin": 0.47089639585099086,
      "op_margin": -1.0952038853237545,
      "fcf_margin": 0.15696815595108365,
      "incr_op_margin_yoy": 9.687577447335812,
      "rev_growth_yoy": -0.10841387847339672,
      "rev_growth_yoy_accel": -0.10164774349002587,
      "fcf_margin_change": 0.08498287530171991
    },
    {
      "date": "2025-08-31T00:00:00",
      "quarter_label": "2025-08 (Q3)",
      "revenue": 431781000,
      "gross_profit": 190681000,
      "operating_income": -315717000,
      "net_income": -308643000,
      "opex": 506398000,
      "cogs": 241100000,
      "rd": null,
      "sga": 176999000,
      "fcf": -10470000,
      "ocf": -10470000,
      "capex": null,
      "gross_margin": 0.44161507801408584,
      "op_margin": -0.7311970651788754,
      "fcf_margin": -0.024248403704655832,
      "incr_op_margin_yoy": 8.260344015080113,
      "rev_growth_yoy": -0.0894941388086989,
      "rev_growth_yoy_accel": 0.018919739664697816,
      "op_leverage_ratio": Infinity,
      "fcf_margin_change": -0.1812165596557395
    },
    {
      "date": "2025-11-30T00:00:00",
      "quarter_label": "2025-11 (Q4)",
      "revenue": 512829000,
      "gross_profit": 240344000,
      "operating_income": -8370000,
      "net_income": -84056000,
      "opex": 248714000,
      "cogs": 272485000,
      "rd": null,
      "sga": 182808000,
      "fcf": 11945000,
      "ocf": 11945000,
      "capex": null,
      "gross_margin": 0.468663043626628,
      "op_margin": -0.016321229883645427,
      "fcf_margin": 0.023292364511367337,
      "incr_op_margin_yoy": 4.670134810091179,
      "rev_growth_yoy": -0.03368531729432115,
      "rev_growth_yoy_accel": 0.05580882151437775,
      "op_leverage_ratio": Infinity,
      "fcf_margin_change": 0.04754076821602317
    }
  ],
  "signals": [
    {
      "quarter": "2025-11 (Q4)",
      "signal": "FCF TURNED POSITIVE",
      "detail": "FCF margin: -2.4% -> +2.3%",
      "severity": "HIGH"
    },
    {
      "quarter": "2025-11 (Q4)",
      "signal": "GROSS MARGIN INFLECTION",
      "detail": "GM: +47.1% -> +44.2% -> +46.9% (reversal +2.7%)",
      "severity": "MEDIUM"
    },
    {
      "quarter": "2025-11 (Q4)",
      "signal": "YoY REVENUE GROWTH ACCELERATION",
      "detail": "YoY growth: -3.4% vs prior quarter YoY: -8.9% (accel: +5.6%)",
      "severity": "MEDIUM"
    },
    {
      "quarter": "2025-05 (Q2)",
      "signal": "FCF MARGIN EXPANSION",
      "detail": "FCF margin: +7.2% -> +15.7% (+8.5%)",
      "severity": "MEDIUM"
    },
    {
      "quarter": "2025-05 (Q2)",
      "signal": "YoY REVENUE GROWTH DECELERATION",
      "detail": "YoY growth: -10.8% vs prior quarter YoY: -0.7% (decel: -10.2%)",
      "severity": "WARNING"
    },
    {
      "quarter": "2025-02 (Q1)",
      "signal": "FCF MARGIN EXPANSION",
      "detail": "FCF margin: +1.6% -> +7.2% (+5.6%)",
      "severity": "MEDIUM"
    },
    {
      "quarter": "2025-02 (Q1)",
      "signal": "INCREMENTAL MARGIN (YoY)",
      "detail": "YoY Incr OPM: +1938.4% vs year-ago OPM: +13.5%",
      "severity": "HIGH"
    },
    {
      "quarter": "2024-11 (Q4)",
      "signal": "OPERATING LEVERAGE",
      "detail": "Rev growth +11.9% vs OpEx growth +1.7% (leverage: 7.2x)",
      "severity": "MEDIUM"
    },
    {
      "quarter": "2024-11 (Q4)",
      "signal": "GROSS MARGIN INFLECTION",
      "detail": "GM: +48.7% -> +45.6% -> +48.9% (reversal +3.3%)",
      "severity": "MEDIUM"
    },
    {
      "quarter": "2024-11 (Q4)",
      "signal": "INCREMENTAL MARGIN (YoY)",
      "detail": "YoY Incr OPM: +168.2% vs year-ago OPM: +19.5%",
      "severity": "HIGH"
    },
    {
      "quarter": "2024-08 (Q3)",
      "signal": "OPERATING LEVERAGE",
      "detail": "Rev growth +13.8% vs OpEx growth +5.2% (leverage: 2.7x)",
      "severity": "MEDIUM"
    },
    {
      "quarter": "2024-08 (Q3)",
      "signal": "YoY REVENUE GROWTH ACCELERATION",
      "detail": "YoY growth: -3.5% vs prior quarter YoY: -12.2% (accel: +8.7%)",
      "severity": "MEDIUM"
    },
    {
      "quarter": "2024-08 (Q3)",
      "signal": "INCREMENTAL MARGIN (YoY)",
      "detail": "YoY Incr OPM: +69.2% vs year-ago OPM: +9.5%",
      "severity": "HIGH"
    },
    {
      "quarter": "2024-05 (Q2)",
      "signal": "YoY REVENUE GROWTH DECELERATION",
      "detail": "YoY growth: -12.2% vs prior quarter YoY: +1.0% (decel: -13.1%)",
      "severity": "WARNING"
    },
    {
      "quarter": "2024-02 (Q1)",
      "signal": "INCREMENTAL MARGIN (YoY)",
      "detail": "YoY Incr OPM: +269.9% vs year-ago OPM: +11.1%",
      "severity": "HIGH"
    },
    {
      "quarter": "2023-11 (Q4)",
      "signal": "FCF MARGIN EXPANSION",
      "detail": "FCF margin: +7.5% -> +13.6% (+6.1%)",
      "severity": "MEDIUM"
    },
    {
      "quarter": "2023-05 (Q2)",
      "signal": "GROSS MARGIN INFLECTION",
      "detail": "GM: +45.9% -> +43.3% -> +45.4% (reversal +2.1%)",
      "severity": "MEDIUM"
    },
    {
      "quarter": "2023-05 (Q2)",
      "signal": "YoY REVENUE GROWTH ACCELERATION",
      "detail": "YoY growth: -6.6% vs prior quarter YoY: -16.7% (accel: +10.2%)",
      "severity": "MEDIUM"
    },
    {
      "quarter": "2023-02 (Q1)",
      "signal": "FCF MARGIN EXPANSION",
      "detail": "FCF margin: +22.4% -> +32.8% (+10.4%)",
      "severity": "MEDIUM"
    },
    {
      "quarter": "2023-02 (Q1)",
      "signal": "YoY REVENUE GROWTH DECELERATION",
      "detail": "YoY growth: -16.7% vs prior quarter YoY: -10.6% (decel: -6.1%)",
      "severity": "WARNING"
    },
    {
      "quarter": "2022-11 (Q4)",
      "signal": "FCF TURNED POSITIVE",
      "detail": "FCF margin: -7.1% -> +22.4%",
      "severity": "HIGH"
    },
    {
      "quarter": "2022-11 (Q4)",
      "signal": "OPERATING LEVERAGE",
      "detail": "Rev growth +7.1% vs OpEx growth +2.9% (leverage: 2.5x)",
      "severity": "MEDIUM"
    },
    {
      "quarter": "2022-11 (Q4)",
      "signal": "YoY REVENUE GROWTH DECELERATION",
      "detail": "YoY growth: -10.6% vs prior quarter YoY: +9.7% (decel: -20.3%)",
      "severity": "WARNING"
    },
    {
      "quarter": "2022-08 (Q3)",
      "signal": "YoY REVENUE GROWTH ACCELERATION",
      "detail": "YoY growth: +9.7% vs prior quarter YoY: -6.1% (accel: +15.8%)",
      "severity": "HIGH"
    },
    {
      "quarter": "2022-05 (Q2)",
      "signal": "YoY REVENUE GROWTH DECELERATION",
      "detail": "YoY growth: -6.1% vs prior quarter YoY: +14.3% (decel: -20.4%)",
      "severity": "WARNING"
    },
    {
      "quarter": "2022-05 (Q2)",
      "signal": "INCREMENTAL MARGIN (YoY)",
      "detail": "YoY Incr OPM: +93.2% vs year-ago OPM: +12.0%",
      "severity": "HIGH"
    },
    {
      "quarter": "2022-02 (Q1)",
      "signal": "FCF MARGIN EXPANSION",
      "detail": "FCF margin: +8.5% -> +25.1% (+16.5%)",
      "severity": "MEDIUM"
    },
    {
      "quarter": "2022-02 (Q1)",
      "signal": "INCREMENTAL MARGIN (YoY)",
      "detail": "YoY Incr OPM: +35.6% vs year-ago OPM: +4.8%",
      "severity": "HIGH"
    },
    {
      "quarter": "2021-11 (Q4)",
      "signal": "FCF MARGIN EXPANSION",
      "detail": "FCF margin: +1.1% -> +8.5% (+7.5%)",
      "severity": "MEDIUM"
    },
    {
      "quarter": "2021-08 (Q3)",
      "signal": "FCF TURNED POSITIVE",
      "detail": "FCF margin: -11.7% -> +1.1%",
      "severity": "HIGH"
    },
    {
      "quarter": "2021-08 (Q3)",
      "signal": "GROSS MARGIN INFLECTION",
      "detail": "GM: +45.2% -> +40.8% -> +44.3% (reversal +3.6%)",
      "severity": "MEDIUM"
    }
  ],
  "data_quality": {
    "n_quarters": 20,
    "coverage": {
      "revenue": [
        20,
        20
      ],
      "gross_profit": [
        20,
        20
      ],
      "op_income": [
        20,
        20
      ],
      "fcf": [
        20,
        20
      ]
    },
    "gaps": [],
    "warnings": []
  },
  "market_cap": null,
  "source": "SEC EDGAR",
  "last_updated": "2026-02-02T22:33:41.434932",
  "sector": "Consumer Defensive",
  "industry": "Household & Personal Products"
}