{
  "ticker": "HFFG",
  "name": "HF FOODS GROUP INC.",
  "quarters": [
    {
      "date": "2020-12-31T00:00:00",
      "quarter_label": "2020-12 (Q4)",
      "revenue": 146548701,
      "gross_profit": 25540896,
      "operating_income": -1035916,
      "net_income": 1592590,
      "opex": 26576812,
      "cogs": 121007805,
      "rd": null,
      "sga": 26576812,
      "fcf": -19712,
      "ocf": 234000,
      "capex": -253712,
      "gross_margin": 0.1742826502433481,
      "op_margin": -0.007068749111600791,
      "fcf_margin": -0.0001345081864628742
    },
    {
      "date": "2021-03-31T00:00:00",
      "quarter_label": "2021-03 (Q1)",
      "revenue": 159381828,
      "gross_profit": 29429591,
      "operating_income": 1302096,
      "net_income": 1522932,
      "opex": 28127495,
      "cogs": 129952237,
      "rd": null,
      "sga": 28127495,
      "fcf": 10555000,
      "ocf": 11003000,
      "capex": -448000,
      "gross_margin": 0.18464834648527184,
      "op_margin": 0.008169664110013847,
      "fcf_margin": 0.06622461376211597,
      "op_leverage_ratio": 1.5008261131061458,
      "fcf_margin_change": 0.06635912194857885
    },
    {
      "date": "2021-06-30T00:00:00",
      "quarter_label": "2021-06 (Q2)",
      "revenue": 193546236,
      "gross_profit": 35134304,
      "operating_income": 5230545,
      "net_income": 3596596,
      "opex": 29903759,
      "cogs": 158411932,
      "rd": null,
      "sga": 29903759,
      "fcf": 2940000,
      "ocf": 3156000,
      "capex": -216000,
      "gross_margin": 0.18152925484947174,
      "op_margin": 0.027024782853436635,
      "fcf_margin": 0.015190168823536306,
      "op_leverage_ratio": 3.3943657631808803,
      "fcf_margin_change": -0.051034444938579664
    },
    {
      "date": "2021-09-30T00:00:00",
      "quarter_label": "2021-09 (Q3)",
      "revenue": 215542049,
      "gross_profit": 41911968,
      "operating_income": 10939949,
      "net_income": 7851767,
      "opex": 30972019,
      "cogs": 173630081,
      "rd": null,
      "sga": 30972019,
      "fcf": -3683000,
      "ocf": -2826000,
      "capex": -857000,
      "gross_margin": 0.1944491489918053,
      "op_margin": 0.05075552102596927,
      "fcf_margin": -0.017087153142911805,
      "op_leverage_ratio": 3.1812961953911265,
      "fcf_margin_change": -0.032277321966448114
    },
    {
      "date": "2021-12-31T00:00:00",
      "quarter_label": "2021-12 (Q4)",
      "revenue": 228413887,
      "gross_profit": 45036137,
      "operating_income": 12009410,
      "net_income": 9173705,
      "opex": 33026727,
      "cogs": 183377750,
      "rd": null,
      "sga": 33026727,
      "fcf": 5492000,
      "ocf": 6176000,
      "capex": -684000,
      "gross_margin": 0.19716899699710463,
      "op_margin": 0.052577407432324814,
      "fcf_margin": 0.02404407224154458,
      "incr_op_margin_yoy": 0.1593513267043698,
      "rev_growth_yoy": 0.5586210279680336,
      "op_leverage_ratio": 0.9001771058508123,
      "fcf_margin_change": 0.041131225384456384
    },
    {
      "date": "2022-03-31T00:00:00",
      "quarter_label": "2022-03 (Q1)",
      "revenue": 278215000,
      "gross_profit": 50727000,
      "operating_income": 10319000,
      "net_income": 3114000,
      "opex": 40408000,
      "cogs": 227488000,
      "rd": null,
      "sga": 40408000,
      "fcf": 7441000,
      "ocf": 10113000,
      "capex": -2672000,
      "gross_margin": 0.1823302122459249,
      "op_margin": 0.037090020308035154,
      "fcf_margin": 0.026745502578940747,
      "incr_op_margin_yoy": 0.0758786780512768,
      "rev_growth_yoy": 0.7455879600025669,
      "rev_growth_yoy_accel": 0.1869669320345333,
      "op_leverage_ratio": 0.9755528742488214,
      "fcf_margin_change": 0.0027014303373961678
    },
    {
      "date": "2022-06-30T00:00:00",
      "quarter_label": "2022-06 (Q2)",
      "revenue": 299642000,
      "gross_profit": 52570000,
      "operating_income": 6727000,
      "net_income": 4564000,
      "opex": 45843000,
      "cogs": 247072000,
      "rd": null,
      "sga": 45843000,
      "fcf": 2189000,
      "ocf": 3545000,
      "capex": -1356000,
      "gross_margin": 0.17544269494930617,
      "op_margin": 0.02245012381441854,
      "fcf_margin": 0.007305384425414328,
      "incr_op_margin_yoy": 0.014104757283240827,
      "rev_growth_yoy": 0.5481675396673692,
      "rev_growth_yoy_accel": -0.1974204203351977,
      "op_leverage_ratio": 0.5725964291910144,
      "fcf_margin_change": -0.01944011815352642
    },
    {
      "date": "2022-09-30T00:00:00",
      "quarter_label": "2022-09 (Q3)",
      "revenue": 300711000,
      "gross_profit": 51493000,
      "operating_income": -3096000,
      "net_income": -3864000,
      "opex": 54589000,
      "cogs": 249218000,
      "rd": null,
      "sga": 54589000,
      "fcf": -8443000,
      "ocf": -6726000,
      "capex": -1717000,
      "gross_margin": 0.17123750045724964,
      "op_margin": -0.010295599429352435,
      "fcf_margin": -0.0280767913378626,
      "incr_op_margin_yoy": -0.1648012431196904,
      "rev_growth_yoy": 0.395138449296267,
      "rev_growth_yoy_accel": -0.15302909037110218,
      "fcf_margin_change": -0.03538217576327693
    },
    {
      "date": "2022-12-31T00:00:00",
      "quarter_label": "2022-12 (Q4)",
      "revenue": 291899000,
      "gross_profit": 50722000,
      "operating_income": -3391000,
      "net_income": -3354000,
      "opex": 54113000,
      "cogs": 241177000,
      "rd": null,
      "sga": 54113000,
      "fcf": 27922000,
      "ocf": 28464000,
      "capex": -542000,
      "gross_margin": 0.1737655833010733,
      "op_margin": -0.011617031918574576,
      "fcf_margin": 0.09565637429384821,
      "incr_op_margin_yoy": -0.24258301312309233,
      "rev_growth_yoy": 0.27793893722407514,
      "rev_growth_yoy_accel": -0.11719951207219187,
      "fcf_margin_change": 0.12373316563171081
    },
    {
      "date": "2023-03-31T00:00:00",
      "quarter_label": "2023-03 (Q1)",
      "revenue": 293855000,
      "gross_profit": 50172000,
      "operating_income": -2757000,
      "net_income": -5933000,
      "opex": 52929000,
      "cogs": 243683000,
      "rd": null,
      "sga": 52929000,
      "fcf": 11941000,
      "ocf": 12570000,
      "capex": -629000,
      "gross_margin": 0.17073726838066394,
      "op_margin": -0.009382178285208691,
      "fcf_margin": 0.0406356876690885,
      "incr_op_margin_yoy": -0.8360613810741688,
      "rev_growth_yoy": 0.056215516776593644,
      "rev_growth_yoy_accel": -0.2217234204474815,
      "fcf_margin_change": -0.055020686624759715
    },
    {
      "date": "2023-06-30T00:00:00",
      "quarter_label": "2023-06 (Q2)",
      "revenue": 292312000,
      "gross_profit": 50666000,
      "operating_income": -1577000,
      "net_income": -850000,
      "opex": 52243000,
      "cogs": 241646000,
      "rd": null,
      "sga": 52243000,
      "fcf": -4731000,
      "ocf": -3838000,
      "capex": -893000,
      "gross_margin": 0.17332849831686692,
      "op_margin": -0.005394920495908481,
      "fcf_margin": -0.016184761487725446,
      "incr_op_margin_yoy": 1.1328785811732607,
      "rev_growth_yoy": -0.024462525280167666,
      "rev_growth_yoy_accel": -0.08067804205676131,
      "fcf_margin_change": -0.056820449156813946
    },
    {
      "date": "2023-09-30T00:00:00",
      "quarter_label": "2023-09 (Q3)",
      "revenue": 281453000,
      "gross_profit": 50925000,
      "operating_income": 2084000,
      "net_income": 1884000,
      "opex": 48841000,
      "cogs": 230528000,
      "rd": null,
      "sga": 48841000,
      "fcf": 9919000,
      "ocf": 11892000,
      "capex": -1973000,
      "gross_margin": 0.18093607103139778,
      "op_margin": 0.007404433422276544,
      "fcf_margin": 0.03524211857752449,
      "incr_op_margin_yoy": -0.2689791255582096,
      "rev_growth_yoy": -0.06404155484834276,
      "rev_growth_yoy_accel": -0.03957902956817509,
      "fcf_margin_change": 0.05142688006524994
    },
    {
      "date": "2023-12-31T00:00:00",
      "quarter_label": "2023-12 (Q4)",
      "revenue": 280873000,
      "gross_profit": 52268000,
      "operating_income": 11219000,
      "net_income": 2725000,
      "opex": 41049000,
      "cogs": 228605000,
      "rd": null,
      "sga": 41049000,
      "fcf": -22291000,
      "ocf": -22272000,
      "capex": -19000,
      "gross_margin": 0.18609122272343728,
      "op_margin": 0.03994331957859958,
      "fcf_margin": -0.0793632709445194,
      "incr_op_margin_yoy": -1.325049882096862,
      "rev_growth_yoy": -0.03777333940849403,
      "rev_growth_yoy_accel": 0.026268215439848724,
      "fcf_margin_change": -0.1146053895220439
    },
    {
      "date": "2024-03-31T00:00:00",
      "quarter_label": "2024-03 (Q1)",
      "revenue": 295654000,
      "gross_profit": 50411000,
      "operating_income": -85000,
      "net_income": -694000,
      "opex": 50496000,
      "cogs": 245243000,
      "rd": null,
      "sga": 50496000,
      "fcf": 8639000,
      "ocf": 11224000,
      "capex": -2585000,
      "gross_margin": 0.17050674098777624,
      "op_margin": -0.00028749822427567357,
      "fcf_margin": 0.029219966582559345,
      "incr_op_margin_yoy": 1.4852695942190106,
      "rev_growth_yoy": 0.006122067005836212,
      "rev_growth_yoy_accel": 0.04389540641433025,
      "op_leverage_ratio": 0.22866647151305666,
      "fcf_margin_change": 0.10858323752707875
    },
    {
      "date": "2024-06-30T00:00:00",
      "quarter_label": "2024-06 (Q2)",
      "revenue": 302342000,
      "gross_profit": 52465000,
      "operating_income": 2625000,
      "net_income": 17000,
      "opex": 49840000,
      "cogs": 249877000,
      "rd": null,
      "sga": 49840000,
      "fcf": -13029000,
      "ocf": -9283000,
      "capex": -3746000,
      "gross_margin": 0.17352865298238418,
      "op_margin": 0.008682220796316753,
      "fcf_margin": -0.0430935827638899,
      "incr_op_margin_yoy": 0.4189431704885344,
      "rev_growth_yoy": 0.034312652234598645,
      "rev_growth_yoy_accel": 0.028190585228762433,
      "op_leverage_ratio": Infinity,
      "fcf_margin_change": -0.07231354934644925
    },
    {
      "date": "2024-09-30T00:00:00",
      "quarter_label": "2024-09 (Q3)",
      "revenue": 298389000,
      "gross_profit": 50163000,
      "operating_income": 511000,
      "net_income": -3940000,
      "opex": 49652000,
      "cogs": 248226000,
      "rd": null,
      "sga": 49652000,
      "fcf": -820000,
      "ocf": 2284000,
      "capex": -3104000,
      "gross_margin": 0.16811276555100893,
      "op_margin": 0.0017125296173786566,
      "fcf_margin": -0.0027480905797465723,
      "incr_op_margin_yoy": -0.09287907416154936,
      "rev_growth_yoy": 0.060173457024796324,
      "rev_growth_yoy_accel": 0.02586080479019768,
      "fcf_margin_change": 0.04034549218414333
    },
    {
      "date": "2024-12-31T00:00:00",
      "quarter_label": "2024-12 (Q4)",
      "revenue": 305282000,
      "gross_profit": 52155000,
      "operating_income": -42186000,
      "net_income": -43894000,
      "opex": 94341000,
      "cogs": 253127000,
      "rd": null,
      "sga": 48038000,
      "fcf": 15299000,
      "ocf": 18411000,
      "capex": -3112000,
      "gross_margin": 0.17084204112918547,
      "op_margin": -0.13818698776868601,
      "fcf_margin": 0.05011432052987074,
      "incr_op_margin_yoy": -2.1879224876070302,
      "rev_growth_yoy": 0.08690404560068074,
      "rev_growth_yoy_accel": 0.026730588575884416,
      "op_leverage_ratio": 0.025666200324252354,
      "fcf_margin_change": 0.05286241110961731
    },
    {
      "date": "2025-03-31T00:00:00",
      "quarter_label": "2025-03 (Q1)",
      "revenue": 298428000,
      "gross_profit": 50959000,
      "operating_income": 1154000,
      "net_income": -1645000,
      "opex": 49805000,
      "cogs": 247469000,
      "rd": null,
      "sga": 49805000,
      "fcf": 3374000,
      "ocf": 6948000,
      "capex": -3574000,
      "gross_margin": 0.17075810580776601,
      "op_margin": 0.003866929376600051,
      "fcf_margin": 0.011305909633144344,
      "incr_op_margin_yoy": 0.446647440519106,
      "rev_growth_yoy": 0.009382589107537866,
      "rev_growth_yoy_accel": -0.07752145649314288,
      "fcf_margin_change": -0.038808410896726396
    },
    {
      "date": "2025-06-30T00:00:00",
      "quarter_label": "2025-06 (Q2)",
      "revenue": 314853000,
      "gross_profit": 55132000,
      "operating_income": 4119000,
      "net_income": 1216000,
      "opex": 51013000,
      "cogs": 259721000,
      "rd": null,
      "sga": 51013000,
      "fcf": 363000,
      "ocf": 3520000,
      "capex": -3157000,
      "gross_margin": 0.17510393739300562,
      "op_margin": 0.01308229554744595,
      "fcf_margin": 0.0011529189812388638,
      "incr_op_margin_yoy": 0.11941491487491009,
      "rev_growth_yoy": 0.04138029119341673,
      "rev_growth_yoy_accel": 0.03199770208587886,
      "op_leverage_ratio": 2.2691950106638257,
      "fcf_margin_change": -0.01015299065190548
    },
    {
      "date": "2025-09-30T00:00:00",
      "quarter_label": "2025-09 (Q3)",
      "revenue": 306978000,
      "gross_profit": 50409000,
      "operating_income": 1120000,
      "net_income": -1116000,
      "opex": 49289000,
      "cogs": 256569000,
      "rd": null,
      "sga": 49289000,
      "fcf": -9268000,
      "ocf": -5985000,
      "capex": -3283000,
      "gross_margin": 0.16421046459355393,
      "op_margin": 0.003648469922926073,
      "fcf_margin": -0.030191088612213254,
      "incr_op_margin_yoy": 0.07090464547677261,
      "rev_growth_yoy": 0.028784573157857696,
      "rev_growth_yoy_accel": -0.01259571803555903,
      "fcf_margin_change": -0.031344007593452114
    }
  ],
  "signals": [
    {
      "quarter": "2025-06 (Q2)",
      "signal": "OPERATING LEVERAGE",
      "detail": "Rev growth +5.5% vs OpEx growth +2.4% (leverage: 2.3x)",
      "severity": "MEDIUM"
    },
    {
      "quarter": "2025-06 (Q2)",
      "signal": "INCREMENTAL MARGIN (YoY)",
      "detail": "YoY Incr OPM: +11.9% vs year-ago OPM: +0.9%",
      "severity": "MEDIUM"
    },
    {
      "quarter": "2025-03 (Q1)",
      "signal": "YoY REVENUE GROWTH DECELERATION",
      "detail": "YoY growth: +0.9% vs prior quarter YoY: +8.7% (decel: -7.8%)",
      "severity": "WARNING"
    },
    {
      "quarter": "2025-03 (Q1)",
      "signal": "OP MARGIN TURNED POSITIVE (YoY)",
      "detail": "Op margin: -0.0% (year-ago) -> +0.4%",
      "severity": "HIGH"
    },
    {
      "quarter": "2025-03 (Q1)",
      "signal": "OP MARGIN TURNED POSITIVE (QoQ)",
      "detail": "Op margin: -13.8% -> +0.4%",
      "severity": "HIGH"
    },
    {
      "quarter": "2024-12 (Q4)",
      "signal": "FCF TURNED POSITIVE",
      "detail": "FCF margin: -0.3% -> +5.0%",
      "severity": "HIGH"
    },
    {
      "quarter": "2024-06 (Q2)",
      "signal": "OP MARGIN TURNED POSITIVE (YoY)",
      "detail": "Op margin: -0.5% (year-ago) -> +0.9%",
      "severity": "HIGH"
    },
    {
      "quarter": "2024-06 (Q2)",
      "signal": "OP MARGIN TURNED POSITIVE (QoQ)",
      "detail": "Op margin: -0.0% -> +0.9%",
      "severity": "HIGH"
    },
    {
      "quarter": "2024-03 (Q1)",
      "signal": "FCF TURNED POSITIVE",
      "detail": "FCF margin: -7.9% -> +2.9%",
      "severity": "HIGH"
    },
    {
      "quarter": "2023-12 (Q4)",
      "signal": "OP MARGIN TURNED POSITIVE (YoY)",
      "detail": "Op margin: -1.2% (year-ago) -> +4.0%",
      "severity": "HIGH"
    },
    {
      "quarter": "2023-09 (Q3)",
      "signal": "FCF TURNED POSITIVE",
      "detail": "FCF margin: -1.6% -> +3.5%",
      "severity": "HIGH"
    },
    {
      "quarter": "2023-09 (Q3)",
      "signal": "OP MARGIN TURNED POSITIVE (YoY)",
      "detail": "Op margin: -1.0% (year-ago) -> +0.7%",
      "severity": "HIGH"
    },
    {
      "quarter": "2023-09 (Q3)",
      "signal": "OP MARGIN TURNED POSITIVE (QoQ)",
      "detail": "Op margin: -0.5% -> +0.7%",
      "severity": "HIGH"
    },
    {
      "quarter": "2023-06 (Q2)",
      "signal": "YoY REVENUE GROWTH DECELERATION",
      "detail": "YoY growth: -2.4% vs prior quarter YoY: +5.6% (decel: -8.1%)",
      "severity": "WARNING"
    },
    {
      "quarter": "2023-03 (Q1)",
      "signal": "YoY REVENUE GROWTH DECELERATION",
      "detail": "YoY growth: +5.6% vs prior quarter YoY: +27.8% (decel: -22.2%)",
      "severity": "WARNING"
    },
    {
      "quarter": "2022-12 (Q4)",
      "signal": "FCF TURNED POSITIVE",
      "detail": "FCF margin: -2.8% -> +9.6%",
      "severity": "HIGH"
    },
    {
      "quarter": "2022-12 (Q4)",
      "signal": "YoY REVENUE GROWTH DECELERATION",
      "detail": "YoY growth: +27.8% vs prior quarter YoY: +39.5% (decel: -11.7%)",
      "severity": "WARNING"
    },
    {
      "quarter": "2022-09 (Q3)",
      "signal": "YoY REVENUE GROWTH DECELERATION",
      "detail": "YoY growth: +39.5% vs prior quarter YoY: +54.8% (decel: -15.3%)",
      "severity": "WARNING"
    },
    {
      "quarter": "2022-06 (Q2)",
      "signal": "YoY REVENUE GROWTH DECELERATION",
      "detail": "YoY growth: +54.8% vs prior quarter YoY: +74.6% (decel: -19.7%)",
      "severity": "WARNING"
    },
    {
      "quarter": "2022-03 (Q1)",
      "signal": "YoY REVENUE GROWTH ACCELERATION",
      "detail": "YoY growth: +74.6% vs prior quarter YoY: +55.9% (accel: +18.7%)",
      "severity": "HIGH"
    },
    {
      "quarter": "2021-12 (Q4)",
      "signal": "FCF TURNED POSITIVE",
      "detail": "FCF margin: -1.7% -> +2.4%",
      "severity": "HIGH"
    },
    {
      "quarter": "2021-12 (Q4)",
      "signal": "OP MARGIN TURNED POSITIVE (YoY)",
      "detail": "Op margin: -0.7% (year-ago) -> +5.3%",
      "severity": "HIGH"
    },
    {
      "quarter": "2021-09 (Q3)",
      "signal": "OPERATING LEVERAGE",
      "detail": "Rev growth +11.4% vs OpEx growth +3.6% (leverage: 3.2x)",
      "severity": "MEDIUM"
    },
    {
      "quarter": "2021-06 (Q2)",
      "signal": "OPERATING LEVERAGE",
      "detail": "Rev growth +21.4% vs OpEx growth +6.3% (leverage: 3.4x)",
      "severity": "MEDIUM"
    },
    {
      "quarter": "2021-03 (Q1)",
      "signal": "FCF TURNED POSITIVE",
      "detail": "FCF margin: -0.0% -> +6.6%",
      "severity": "HIGH"
    },
    {
      "quarter": "2021-03 (Q1)",
      "signal": "OPERATING LEVERAGE",
      "detail": "Rev growth +8.8% vs OpEx growth +5.8% (leverage: 1.5x)",
      "severity": "MEDIUM"
    },
    {
      "quarter": "2021-03 (Q1)",
      "signal": "OP MARGIN TURNED POSITIVE (QoQ)",
      "detail": "Op margin: -0.7% -> +0.8%",
      "severity": "HIGH"
    }
  ],
  "data_quality": {
    "n_quarters": 20,
    "coverage": {
      "revenue": [
        20,
        20
      ],
      "gross_profit": [
        20,
        20
      ],
      "op_income": [
        20,
        20
      ],
      "fcf": [
        20,
        20
      ]
    },
    "gaps": [],
    "warnings": []
  },
  "market_cap": null,
  "source": "SEC EDGAR",
  "last_updated": "2026-02-02T23:18:08.073191"
}