{
  "ticker": "HIMS",
  "name": "HIMS & HERS HEALTH, INC.",
  "quarters": [
    {
      "date": "2020-12-31T00:00:00",
      "quarter_label": "2020-12 (Q4)",
      "revenue": 41466000,
      "gross_profit": 31892000,
      "operating_income": -2083306,
      "net_income": -2039488,
      "opex": 36518000,
      "cogs": 9574000,
      "rd": null,
      "sga": 17204000,
      "fcf": -269000,
      "ocf": -269000,
      "capex": null,
      "gross_margin": 0.7691120436019871,
      "op_margin": -0.05024130613032364,
      "fcf_margin": -0.006487242560169778
    },
    {
      "date": "2021-03-31T00:00:00",
      "quarter_label": "2021-03 (Q1)",
      "revenue": 52314000,
      "gross_profit": 40247000,
      "operating_income": -48409000,
      "net_income": -51404000,
      "opex": 88656000,
      "cogs": 12067000,
      "rd": null,
      "sga": 61698000,
      "fcf": -15948000,
      "ocf": -15948000,
      "capex": null,
      "gross_margin": 0.7693351684061628,
      "op_margin": -0.9253545895936078,
      "fcf_margin": -0.30485147379286615,
      "op_leverage_ratio": 0.18323572451744896,
      "fcf_margin_change": -0.29836423123269634
    },
    {
      "date": "2021-06-30T00:00:00",
      "quarter_label": "2021-06 (Q2)",
      "revenue": 60692000,
      "gross_profit": 47277000,
      "operating_income": -17407000,
      "net_income": -9153000,
      "opex": 64684000,
      "cogs": 13415000,
      "rd": null,
      "sga": 36740000,
      "fcf": 601000,
      "ocf": 601000,
      "capex": null,
      "gross_margin": 0.7789659263164832,
      "op_margin": -0.28680880511434786,
      "fcf_margin": 0.009902458314110591,
      "op_leverage_ratio": Infinity,
      "fcf_margin_change": 0.3147539321069767
    },
    {
      "date": "2021-09-30T00:00:00",
      "quarter_label": "2021-09 (Q3)",
      "revenue": 74173000,
      "gross_profit": 54872000,
      "operating_income": -27661000,
      "net_income": -15941000,
      "opex": 82533000,
      "cogs": 19301000,
      "rd": null,
      "sga": 44240000,
      "fcf": -15960000,
      "ocf": -15960000,
      "capex": null,
      "gross_margin": 0.7397840184433688,
      "op_margin": -0.3729254580507732,
      "fcf_margin": -0.21517263694336214,
      "op_leverage_ratio": 0.8049587738483408,
      "fcf_margin_change": -0.22507509525747274
    },
    {
      "date": "2021-12-31T00:00:00",
      "quarter_label": "2021-12 (Q4)",
      "revenue": 84699000,
      "gross_profit": 62098000,
      "operating_income": -21565000,
      "net_income": -31161000,
      "opex": 83663000,
      "cogs": 22601000,
      "rd": null,
      "sga": 40956000,
      "fcf": -3105000,
      "ocf": -3105000,
      "capex": null,
      "gross_margin": 0.733160958216744,
      "op_margin": -0.25460749241431424,
      "fcf_margin": -0.036659228562320685,
      "incr_op_margin_yoy": -0.45062091457914094,
      "rev_growth_yoy": 1.0426132252930111,
      "op_leverage_ratio": 10.364938008475521,
      "fcf_margin_change": 0.17851340838104146
    },
    {
      "date": "2022-03-31T00:00:00",
      "quarter_label": "2022-03 (Q1)",
      "revenue": 101314000,
      "gross_profit": 74756000,
      "operating_income": -16919000,
      "net_income": -16252000,
      "opex": 91675000,
      "cogs": 26558000,
      "rd": null,
      "sga": 43582000,
      "fcf": -19403000,
      "ocf": -19403000,
      "capex": null,
      "gross_margin": 0.7378644609826874,
      "op_margin": -0.1669956768067592,
      "fcf_margin": -0.1915135124464536,
      "incr_op_margin_yoy": 0.6426530612244898,
      "rev_growth_yoy": 0.9366517566999274,
      "rev_growth_yoy_accel": -0.10596146859308375,
      "op_leverage_ratio": 2.048399002400778,
      "fcf_margin_change": -0.15485428388413292
    },
    {
      "date": "2022-06-30T00:00:00",
      "quarter_label": "2022-06 (Q2)",
      "revenue": 113563000,
      "gross_profit": 87176000,
      "operating_income": -20190000,
      "net_income": -19679000,
      "opex": 107366000,
      "cogs": 26387000,
      "rd": null,
      "sga": 46876000,
      "fcf": -6394000,
      "ocf": -6394000,
      "capex": null,
      "gross_margin": 0.767644391218971,
      "op_margin": -0.17778677914461577,
      "fcf_margin": -0.056303549571603426,
      "incr_op_margin_yoy": -0.05263755177696658,
      "rev_growth_yoy": 0.8711362288275226,
      "rev_growth_yoy_accel": -0.06551552787240478,
      "op_leverage_ratio": 0.7063687354396108,
      "fcf_margin_change": 0.13520996287485015
    },
    {
      "date": "2022-09-30T00:00:00",
      "quarter_label": "2022-09 (Q3)",
      "revenue": 144836000,
      "gross_profit": 114453000,
      "operating_income": -19983000,
      "net_income": -18840000,
      "opex": 134436000,
      "cogs": 30383000,
      "rd": null,
      "sga": null,
      "fcf": 5985000,
      "ocf": 5985000,
      "capex": null,
      "gross_margin": 0.7902248059874617,
      "op_margin": -0.1379698417520506,
      "fcf_margin": 0.04132259935375183,
      "incr_op_margin_yoy": 0.10865658123770573,
      "rev_growth_yoy": 0.9526781982662155,
      "rev_growth_yoy_accel": 0.08154196943869285,
      "op_leverage_ratio": 1.0922227185364037,
      "fcf_margin_change": 0.09762614892535526
    },
    {
      "date": "2022-12-31T00:00:00",
      "quarter_label": "2022-12 (Q4)",
      "revenue": 167203000,
      "gross_profit": 132337000,
      "operating_income": -11605000,
      "net_income": -10907000,
      "opex": 143942000,
      "cogs": 34866000,
      "rd": null,
      "sga": null,
      "fcf": -6719000,
      "ocf": -6719000,
      "capex": null,
      "gross_margin": 0.7914750333427032,
      "op_margin": -0.06940664940222364,
      "fcf_margin": -0.040184685681477005,
      "incr_op_margin_yoy": 0.12072141956753613,
      "rev_growth_yoy": 0.9740846999374255,
      "rev_growth_yoy_accel": 0.021406501671210054,
      "op_leverage_ratio": 2.183981662738236,
      "fcf_margin_change": -0.08150728503522883
    },
    {
      "date": "2023-03-31T00:00:00",
      "quarter_label": "2023-03 (Q1)",
      "revenue": 190770000,
      "gross_profit": 153425000,
      "operating_income": -11263000,
      "net_income": -10067000,
      "opex": 164688000,
      "cogs": 37345000,
      "rd": null,
      "sga": null,
      "fcf": 9483000,
      "ocf": 9483000,
      "capex": null,
      "gross_margin": 0.8042407087068197,
      "op_margin": -0.05903968129160769,
      "fcf_margin": 0.049709073753734866,
      "incr_op_margin_yoy": 0.0632266142013951,
      "rev_growth_yoy": 0.8829579327634878,
      "rev_growth_yoy_accel": -0.09112676717393775,
      "op_leverage_ratio": 0.977942669297681,
      "fcf_margin_change": 0.08989375943521187
    },
    {
      "date": "2023-06-30T00:00:00",
      "quarter_label": "2023-06 (Q2)",
      "revenue": 207912000,
      "gross_profit": 170158000,
      "operating_income": -9236000,
      "net_income": -7157000,
      "opex": 179394000,
      "cogs": 37754000,
      "rd": null,
      "sga": null,
      "fcf": 16826000,
      "ocf": 16826000,
      "capex": null,
      "gross_margin": 0.8184135595829004,
      "op_margin": -0.04442264034783947,
      "fcf_margin": 0.0809284697371965,
      "incr_op_margin_yoy": 0.11610085957455829,
      "rev_growth_yoy": 0.8308075693667832,
      "rev_growth_yoy_accel": -0.052150363396704535,
      "op_leverage_ratio": 1.0062799160446785,
      "fcf_margin_change": 0.031219395983461636
    },
    {
      "date": "2023-09-30T00:00:00",
      "quarter_label": "2023-09 (Q3)",
      "revenue": 226699000,
      "gross_profit": 187308000,
      "operating_income": -8554000,
      "net_income": -7567000,
      "opex": 195862000,
      "cogs": 39391000,
      "rd": null,
      "sga": null,
      "fcf": 25191000,
      "ocf": 25191000,
      "capex": null,
      "gross_margin": 0.8262409626862051,
      "op_margin": -0.03773285281364276,
      "fcf_margin": 0.11112091363437862,
      "incr_op_margin_yoy": 0.13961130180912013,
      "rev_growth_yoy": 0.5652116877019525,
      "rev_growth_yoy_accel": -0.2655958816648307,
      "op_leverage_ratio": 0.9843395487065103,
      "fcf_margin_change": 0.03019244389718212
    },
    {
      "date": "2023-12-31T00:00:00",
      "quarter_label": "2023-12 (Q4)",
      "revenue": 246619000,
      "gross_profit": 204058000,
      "operating_income": -400000,
      "net_income": 1245000,
      "opex": 204458000,
      "cogs": 42561000,
      "rd": null,
      "sga": null,
      "fcf": 21983000,
      "ocf": 21983000,
      "capex": null,
      "gross_margin": 0.8274220558837722,
      "op_margin": -0.0016219350496109383,
      "fcf_margin": 0.08913749548899315,
      "incr_op_margin_yoy": 0.14109247506799638,
      "rev_growth_yoy": 0.4749675544099089,
      "rev_growth_yoy_accel": -0.09024413329204362,
      "op_leverage_ratio": 2.002135691572472,
      "fcf_margin_change": -0.021983418145385472
    },
    {
      "date": "2024-03-31T00:00:00",
      "quarter_label": "2024-03 (Q1)",
      "revenue": 278171000,
      "gross_profit": 229095000,
      "operating_income": 9903000,
      "net_income": 11128000,
      "opex": 219192000,
      "cogs": 49076000,
      "rd": null,
      "sga": null,
      "fcf": 25838000,
      "ocf": 25838000,
      "capex": null,
      "gross_margin": 0.823576145608277,
      "op_margin": 0.035600404068001336,
      "fcf_margin": 0.09288531155296562,
      "incr_op_margin_yoy": 0.2421711422066109,
      "rev_growth_yoy": 0.4581485558525974,
      "rev_growth_yoy_accel": -0.016818998557311504,
      "op_leverage_ratio": 1.7753492603454664,
      "fcf_margin_change": 0.0037478160639724672
    },
    {
      "date": "2024-06-30T00:00:00",
      "quarter_label": "2024-06 (Q2)",
      "revenue": 315648000,
      "gross_profit": 256613000,
      "operating_income": 11030000,
      "net_income": 13297000,
      "opex": 245583000,
      "cogs": 59035000,
      "rd": null,
      "sga": null,
      "fcf": 53594000,
      "ocf": 53594000,
      "capex": null,
      "gross_margin": 0.812972044809408,
      "op_margin": 0.03494398824006488,
      "fcf_margin": 0.169790399432279,
      "incr_op_margin_yoy": 0.18810796762456375,
      "rev_growth_yoy": 0.5181807687867944,
      "rev_growth_yoy_accel": 0.06003221293419703,
      "op_leverage_ratio": 1.1189786997728357,
      "fcf_margin_change": 0.07690508787931338
    },
    {
      "date": "2024-09-30T00:00:00",
      "quarter_label": "2024-09 (Q3)",
      "revenue": 401556000,
      "gross_profit": 317886000,
      "operating_income": 22374000,
      "net_income": 75588000,
      "opex": 295512000,
      "cogs": 83670000,
      "rd": null,
      "sga": null,
      "fcf": 85267000,
      "ocf": 85267000,
      "capex": null,
      "gross_margin": 0.7916355377581209,
      "op_margin": 0.05571825598422138,
      "fcf_margin": 0.212341491597685,
      "incr_op_margin_yoy": 0.17687596149996854,
      "rev_growth_yoy": 0.7713179149444859,
      "rev_growth_yoy_accel": 0.25313714615769145,
      "op_leverage_ratio": 1.33867760787837,
      "fcf_margin_change": 0.04255109216540601
    },
    {
      "date": "2024-12-31T00:00:00",
      "quarter_label": "2024-12 (Q4)",
      "revenue": 481139000,
      "gross_profit": 369541000,
      "operating_income": 18596000,
      "net_income": 26025000,
      "opex": 350945000,
      "cogs": 111598000,
      "rd": null,
      "sga": null,
      "fcf": 86385000,
      "ocf": 86385000,
      "capex": null,
      "gross_margin": 0.7680545538815187,
      "op_margin": 0.03864995354772737,
      "fcf_margin": 0.17954271011079959,
      "incr_op_margin_yoy": 0.0809994883165615,
      "rev_growth_yoy": 0.9509405195868932,
      "rev_growth_yoy_accel": 0.1796226046424073,
      "op_leverage_ratio": 1.0565277909442434,
      "fcf_margin_change": -0.03279878148688542
    },
    {
      "date": "2025-03-31T00:00:00",
      "quarter_label": "2025-03 (Q1)",
      "revenue": 586010000,
      "gross_profit": 430689000,
      "operating_income": 57897000,
      "net_income": 49485000,
      "opex": 372792000,
      "cogs": 155321000,
      "rd": null,
      "sga": null,
      "fcf": 109090000,
      "ocf": 109090000,
      "capex": null,
      "gross_margin": 0.734951621985973,
      "op_margin": 0.09879865531304927,
      "fcf_margin": 0.18615723281172677,
      "incr_op_margin_yoy": 0.15590617173262647,
      "rev_growth_yoy": 1.1066538208512031,
      "rev_growth_yoy_accel": 0.15571330126430993,
      "op_leverage_ratio": 3.501322371108391,
      "fcf_margin_change": 0.006614522700927189
    },
    {
      "date": "2025-06-30T00:00:00",
      "quarter_label": "2025-06 (Q2)",
      "revenue": 544833000,
      "gross_profit": 416196000,
      "operating_income": 26723000,
      "net_income": 42505000,
      "opex": 389473000,
      "cogs": 128637000,
      "rd": null,
      "sga": null,
      "fcf": -19117000,
      "ocf": -19117000,
      "capex": null,
      "gross_margin": 0.7638964600161885,
      "op_margin": 0.0490480569275356,
      "fcf_margin": -0.03508781589955087,
      "incr_op_margin_yoy": 0.06847306760913673,
      "rev_growth_yoy": 0.7260777828467153,
      "rev_growth_yoy_accel": -0.3805760380044878,
      "fcf_margin_change": -0.22124504871127765
    },
    {
      "date": "2025-09-30T00:00:00",
      "quarter_label": "2025-09 (Q3)",
      "revenue": 598976000,
      "gross_profit": 442058000,
      "operating_income": 11807000,
      "net_income": 15774000,
      "opex": 430251000,
      "cogs": 156918000,
      "rd": null,
      "sga": null,
      "fcf": 148721000,
      "ocf": 148721000,
      "capex": null,
      "gross_margin": 0.7380228924030345,
      "op_margin": 0.019711975104177798,
      "fcf_margin": 0.2482920851586708,
      "incr_op_margin_yoy": -0.05352547867490629,
      "rev_growth_yoy": 0.4916375300082678,
      "rev_growth_yoy_accel": -0.2344402528384475,
      "op_leverage_ratio": 0.94914015126855,
      "fcf_margin_change": 0.28337990105822164
    }
  ],
  "signals": [
    {
      "quarter": "2025-09 (Q3)",
      "signal": "FCF TURNED POSITIVE",
      "detail": "FCF margin: -3.5% -> +24.8%",
      "severity": "HIGH"
    },
    {
      "quarter": "2025-09 (Q3)",
      "signal": "YoY REVENUE GROWTH DECELERATION",
      "detail": "YoY growth: +49.2% vs prior quarter YoY: +72.6% (decel: -23.4%)",
      "severity": "WARNING"
    },
    {
      "quarter": "2025-06 (Q2)",
      "signal": "GROSS MARGIN INFLECTION",
      "detail": "GM: +76.8% -> +73.5% -> +76.4% (reversal +2.9%)",
      "severity": "MEDIUM"
    },
    {
      "quarter": "2025-06 (Q2)",
      "signal": "YoY REVENUE GROWTH DECELERATION",
      "detail": "YoY growth: +72.6% vs prior quarter YoY: +110.7% (decel: -38.1%)",
      "severity": "WARNING"
    },
    {
      "quarter": "2025-03 (Q1)",
      "signal": "OPERATING LEVERAGE",
      "detail": "Rev growth +21.8% vs OpEx growth +6.2% (leverage: 3.5x)",
      "severity": "MEDIUM"
    },
    {
      "quarter": "2025-03 (Q1)",
      "signal": "YoY REVENUE GROWTH ACCELERATION",
      "detail": "YoY growth: +110.7% vs prior quarter YoY: +95.1% (accel: +15.6%)",
      "severity": "HIGH"
    },
    {
      "quarter": "2025-03 (Q1)",
      "signal": "INCREMENTAL MARGIN (YoY)",
      "detail": "YoY Incr OPM: +15.6% vs year-ago OPM: +3.6%",
      "severity": "MEDIUM"
    },
    {
      "quarter": "2024-12 (Q4)",
      "signal": "YoY REVENUE GROWTH ACCELERATION",
      "detail": "YoY growth: +95.1% vs prior quarter YoY: +77.1% (accel: +18.0%)",
      "severity": "HIGH"
    },
    {
      "quarter": "2024-12 (Q4)",
      "signal": "OP MARGIN TURNED POSITIVE (YoY)",
      "detail": "Op margin: -0.2% (year-ago) -> +3.9%",
      "severity": "HIGH"
    },
    {
      "quarter": "2024-09 (Q3)",
      "signal": "YoY REVENUE GROWTH ACCELERATION",
      "detail": "YoY growth: +77.1% vs prior quarter YoY: +51.8% (accel: +25.3%)",
      "severity": "HIGH"
    },
    {
      "quarter": "2024-09 (Q3)",
      "signal": "OP MARGIN TURNED POSITIVE (YoY)",
      "detail": "Op margin: -3.8% (year-ago) -> +5.6%",
      "severity": "HIGH"
    },
    {
      "quarter": "2024-06 (Q2)",
      "signal": "FCF MARGIN EXPANSION",
      "detail": "FCF margin: +9.3% -> +17.0% (+7.7%)",
      "severity": "MEDIUM"
    },
    {
      "quarter": "2024-06 (Q2)",
      "signal": "YoY REVENUE GROWTH ACCELERATION",
      "detail": "YoY growth: +51.8% vs prior quarter YoY: +45.8% (accel: +6.0%)",
      "severity": "MEDIUM"
    },
    {
      "quarter": "2024-06 (Q2)",
      "signal": "OP MARGIN TURNED POSITIVE (YoY)",
      "detail": "Op margin: -4.4% (year-ago) -> +3.5%",
      "severity": "HIGH"
    },
    {
      "quarter": "2024-03 (Q1)",
      "signal": "OPERATING LEVERAGE",
      "detail": "Rev growth +12.8% vs OpEx growth +7.2% (leverage: 1.8x)",
      "severity": "MEDIUM"
    },
    {
      "quarter": "2024-03 (Q1)",
      "signal": "OP MARGIN TURNED POSITIVE (YoY)",
      "detail": "Op margin: -5.9% (year-ago) -> +3.6%",
      "severity": "HIGH"
    },
    {
      "quarter": "2024-03 (Q1)",
      "signal": "OP MARGIN TURNED POSITIVE (QoQ)",
      "detail": "Op margin: -0.2% -> +3.6%",
      "severity": "HIGH"
    },
    {
      "quarter": "2023-12 (Q4)",
      "signal": "OPERATING LEVERAGE",
      "detail": "Rev growth +8.8% vs OpEx growth +4.4% (leverage: 2.0x)",
      "severity": "MEDIUM"
    },
    {
      "quarter": "2023-12 (Q4)",
      "signal": "YoY REVENUE GROWTH DECELERATION",
      "detail": "YoY growth: +47.5% vs prior quarter YoY: +56.5% (decel: -9.0%)",
      "severity": "WARNING"
    },
    {
      "quarter": "2023-09 (Q3)",
      "signal": "YoY REVENUE GROWTH DECELERATION",
      "detail": "YoY growth: +56.5% vs prior quarter YoY: +83.1% (decel: -26.6%)",
      "severity": "WARNING"
    },
    {
      "quarter": "2023-06 (Q2)",
      "signal": "YoY REVENUE GROWTH DECELERATION",
      "detail": "YoY growth: +83.1% vs prior quarter YoY: +88.3% (decel: -5.2%)",
      "severity": "WARNING"
    },
    {
      "quarter": "2023-03 (Q1)",
      "signal": "FCF TURNED POSITIVE",
      "detail": "FCF margin: -4.0% -> +5.0%",
      "severity": "HIGH"
    },
    {
      "quarter": "2023-03 (Q1)",
      "signal": "YoY REVENUE GROWTH DECELERATION",
      "detail": "YoY growth: +88.3% vs prior quarter YoY: +97.4% (decel: -9.1%)",
      "severity": "WARNING"
    },
    {
      "quarter": "2022-12 (Q4)",
      "signal": "OPERATING LEVERAGE",
      "detail": "Rev growth +15.4% vs OpEx growth +7.1% (leverage: 2.2x)",
      "severity": "MEDIUM"
    },
    {
      "quarter": "2022-09 (Q3)",
      "signal": "FCF TURNED POSITIVE",
      "detail": "FCF margin: -5.6% -> +4.1%",
      "severity": "HIGH"
    },
    {
      "quarter": "2022-09 (Q3)",
      "signal": "YoY REVENUE GROWTH ACCELERATION",
      "detail": "YoY growth: +95.3% vs prior quarter YoY: +87.1% (accel: +8.2%)",
      "severity": "MEDIUM"
    },
    {
      "quarter": "2022-06 (Q2)",
      "signal": "FCF MARGIN EXPANSION",
      "detail": "FCF margin: -19.2% -> -5.6% (+13.5%)",
      "severity": "MEDIUM"
    },
    {
      "quarter": "2022-06 (Q2)",
      "signal": "YoY REVENUE GROWTH DECELERATION",
      "detail": "YoY growth: +87.1% vs prior quarter YoY: +93.7% (decel: -6.6%)",
      "severity": "WARNING"
    },
    {
      "quarter": "2022-03 (Q1)",
      "signal": "OPERATING LEVERAGE",
      "detail": "Rev growth +19.6% vs OpEx growth +9.6% (leverage: 2.0x)",
      "severity": "MEDIUM"
    },
    {
      "quarter": "2022-03 (Q1)",
      "signal": "YoY REVENUE GROWTH DECELERATION",
      "detail": "YoY growth: +93.7% vs prior quarter YoY: +104.3% (decel: -10.6%)",
      "severity": "WARNING"
    },
    {
      "quarter": "2021-12 (Q4)",
      "signal": "FCF MARGIN EXPANSION",
      "detail": "FCF margin: -21.5% -> -3.7% (+17.9%)",
      "severity": "MEDIUM"
    },
    {
      "quarter": "2021-12 (Q4)",
      "signal": "OPERATING LEVERAGE",
      "detail": "Rev growth +14.2% vs OpEx growth +1.4% (leverage: 10.4x)",
      "severity": "MEDIUM"
    },
    {
      "quarter": "2021-06 (Q2)",
      "signal": "FCF TURNED POSITIVE",
      "detail": "FCF margin: -30.5% -> +1.0%",
      "severity": "HIGH"
    }
  ],
  "data_quality": {
    "n_quarters": 20,
    "coverage": {
      "revenue": [
        20,
        20
      ],
      "gross_profit": [
        20,
        20
      ],
      "op_income": [
        20,
        20
      ],
      "fcf": [
        20,
        20
      ]
    },
    "gaps": [],
    "warnings": []
  },
  "market_cap": null,
  "source": "SEC EDGAR",
  "last_updated": "2026-02-02T20:52:14.282331",
  "sector": "Healthcare",
  "industry": "Drug Manufacturers - Specialty & Generic"
}