{
  "ticker": "HIND",
  "name": "VYOME HOLDINGS, INC.",
  "quarters": [
    {
      "date": "2020-12-31T00:00:00",
      "quarter_label": "2020-12 (Q4)",
      "revenue": 61000,
      "gross_profit": 62000,
      "operating_income": -1325000,
      "net_income": -1325000,
      "opex": 1387000,
      "cogs": -1000,
      "rd": 157000,
      "sga": 1230000,
      "fcf": -1816000,
      "ocf": -1762000,
      "capex": -54000,
      "gross_margin": 1.0163934426229508,
      "op_margin": -21.721311475409838,
      "fcf_margin": -29.770491803278688
    },
    {
      "date": "2021-03-31T00:00:00",
      "quarter_label": "2021-03 (Q1)",
      "revenue": 3221000,
      "gross_profit": 2284000,
      "operating_income": -4168000,
      "net_income": -4167000,
      "opex": 4168000,
      "cogs": 937000,
      "rd": 112000,
      "sga": 4056000,
      "fcf": -1961000,
      "ocf": -1961000,
      "capex": null,
      "gross_margin": 0.7090965538652593,
      "op_margin": -1.2940080720273206,
      "fcf_margin": -0.608817137534927,
      "op_leverage_ratio": 25.836442841058474,
      "fcf_margin_change": 29.16167466574376
    },
    {
      "date": "2021-06-30T00:00:00",
      "quarter_label": "2021-06 (Q2)",
      "revenue": 3529000,
      "gross_profit": 2153000,
      "operating_income": -3702000,
      "net_income": -3902000,
      "opex": 5855000,
      "cogs": 1376000,
      "rd": 103000,
      "sga": 1441000,
      "fcf": -2188000,
      "ocf": -2188000,
      "capex": null,
      "gross_margin": 0.6100878435817512,
      "op_margin": -1.049022385945027,
      "fcf_margin": -0.6200056673278549,
      "op_leverage_ratio": 0.23625043638673077,
      "fcf_margin_change": -0.011188529792927837
    },
    {
      "date": "2021-09-30T00:00:00",
      "quarter_label": "2021-09 (Q3)",
      "revenue": 3708000,
      "gross_profit": 2135000,
      "operating_income": -14984000,
      "net_income": -17699000,
      "opex": 17119000,
      "cogs": 1573000,
      "rd": 1571000,
      "sga": 3496000,
      "fcf": -7800000,
      "ocf": -7800000,
      "capex": null,
      "gross_margin": 0.575782092772384,
      "op_margin": -4.040992448759439,
      "fcf_margin": -2.103559870550162,
      "op_leverage_ratio": 0.026365476836407428,
      "fcf_margin_change": -1.483554203222307
    },
    {
      "date": "2021-12-31T00:00:00",
      "quarter_label": "2021-12 (Q4)",
      "revenue": 3142000,
      "gross_profit": 1776000,
      "operating_income": -35557000,
      "net_income": -35458000,
      "opex": 37333000,
      "cogs": 1366000,
      "rd": 277000,
      "sga": 2979000,
      "fcf": -3426000,
      "ocf": -3426000,
      "capex": null,
      "gross_margin": 0.56524506683641,
      "op_margin": -11.316677275620624,
      "fcf_margin": -1.0903882877148314,
      "incr_op_margin_yoy": -11.11067835118468,
      "rev_growth_yoy": 50.50819672131148,
      "fcf_margin_change": 1.0131715828353305
    },
    {
      "date": "2022-03-31T00:00:00",
      "quarter_label": "2022-03 (Q1)",
      "revenue": 2440000,
      "gross_profit": 1218000,
      "operating_income": -8400000,
      "net_income": -8215000,
      "opex": 9618000,
      "cogs": 1222000,
      "rd": 748000,
      "sga": 4707000,
      "fcf": -7378000,
      "ocf": -7378000,
      "capex": null,
      "gross_margin": 0.49918032786885247,
      "op_margin": -3.442622950819672,
      "fcf_margin": -3.023770491803279,
      "rev_growth_yoy": -0.24247128221049363,
      "rev_growth_yoy_accel": -50.75066800352197,
      "fcf_margin_change": -1.9333822040884474
    },
    {
      "date": "2022-06-30T00:00:00",
      "quarter_label": "2022-06 (Q2)",
      "revenue": 2892000,
      "gross_profit": 1883000,
      "operating_income": -9376000,
      "net_income": -9576000,
      "opex": 11259000,
      "cogs": 1009000,
      "rd": 761000,
      "sga": 4663000,
      "fcf": -6422000,
      "ocf": -6422000,
      "capex": null,
      "gross_margin": 0.651106500691563,
      "op_margin": -3.2420470262793915,
      "fcf_margin": -2.2206085753803597,
      "rev_growth_yoy": -0.18050439217908756,
      "rev_growth_yoy_accel": 0.06196689003140607,
      "op_leverage_ratio": 1.0857374052207271,
      "fcf_margin_change": 0.8031619164229191
    },
    {
      "date": "2022-09-30T00:00:00",
      "quarter_label": "2022-09 (Q3)",
      "revenue": 2798000,
      "gross_profit": 2101000,
      "operating_income": -11926000,
      "net_income": -11811000,
      "opex": 14027000,
      "cogs": 697000,
      "rd": 588000,
      "sga": 2619000,
      "fcf": -5273000,
      "ocf": -5273000,
      "capex": null,
      "gross_margin": 0.7508934953538242,
      "op_margin": -4.262330235882773,
      "fcf_margin": -1.8845604002859184,
      "rev_growth_yoy": -0.24541531823085222,
      "rev_growth_yoy_accel": -0.06491092605176466,
      "fcf_margin_change": 0.3360481750944413
    },
    {
      "date": "2022-12-31T00:00:00",
      "quarter_label": "2022-12 (Q4)",
      "revenue": 3110000,
      "gross_profit": 1600000,
      "operating_income": -16649000,
      "net_income": -16612000,
      "opex": 18249000,
      "cogs": 1510000,
      "rd": 441000,
      "sga": 2103000,
      "fcf": -2829000,
      "ocf": -2829000,
      "capex": null,
      "gross_margin": 0.5144694533762058,
      "op_margin": -5.353376205787781,
      "fcf_margin": -0.9096463022508039,
      "rev_growth_yoy": -0.010184595798854232,
      "rev_growth_yoy_accel": 0.235230722431998,
      "op_leverage_ratio": 0.37047034678963014,
      "fcf_margin_change": 0.9749140980351145
    },
    {
      "date": "2023-03-31T00:00:00",
      "quarter_label": "2023-03 (Q1)",
      "revenue": 2287000,
      "gross_profit": 1224000,
      "operating_income": -5631000,
      "net_income": -2662000,
      "opex": 6855000,
      "cogs": 1063000,
      "rd": 453000,
      "sga": 2182000,
      "fcf": -5061000,
      "ocf": -5061000,
      "capex": null,
      "gross_margin": 0.535198950590293,
      "op_margin": -2.4621775251421076,
      "fcf_margin": -2.212942719720157,
      "rev_growth_yoy": -0.06270491803278688,
      "rev_growth_yoy_accel": -0.05252032223393265,
      "fcf_margin_change": -1.3032964174693533
    },
    {
      "date": "2023-06-30T00:00:00",
      "quarter_label": "2023-06 (Q2)",
      "revenue": 2254000,
      "gross_profit": 1194000,
      "operating_income": -3976000,
      "net_income": -3493000,
      "opex": 5170000,
      "cogs": 1060000,
      "rd": 581000,
      "sga": 2177000,
      "fcf": -6662000,
      "ocf": -6662000,
      "capex": null,
      "gross_margin": 0.5297249334516415,
      "op_margin": -1.763975155279503,
      "fcf_margin": -2.9556344276841173,
      "rev_growth_yoy": -0.2206085753803596,
      "rev_growth_yoy_accel": -0.15790365734757272,
      "fcf_margin_change": -0.7426917079639601
    },
    {
      "date": "2023-09-30T00:00:00",
      "quarter_label": "2023-09 (Q3)",
      "revenue": 2155000,
      "gross_profit": 1288000,
      "operating_income": -3880000,
      "net_income": -3534000,
      "opex": 5168000,
      "cogs": 867000,
      "rd": 542000,
      "sga": 1791000,
      "fcf": -2780000,
      "ocf": -2780000,
      "capex": null,
      "gross_margin": 0.5976798143851508,
      "op_margin": -1.8004640371229699,
      "fcf_margin": -1.2900232018561484,
      "rev_growth_yoy": -0.22980700500357398,
      "rev_growth_yoy_accel": -0.009198429623214377,
      "fcf_margin_change": 1.665611225827969
    },
    {
      "date": "2023-12-31T00:00:00",
      "quarter_label": "2023-12 (Q4)",
      "revenue": 1982000,
      "gross_profit": 1842000,
      "operating_income": -1895000,
      "net_income": -1698000,
      "opex": 3737000,
      "cogs": 140000,
      "rd": 739000,
      "sga": 1398000,
      "fcf": -2457000,
      "ocf": -2457000,
      "capex": null,
      "gross_margin": 0.929364278506559,
      "op_margin": -0.9561049445005045,
      "fcf_margin": -1.239656912209889,
      "incr_op_margin_yoy": -13.079787234042554,
      "rev_growth_yoy": -0.36270096463022505,
      "rev_growth_yoy_accel": -0.13289395962665107,
      "fcf_margin_change": 0.05036628964625933
    },
    {
      "date": "2024-03-31T00:00:00",
      "quarter_label": "2024-03 (Q1)",
      "revenue": 1944000,
      "gross_profit": 1165000,
      "operating_income": -2210000,
      "net_income": -2193000,
      "opex": 3375000,
      "cogs": 779000,
      "rd": 484000,
      "sga": 1019000,
      "fcf": -2072000,
      "ocf": -2072000,
      "capex": null,
      "gross_margin": 0.5992798353909465,
      "op_margin": -1.1368312757201646,
      "fcf_margin": -1.0658436213991769,
      "rev_growth_yoy": -0.14997813729777001,
      "rev_growth_yoy_accel": 0.21272282733245504,
      "fcf_margin_change": 0.17381329081071217
    },
    {
      "date": "2024-06-30T00:00:00",
      "quarter_label": "2024-06 (Q2)",
      "revenue": 1965000,
      "gross_profit": 1134000,
      "operating_income": -2054000,
      "net_income": -1595000,
      "opex": 3188000,
      "cogs": 831000,
      "rd": 399000,
      "sga": 670000,
      "fcf": 1834949,
      "ocf": 1834949,
      "capex": null,
      "gross_margin": 0.5770992366412214,
      "op_margin": -1.0452926208651399,
      "fcf_margin": 0.9338162849872773,
      "rev_growth_yoy": -0.12821650399290152,
      "rev_growth_yoy_accel": 0.021761633304868494,
      "op_leverage_ratio": Infinity,
      "fcf_margin_change": 1.9996599063864542
    },
    {
      "date": "2024-09-30T00:00:00",
      "quarter_label": "2024-09 (Q3)",
      "revenue": 84526,
      "gross_profit": 1439000,
      "operating_income": -1761000,
      "net_income": -1581000,
      "opex": 3200000,
      "cogs": 853000,
      "rd": 399000,
      "sga": 719000,
      "fcf": -374117,
      "ocf": -374117,
      "capex": null,
      "gross_margin": 17.024347538035634,
      "op_margin": -20.8338262783049,
      "fcf_margin": -4.42605825426496,
      "incr_op_margin_yoy": -1.0234371453106874,
      "rev_growth_yoy": -0.9607767981438515,
      "rev_growth_yoy_accel": -0.83256029415095,
      "fcf_margin_change": -5.359874539252237
    },
    {
      "date": "2024-12-31T00:00:00",
      "quarter_label": "2024-12 (Q4)",
      "revenue": 7810484,
      "gross_profit": 1319000,
      "operating_income": -1702000,
      "net_income": -1761000,
      "opex": 3021000,
      "cogs": 486000,
      "rd": 521000,
      "sga": null,
      "fcf": -3815832,
      "ocf": -3815832,
      "capex": null,
      "gross_margin": 0.16887557800515307,
      "op_margin": -0.21791223181559555,
      "fcf_margin": -0.4885525660125544,
      "incr_op_margin_yoy": 0.033113241796666165,
      "rev_growth_yoy": 2.9407083753784056,
      "rev_growth_yoy_accel": 3.901485173522257,
      "op_leverage_ratio": Infinity,
      "fcf_margin_change": 3.937505688252405
    },
    {
      "date": "2025-03-31T00:00:00",
      "quarter_label": "2025-03 (Q1)",
      "revenue": 1113000,
      "gross_profit": 681000,
      "operating_income": -2206000,
      "net_income": 1474000,
      "opex": 2887000,
      "cogs": 432000,
      "rd": 364000,
      "sga": null,
      "fcf": -2119000,
      "ocf": -2119000,
      "capex": null,
      "gross_margin": 0.6118598382749326,
      "op_margin": -1.9820305480682838,
      "fcf_margin": -1.903863432165319,
      "rev_growth_yoy": -0.42746913580246915,
      "rev_growth_yoy_accel": -3.3681775111808747,
      "fcf_margin_change": -1.4153108661527645
    },
    {
      "date": "2025-06-30T00:00:00",
      "quarter_label": "2025-06 (Q2)",
      "revenue": 1242000,
      "gross_profit": 599000,
      "operating_income": -2762000,
      "net_income": -2630000,
      "opex": 3361000,
      "cogs": 643000,
      "rd": 476000,
      "sga": null,
      "fcf": 1618464,
      "ocf": 1618464,
      "capex": null,
      "gross_margin": 0.4822866344605475,
      "op_margin": -2.2238325281803544,
      "fcf_margin": 1.303111111111111,
      "rev_growth_yoy": -0.36793893129770994,
      "rev_growth_yoy_accel": 0.05953020450475921,
      "op_leverage_ratio": 0.7059321937516349,
      "fcf_margin_change": 3.20697454327643
    },
    {
      "date": "2025-09-30T00:00:00",
      "quarter_label": "2025-09 (Q3)",
      "revenue": 34627,
      "gross_profit": 18050,
      "operating_income": -8574310,
      "net_income": -8433811,
      "opex": 8592360,
      "cogs": 16577,
      "rd": 39677,
      "sga": 844344,
      "fcf": -1770119,
      "ocf": -1770119,
      "capex": null,
      "gross_margin": 0.5212695295578594,
      "op_margin": -247.6191988910388,
      "fcf_margin": -51.11961763941433,
      "rev_growth_yoy": -0.5903390672692426,
      "rev_growth_yoy_accel": -0.22240013597153263,
      "fcf_margin_change": -52.422728750525444
    }
  ],
  "signals": [
    {
      "quarter": "2025-09 (Q3)",
      "signal": "GROSS MARGIN INFLECTION",
      "detail": "GM: +61.2% -> +48.2% -> +52.1% (reversal +3.9%)",
      "severity": "MEDIUM"
    },
    {
      "quarter": "2025-09 (Q3)",
      "signal": "YoY REVENUE GROWTH DECELERATION",
      "detail": "YoY growth: -59.0% vs prior quarter YoY: -36.8% (decel: -22.2%)",
      "severity": "WARNING"
    },
    {
      "quarter": "2025-06 (Q2)",
      "signal": "FCF TURNED POSITIVE",
      "detail": "FCF margin: -190.4% -> +130.3%",
      "severity": "HIGH"
    },
    {
      "quarter": "2025-06 (Q2)",
      "signal": "YoY REVENUE GROWTH ACCELERATION",
      "detail": "YoY growth: -36.8% vs prior quarter YoY: -42.7% (accel: +6.0%)",
      "severity": "MEDIUM"
    },
    {
      "quarter": "2025-03 (Q1)",
      "signal": "GROSS MARGIN INFLECTION",
      "detail": "GM: +1702.4% -> +16.9% -> +61.2% (reversal +44.3%)",
      "severity": "HIGH"
    },
    {
      "quarter": "2025-03 (Q1)",
      "signal": "YoY REVENUE GROWTH DECELERATION",
      "detail": "YoY growth: -42.7% vs prior quarter YoY: +294.1% (decel: -336.8%)",
      "severity": "WARNING"
    },
    {
      "quarter": "2024-12 (Q4)",
      "signal": "FCF MARGIN EXPANSION",
      "detail": "FCF margin: -442.6% -> -48.9% (+393.8%)",
      "severity": "MEDIUM"
    },
    {
      "quarter": "2024-12 (Q4)",
      "signal": "YoY REVENUE GROWTH ACCELERATION",
      "detail": "YoY growth: +294.1% vs prior quarter YoY: -96.1% (accel: +390.1%)",
      "severity": "HIGH"
    },
    {
      "quarter": "2024-09 (Q3)",
      "signal": "GROSS MARGIN INFLECTION",
      "detail": "GM: +59.9% -> +57.7% -> +1702.4% (reversal +1644.7%)",
      "severity": "HIGH"
    },
    {
      "quarter": "2024-09 (Q3)",
      "signal": "YoY REVENUE GROWTH DECELERATION",
      "detail": "YoY growth: -96.1% vs prior quarter YoY: -12.8% (decel: -83.3%)",
      "severity": "WARNING"
    },
    {
      "quarter": "2024-06 (Q2)",
      "signal": "FCF TURNED POSITIVE",
      "detail": "FCF margin: -106.6% -> +93.4%",
      "severity": "HIGH"
    },
    {
      "quarter": "2024-03 (Q1)",
      "signal": "FCF MARGIN EXPANSION",
      "detail": "FCF margin: -124.0% -> -106.6% (+17.4%)",
      "severity": "MEDIUM"
    },
    {
      "quarter": "2024-03 (Q1)",
      "signal": "YoY REVENUE GROWTH ACCELERATION",
      "detail": "YoY growth: -15.0% vs prior quarter YoY: -36.3% (accel: +21.3%)",
      "severity": "HIGH"
    },
    {
      "quarter": "2023-12 (Q4)",
      "signal": "FCF MARGIN EXPANSION",
      "detail": "FCF margin: -129.0% -> -124.0% (+5.0%)",
      "severity": "MEDIUM"
    },
    {
      "quarter": "2023-12 (Q4)",
      "signal": "YoY REVENUE GROWTH DECELERATION",
      "detail": "YoY growth: -36.3% vs prior quarter YoY: -23.0% (decel: -13.3%)",
      "severity": "WARNING"
    },
    {
      "quarter": "2023-09 (Q3)",
      "signal": "FCF MARGIN EXPANSION",
      "detail": "FCF margin: -295.6% -> -129.0% (+166.6%)",
      "severity": "MEDIUM"
    },
    {
      "quarter": "2023-09 (Q3)",
      "signal": "GROSS MARGIN INFLECTION",
      "detail": "GM: +53.5% -> +53.0% -> +59.8% (reversal +6.8%)",
      "severity": "HIGH"
    },
    {
      "quarter": "2023-06 (Q2)",
      "signal": "YoY REVENUE GROWTH DECELERATION",
      "detail": "YoY growth: -22.1% vs prior quarter YoY: -6.3% (decel: -15.8%)",
      "severity": "WARNING"
    },
    {
      "quarter": "2023-03 (Q1)",
      "signal": "GROSS MARGIN INFLECTION",
      "detail": "GM: +75.1% -> +51.4% -> +53.5% (reversal +2.1%)",
      "severity": "MEDIUM"
    },
    {
      "quarter": "2023-03 (Q1)",
      "signal": "YoY REVENUE GROWTH DECELERATION",
      "detail": "YoY growth: -6.3% vs prior quarter YoY: -1.0% (decel: -5.3%)",
      "severity": "WARNING"
    },
    {
      "quarter": "2022-12 (Q4)",
      "signal": "FCF MARGIN EXPANSION",
      "detail": "FCF margin: -188.5% -> -91.0% (+97.5%)",
      "severity": "MEDIUM"
    },
    {
      "quarter": "2022-12 (Q4)",
      "signal": "YoY REVENUE GROWTH ACCELERATION",
      "detail": "YoY growth: -1.0% vs prior quarter YoY: -24.5% (accel: +23.5%)",
      "severity": "HIGH"
    },
    {
      "quarter": "2022-09 (Q3)",
      "signal": "FCF MARGIN EXPANSION",
      "detail": "FCF margin: -222.1% -> -188.5% (+33.6%)",
      "severity": "MEDIUM"
    },
    {
      "quarter": "2022-09 (Q3)",
      "signal": "YoY REVENUE GROWTH DECELERATION",
      "detail": "YoY growth: -24.5% vs prior quarter YoY: -18.1% (decel: -6.5%)",
      "severity": "WARNING"
    },
    {
      "quarter": "2022-06 (Q2)",
      "signal": "FCF MARGIN EXPANSION",
      "detail": "FCF margin: -302.4% -> -222.1% (+80.3%)",
      "severity": "MEDIUM"
    },
    {
      "quarter": "2022-06 (Q2)",
      "signal": "GROSS MARGIN INFLECTION",
      "detail": "GM: +56.5% -> +49.9% -> +65.1% (reversal +15.2%)",
      "severity": "HIGH"
    },
    {
      "quarter": "2022-06 (Q2)",
      "signal": "YoY REVENUE GROWTH ACCELERATION",
      "detail": "YoY growth: -18.1% vs prior quarter YoY: -24.2% (accel: +6.2%)",
      "severity": "MEDIUM"
    },
    {
      "quarter": "2022-03 (Q1)",
      "signal": "YoY REVENUE GROWTH DECELERATION",
      "detail": "YoY growth: -24.2% vs prior quarter YoY: +5050.8% (decel: -5075.1%)",
      "severity": "WARNING"
    },
    {
      "quarter": "2021-12 (Q4)",
      "signal": "FCF MARGIN EXPANSION",
      "detail": "FCF margin: -210.4% -> -109.0% (+101.3%)",
      "severity": "MEDIUM"
    },
    {
      "quarter": "2021-03 (Q1)",
      "signal": "FCF MARGIN EXPANSION",
      "detail": "FCF margin: -2977.0% -> -60.9% (+2916.2%)",
      "severity": "MEDIUM"
    },
    {
      "quarter": "2021-03 (Q1)",
      "signal": "OPERATING LEVERAGE",
      "detail": "Rev growth +5180.3% vs OpEx growth +200.5% (leverage: 25.8x)",
      "severity": "MEDIUM"
    }
  ],
  "data_quality": {
    "n_quarters": 20,
    "coverage": {
      "revenue": [
        20,
        20
      ],
      "gross_profit": [
        20,
        20
      ],
      "op_income": [
        20,
        20
      ],
      "fcf": [
        20,
        20
      ]
    },
    "gaps": [],
    "warnings": []
  },
  "market_cap": null,
  "source": "SEC EDGAR",
  "last_updated": "2026-02-03T00:00:36.214132",
  "sector": "Healthcare",
  "industry": "Biotechnology"
}