{
  "ticker": "HKHC",
  "name": "HORIZON KINETICS HOLDING CORPORATION",
  "quarters": [
    {
      "date": "2020-12-31T00:00:00",
      "quarter_label": "2020-12 (Q4)",
      "revenue": 9138000,
      "gross_profit": 2750000,
      "operating_income": -1623000,
      "net_income": -1233000,
      "opex": 4373000,
      "cogs": 6388000,
      "rd": null,
      "sga": null,
      "fcf": -720000,
      "ocf": -720000,
      "capex": null,
      "gross_margin": 0.3009411249726417,
      "op_margin": -0.17760998030203545,
      "fcf_margin": -0.07879185817465528
    },
    {
      "date": "2021-03-31T00:00:00",
      "quarter_label": "2021-03 (Q1)",
      "revenue": 9433000,
      "gross_profit": 4137000,
      "operating_income": -246000,
      "net_income": -280000,
      "opex": 4383000,
      "cogs": 5296000,
      "rd": null,
      "sga": null,
      "fcf": 346000,
      "ocf": 346000,
      "capex": null,
      "gross_margin": 0.4385667338068483,
      "op_margin": -0.02607866002332238,
      "fcf_margin": 0.036679741333616026,
      "op_leverage_ratio": 14.117257605602978,
      "fcf_margin_change": 0.11547159950827131
    },
    {
      "date": "2021-06-30T00:00:00",
      "quarter_label": "2021-06 (Q2)",
      "revenue": 8451000,
      "gross_profit": 3522000,
      "operating_income": -1273000,
      "net_income": -1066000,
      "opex": 4795000,
      "cogs": 4929000,
      "rd": null,
      "sga": null,
      "fcf": -1051000,
      "ocf": -1051000,
      "capex": null,
      "gross_margin": 0.41675541356052537,
      "op_margin": -0.15063306117619216,
      "fcf_margin": -0.12436398059401255,
      "fcf_margin_change": -0.16104372192762856
    },
    {
      "date": "2021-09-30T00:00:00",
      "quarter_label": "2021-09 (Q3)",
      "revenue": 8555000,
      "gross_profit": 3142000,
      "operating_income": -925000,
      "net_income": -2468000,
      "opex": 4067000,
      "cogs": 5413000,
      "rd": null,
      "sga": null,
      "fcf": -689000,
      "ocf": -689000,
      "capex": null,
      "gross_margin": 0.367270601987142,
      "op_margin": -0.1081239041496201,
      "fcf_margin": -0.08053769725306838,
      "op_leverage_ratio": Infinity,
      "fcf_margin_change": 0.04382628334094417
    },
    {
      "date": "2021-12-31T00:00:00",
      "quarter_label": "2021-12 (Q4)",
      "revenue": 6642000,
      "gross_profit": 2793000,
      "operating_income": -6413000,
      "net_income": -7277000,
      "opex": 9206000,
      "cogs": 3849000,
      "rd": null,
      "sga": null,
      "fcf": 1072000,
      "ocf": 1072000,
      "capex": null,
      "gross_margin": 0.4205058717253839,
      "op_margin": -0.9655224330021078,
      "fcf_margin": 0.16139716952725083,
      "incr_op_margin_yoy": 1.9190705128205128,
      "rev_growth_yoy": -0.273145108338805,
      "fcf_margin_change": 0.24193486678031922
    },
    {
      "date": "2022-03-31T00:00:00",
      "quarter_label": "2022-03 (Q1)",
      "revenue": 5790000,
      "gross_profit": 2934000,
      "operating_income": -301000,
      "net_income": -451000,
      "opex": 3235000,
      "cogs": 2856000,
      "rd": null,
      "sga": null,
      "fcf": -4000,
      "ocf": -4000,
      "capex": null,
      "gross_margin": 0.5067357512953368,
      "op_margin": -0.051986183074265974,
      "fcf_margin": -0.000690846286701209,
      "incr_op_margin_yoy": 0.015097447158934943,
      "rev_growth_yoy": -0.3861973921339977,
      "rev_growth_yoy_accel": -0.11305228379519267,
      "fcf_margin_change": -0.16208801581395205
    },
    {
      "date": "2022-06-30T00:00:00",
      "quarter_label": "2022-06 (Q2)",
      "revenue": 5383000,
      "gross_profit": 2275000,
      "operating_income": -4151000,
      "net_income": -4333000,
      "opex": 6426000,
      "cogs": 3108000,
      "rd": null,
      "sga": null,
      "fcf": 470000,
      "ocf": 470000,
      "capex": null,
      "gross_margin": 0.4226267880364109,
      "op_margin": -0.7711313394018205,
      "fcf_margin": 0.0873119078580717,
      "incr_op_margin_yoy": 0.9380704041720991,
      "rev_growth_yoy": -0.3630339604780499,
      "rev_growth_yoy_accel": 0.023163431655947753,
      "fcf_margin_change": 0.08800275414477292
    },
    {
      "date": "2022-09-30T00:00:00",
      "quarter_label": "2022-09 (Q3)",
      "revenue": 4277000,
      "gross_profit": 1919000,
      "operating_income": -603000,
      "net_income": -744000,
      "opex": 2522000,
      "cogs": 2358000,
      "rd": null,
      "sga": null,
      "fcf": -1655000,
      "ocf": -1655000,
      "capex": null,
      "gross_margin": 0.44867898059387423,
      "op_margin": -0.14098667290156652,
      "fcf_margin": -0.38695347205985503,
      "incr_op_margin_yoy": -0.07526881720430108,
      "rev_growth_yoy": -0.5000584453535943,
      "rev_growth_yoy_accel": -0.13702448487554442,
      "fcf_margin_change": -0.4742653799179267
    },
    {
      "date": "2022-12-31T00:00:00",
      "quarter_label": "2022-12 (Q4)",
      "revenue": 1121000,
      "gross_profit": -27000,
      "operating_income": -3262000,
      "net_income": -3323000,
      "opex": 3235000,
      "cogs": 1148000,
      "rd": null,
      "sga": null,
      "fcf": -660000,
      "ocf": -660000,
      "capex": null,
      "gross_margin": -0.02408563782337199,
      "op_margin": -2.9099018733273865,
      "fcf_margin": -0.5887600356824264,
      "incr_op_margin_yoy": -0.5707299402282195,
      "rev_growth_yoy": -0.831225534477567,
      "rev_growth_yoy_accel": -0.33116708912397264,
      "fcf_margin_change": -0.20180656362257138
    },
    {
      "date": "2023-03-31T00:00:00",
      "quarter_label": "2023-03 (Q1)",
      "revenue": 3248000,
      "gross_profit": 1399000,
      "operating_income": -294000,
      "net_income": 369000,
      "opex": 1693000,
      "cogs": 1849000,
      "rd": null,
      "sga": null,
      "fcf": 756000,
      "ocf": 756000,
      "capex": null,
      "gross_margin": 0.4307266009852217,
      "op_margin": -0.09051724137931035,
      "fcf_margin": 0.23275862068965517,
      "incr_op_margin_yoy": -0.0027537372147915028,
      "rev_growth_yoy": -0.4390328151986183,
      "rev_growth_yoy_accel": 0.39219271927894866,
      "op_leverage_ratio": Infinity,
      "fcf_margin_change": 0.8215186563720815
    },
    {
      "date": "2023-06-30T00:00:00",
      "quarter_label": "2023-06 (Q2)",
      "revenue": 1538000,
      "gross_profit": 714000,
      "operating_income": -669000,
      "net_income": -453000,
      "opex": 1383000,
      "cogs": 824000,
      "rd": null,
      "sga": null,
      "fcf": 151000,
      "ocf": 151000,
      "capex": null,
      "gross_margin": 0.46423927178153446,
      "op_margin": -0.43498049414824447,
      "fcf_margin": 0.09817945383615084,
      "incr_op_margin_yoy": -0.905591677503251,
      "rev_growth_yoy": -0.7142857142857143,
      "rev_growth_yoy_accel": -0.275252899087096,
      "fcf_margin_change": -0.13457916685350432
    },
    {
      "date": "2023-09-30T00:00:00",
      "quarter_label": "2023-09 (Q3)",
      "revenue": 907000,
      "gross_profit": 355000,
      "operating_income": -972000,
      "net_income": 2995000,
      "opex": 1327000,
      "cogs": 552000,
      "rd": null,
      "sga": 385000,
      "fcf": 22835000,
      "ocf": 22835000,
      "capex": null,
      "gross_margin": 0.3914002205071665,
      "op_margin": -1.071664829106946,
      "fcf_margin": 25.17640573318633,
      "incr_op_margin_yoy": 0.10949554896142433,
      "rev_growth_yoy": -0.7879354687865326,
      "rev_growth_yoy_accel": -0.07364975450081834,
      "fcf_margin_change": 25.07822627935018
    },
    {
      "date": "2023-12-31T00:00:00",
      "quarter_label": "2023-12 (Q4)",
      "revenue": -33295000,
      "gross_profit": 388000,
      "operating_income": -2331000,
      "net_income": -2531000,
      "opex": 2719000,
      "cogs": 392000,
      "rd": null,
      "sga": 464000,
      "fcf": 1734000,
      "ocf": 1734000,
      "capex": null,
      "gross_margin": -0.011653401411623366,
      "op_margin": 0.07001051208890224,
      "fcf_margin": -0.05207989187565701,
      "incr_op_margin_yoy": -0.027051371455137144,
      "rev_growth_yoy": -30.70115967885816,
      "rev_growth_yoy_accel": -29.91322421007163,
      "fcf_margin_change": -25.228485625061985
    },
    {
      "date": "2024-03-31T00:00:00",
      "quarter_label": "2024-03 (Q1)",
      "revenue": 859000,
      "gross_profit": 358000,
      "operating_income": -521000,
      "net_income": -492000,
      "opex": 879000,
      "cogs": 501000,
      "rd": null,
      "sga": 564000,
      "fcf": 18915000,
      "ocf": 18915000,
      "capex": null,
      "gross_margin": 0.4167636786961583,
      "op_margin": -0.6065192083818394,
      "fcf_margin": 22.0197904540163,
      "incr_op_margin_yoy": 0.0950188363331938,
      "rev_growth_yoy": -0.7355295566502463,
      "rev_growth_yoy_accel": 29.965630122207916,
      "fcf_margin_change": 22.071870345891956
    },
    {
      "date": "2024-06-30T00:00:00",
      "quarter_label": "2024-06 (Q2)",
      "revenue": 718000,
      "gross_profit": 342000,
      "operating_income": -486000,
      "net_income": -450000,
      "opex": 828000,
      "cogs": 376000,
      "rd": null,
      "sga": 501000,
      "fcf": -34291000,
      "ocf": -34291000,
      "capex": null,
      "gross_margin": 0.4763231197771588,
      "op_margin": -0.6768802228412256,
      "fcf_margin": -47.759052924791085,
      "rev_growth_yoy": -0.5331599479843954,
      "rev_growth_yoy_accel": 0.20236960866585096,
      "fcf_margin_change": -69.77884337880738
    },
    {
      "date": "2024-09-30T00:00:00",
      "quarter_label": "2024-09 (Q3)",
      "revenue": 15368000,
      "gross_profit": null,
      "operating_income": 1350000,
      "net_income": -38167000,
      "opex": 14018000,
      "cogs": null,
      "rd": null,
      "sga": 590000,
      "fcf": 4193000,
      "ocf": 4193000,
      "capex": null,
      "gross_margin": null,
      "op_margin": 0.08784487246225924,
      "fcf_margin": 0.2728396668401874,
      "incr_op_margin_yoy": 0.16056980845031463,
      "rev_growth_yoy": 15.943770672546858,
      "rev_growth_yoy_accel": 16.476930620531252,
      "op_leverage_ratio": 1.2808513244396764,
      "fcf_margin_change": 48.03189259163127
    },
    {
      "date": "2024-12-31T00:00:00",
      "quarter_label": "2024-12 (Q4)",
      "revenue": 19204000,
      "gross_profit": null,
      "operating_income": -20744000,
      "net_income": 75760000,
      "opex": 35490000,
      "cogs": null,
      "rd": null,
      "sga": 668000,
      "fcf": 23015000,
      "ocf": 23019000,
      "capex": -4000,
      "gross_margin": null,
      "op_margin": -1.0801916267444283,
      "fcf_margin": 1.1984482399500105,
      "incr_op_margin_yoy": -0.3507304901045734,
      "op_leverage_ratio": 0.1629576690217387,
      "fcf_margin_change": 0.9256085731098231
    },
    {
      "date": "2025-03-31T00:00:00",
      "quarter_label": "2025-03 (Q1)",
      "revenue": 19801000,
      "gross_profit": null,
      "operating_income": 1305000,
      "net_income": 22841000,
      "opex": 18496000,
      "cogs": null,
      "rd": null,
      "sga": 1095000,
      "fcf": -14480000,
      "ocf": -14480000,
      "capex": null,
      "gross_margin": null,
      "op_margin": 0.0659057623352356,
      "fcf_margin": -0.7312761981718096,
      "incr_op_margin_yoy": 0.09639953542392567,
      "rev_growth_yoy": 22.051222351571596,
      "op_leverage_ratio": Infinity,
      "fcf_margin_change": -1.92972443812182
    },
    {
      "date": "2025-06-30T00:00:00",
      "quarter_label": "2025-06 (Q2)",
      "revenue": 19761000,
      "gross_profit": null,
      "operating_income": 2506000,
      "net_income": -10489000,
      "opex": 17255000,
      "cogs": null,
      "rd": null,
      "sga": 217000,
      "fcf": -7846000,
      "ocf": -7846000,
      "capex": null,
      "gross_margin": null,
      "op_margin": 0.12681544456252214,
      "fcf_margin": -0.39704468397348314,
      "incr_op_margin_yoy": 0.15711810113952634,
      "rev_growth_yoy": 26.522284122562674,
      "rev_growth_yoy_accel": 4.471061770991078,
      "fcf_margin_change": 0.3342315141983264
    },
    {
      "date": "2025-09-30T00:00:00",
      "quarter_label": "2025-09 (Q3)",
      "revenue": 17893000,
      "gross_profit": null,
      "operating_income": 2949000,
      "net_income": 7235000,
      "opex": 14944000,
      "cogs": null,
      "rd": null,
      "sga": 766000,
      "fcf": -17948000,
      "ocf": -17948000,
      "capex": null,
      "gross_margin": null,
      "op_margin": 0.16481305538478735,
      "fcf_margin": -1.0030738277538702,
      "incr_op_margin_yoy": 0.6332673267326733,
      "rev_growth_yoy": 0.16430244664237376,
      "rev_growth_yoy_accel": -26.3579816759203,
      "fcf_margin_change": -0.6060291437803871
    }
  ],
  "signals": [
    {
      "quarter": "2025-09 (Q3)",
      "signal": "YoY REVENUE GROWTH DECELERATION",
      "detail": "YoY growth: +16.4% vs prior quarter YoY: +2652.2% (decel: -2635.8%)",
      "severity": "WARNING"
    },
    {
      "quarter": "2025-09 (Q3)",
      "signal": "INCREMENTAL MARGIN (YoY)",
      "detail": "YoY Incr OPM: +63.3% vs year-ago OPM: +8.8%",
      "severity": "HIGH"
    },
    {
      "quarter": "2025-06 (Q2)",
      "signal": "FCF MARGIN EXPANSION",
      "detail": "FCF margin: -73.1% -> -39.7% (+33.4%)",
      "severity": "MEDIUM"
    },
    {
      "quarter": "2025-06 (Q2)",
      "signal": "YoY REVENUE GROWTH ACCELERATION",
      "detail": "YoY growth: +2652.2% vs prior quarter YoY: +2205.1% (accel: +447.1%)",
      "severity": "HIGH"
    },
    {
      "quarter": "2025-06 (Q2)",
      "signal": "OP MARGIN TURNED POSITIVE (YoY)",
      "detail": "Op margin: -67.7% (year-ago) -> +12.7%",
      "severity": "HIGH"
    },
    {
      "quarter": "2025-03 (Q1)",
      "signal": "OP MARGIN TURNED POSITIVE (YoY)",
      "detail": "Op margin: -60.7% (year-ago) -> +6.6%",
      "severity": "HIGH"
    },
    {
      "quarter": "2025-03 (Q1)",
      "signal": "OP MARGIN TURNED POSITIVE (QoQ)",
      "detail": "Op margin: -108.0% -> +6.6%",
      "severity": "HIGH"
    },
    {
      "quarter": "2024-12 (Q4)",
      "signal": "FCF MARGIN EXPANSION",
      "detail": "FCF margin: +27.3% -> +119.8% (+92.6%)",
      "severity": "MEDIUM"
    },
    {
      "quarter": "2024-09 (Q3)",
      "signal": "FCF TURNED POSITIVE",
      "detail": "FCF margin: -4775.9% -> +27.3%",
      "severity": "HIGH"
    },
    {
      "quarter": "2024-09 (Q3)",
      "signal": "YoY REVENUE GROWTH ACCELERATION",
      "detail": "YoY growth: +1594.4% vs prior quarter YoY: -53.3% (accel: +1647.7%)",
      "severity": "HIGH"
    },
    {
      "quarter": "2024-09 (Q3)",
      "signal": "OP MARGIN TURNED POSITIVE (YoY)",
      "detail": "Op margin: -107.2% (year-ago) -> +8.8%",
      "severity": "HIGH"
    },
    {
      "quarter": "2024-09 (Q3)",
      "signal": "OP MARGIN TURNED POSITIVE (QoQ)",
      "detail": "Op margin: -67.7% -> +8.8%",
      "severity": "HIGH"
    },
    {
      "quarter": "2024-06 (Q2)",
      "signal": "YoY REVENUE GROWTH ACCELERATION",
      "detail": "YoY growth: -53.3% vs prior quarter YoY: -73.6% (accel: +20.2%)",
      "severity": "HIGH"
    },
    {
      "quarter": "2024-03 (Q1)",
      "signal": "FCF TURNED POSITIVE",
      "detail": "FCF margin: -5.2% -> +2202.0%",
      "severity": "HIGH"
    },
    {
      "quarter": "2024-03 (Q1)",
      "signal": "GROSS MARGIN INFLECTION",
      "detail": "GM: +39.1% -> -1.2% -> +41.7% (reversal +42.8%)",
      "severity": "HIGH"
    },
    {
      "quarter": "2024-03 (Q1)",
      "signal": "YoY REVENUE GROWTH ACCELERATION",
      "detail": "YoY growth: -73.6% vs prior quarter YoY: -3070.1% (accel: +2996.6%)",
      "severity": "HIGH"
    },
    {
      "quarter": "2023-12 (Q4)",
      "signal": "YoY REVENUE GROWTH DECELERATION",
      "detail": "YoY growth: -3070.1% vs prior quarter YoY: -78.8% (decel: -2991.3%)",
      "severity": "WARNING"
    },
    {
      "quarter": "2023-12 (Q4)",
      "signal": "OP MARGIN TURNED POSITIVE (YoY)",
      "detail": "Op margin: -291.0% (year-ago) -> +7.0%",
      "severity": "HIGH"
    },
    {
      "quarter": "2023-12 (Q4)",
      "signal": "OP MARGIN TURNED POSITIVE (QoQ)",
      "detail": "Op margin: -107.2% -> +7.0%",
      "severity": "HIGH"
    },
    {
      "quarter": "2023-09 (Q3)",
      "signal": "FCF MARGIN EXPANSION",
      "detail": "FCF margin: +9.8% -> +2517.6% (+2507.8%)",
      "severity": "MEDIUM"
    },
    {
      "quarter": "2023-09 (Q3)",
      "signal": "YoY REVENUE GROWTH DECELERATION",
      "detail": "YoY growth: -78.8% vs prior quarter YoY: -71.4% (decel: -7.4%)",
      "severity": "WARNING"
    },
    {
      "quarter": "2023-06 (Q2)",
      "signal": "YoY REVENUE GROWTH DECELERATION",
      "detail": "YoY growth: -71.4% vs prior quarter YoY: -43.9% (decel: -27.5%)",
      "severity": "WARNING"
    },
    {
      "quarter": "2023-03 (Q1)",
      "signal": "FCF TURNED POSITIVE",
      "detail": "FCF margin: -58.9% -> +23.3%",
      "severity": "HIGH"
    },
    {
      "quarter": "2023-03 (Q1)",
      "signal": "GROSS MARGIN INFLECTION",
      "detail": "GM: +44.9% -> -2.4% -> +43.1% (reversal +45.5%)",
      "severity": "HIGH"
    },
    {
      "quarter": "2023-03 (Q1)",
      "signal": "YoY REVENUE GROWTH ACCELERATION",
      "detail": "YoY growth: -43.9% vs prior quarter YoY: -83.1% (accel: +39.2%)",
      "severity": "HIGH"
    },
    {
      "quarter": "2022-12 (Q4)",
      "signal": "YoY REVENUE GROWTH DECELERATION",
      "detail": "YoY growth: -83.1% vs prior quarter YoY: -50.0% (decel: -33.1%)",
      "severity": "WARNING"
    },
    {
      "quarter": "2022-09 (Q3)",
      "signal": "GROSS MARGIN INFLECTION",
      "detail": "GM: +50.7% -> +42.3% -> +44.9% (reversal +2.6%)",
      "severity": "MEDIUM"
    },
    {
      "quarter": "2022-09 (Q3)",
      "signal": "YoY REVENUE GROWTH DECELERATION",
      "detail": "YoY growth: -50.0% vs prior quarter YoY: -36.3% (decel: -13.7%)",
      "severity": "WARNING"
    },
    {
      "quarter": "2022-06 (Q2)",
      "signal": "FCF TURNED POSITIVE",
      "detail": "FCF margin: -0.1% -> +8.7%",
      "severity": "HIGH"
    },
    {
      "quarter": "2022-03 (Q1)",
      "signal": "YoY REVENUE GROWTH DECELERATION",
      "detail": "YoY growth: -38.6% vs prior quarter YoY: -27.3% (decel: -11.3%)",
      "severity": "WARNING"
    },
    {
      "quarter": "2021-12 (Q4)",
      "signal": "FCF TURNED POSITIVE",
      "detail": "FCF margin: -8.1% -> +16.1%",
      "severity": "HIGH"
    },
    {
      "quarter": "2021-12 (Q4)",
      "signal": "GROSS MARGIN INFLECTION",
      "detail": "GM: +41.7% -> +36.7% -> +42.1% (reversal +5.3%)",
      "severity": "HIGH"
    },
    {
      "quarter": "2021-03 (Q1)",
      "signal": "FCF TURNED POSITIVE",
      "detail": "FCF margin: -7.9% -> +3.7%",
      "severity": "HIGH"
    },
    {
      "quarter": "2021-03 (Q1)",
      "signal": "OPERATING LEVERAGE",
      "detail": "Rev growth +3.2% vs OpEx growth +0.2% (leverage: 14.1x)",
      "severity": "MEDIUM"
    }
  ],
  "data_quality": {
    "n_quarters": 20,
    "coverage": {
      "revenue": [
        20,
        20
      ],
      "gross_profit": [
        15,
        20
      ],
      "op_income": [
        20,
        20
      ],
      "fcf": [
        20,
        20
      ]
    },
    "gaps": [],
    "warnings": [
      "gross_profit: 15/20Q"
    ]
  },
  "market_cap": null,
  "source": "SEC EDGAR",
  "last_updated": "2026-02-02T22:26:16.690228"
}