{
  "ticker": "HL",
  "name": "HECLA MINING COMPANY",
  "quarters": [
    {
      "date": "2020-12-31T00:00:00",
      "quarter_label": "2020-12 (Q4)",
      "revenue": 188890000,
      "gross_profit": 46764000,
      "operating_income": 25338000,
      "net_income": 795000,
      "opex": 21426000,
      "cogs": 142126000,
      "rd": 0,
      "sga": null,
      "fcf": 28267000,
      "ocf": 64901000,
      "capex": -36634000,
      "gross_margin": 0.24757266133728625,
      "op_margin": 0.13414156387315368,
      "fcf_margin": 0.14964794324739267
    },
    {
      "date": "2021-03-31T00:00:00",
      "quarter_label": "2021-03 (Q1)",
      "revenue": 210852000,
      "gross_profit": 64812000,
      "operating_income": 38449000,
      "net_income": 18971000,
      "opex": 26363000,
      "cogs": 146040000,
      "rd": null,
      "sga": null,
      "fcf": 16523000,
      "ocf": 37936000,
      "capex": -21413000,
      "gross_margin": 0.3073814808491264,
      "op_margin": 0.1823506535389752,
      "fcf_margin": 0.07836302240434048,
      "op_leverage_ratio": 0.5045926195072472,
      "fcf_margin_change": -0.07128492084305219
    },
    {
      "date": "2021-06-30T00:00:00",
      "quarter_label": "2021-06 (Q2)",
      "revenue": 217983000,
      "gross_profit": 59260000,
      "operating_income": 26462000,
      "net_income": 785000,
      "opex": 32798000,
      "cogs": 158723000,
      "rd": null,
      "sga": null,
      "fcf": 54406000,
      "ocf": 86304000,
      "capex": -31898000,
      "gross_margin": 0.27185606216998576,
      "op_margin": 0.12139478766692816,
      "fcf_margin": 0.24958827064495856,
      "op_leverage_ratio": 0.13855397506584122,
      "fcf_margin_change": 0.17122524824061808
    },
    {
      "date": "2021-09-30T00:00:00",
      "quarter_label": "2021-09 (Q3)",
      "revenue": 193560000,
      "gross_profit": 35228000,
      "operating_income": -8572000,
      "net_income": -979000,
      "opex": 43800000,
      "cogs": 158332000,
      "rd": null,
      "sga": null,
      "fcf": 15843000,
      "ocf": 42742000,
      "capex": -26899000,
      "gross_margin": 0.1820004133085348,
      "op_margin": -0.0442860095060963,
      "fcf_margin": 0.08185058896466212,
      "fcf_margin_change": -0.16773768168029646
    },
    {
      "date": "2021-12-31T00:00:00",
      "quarter_label": "2021-12 (Q4)",
      "revenue": 185078000,
      "gross_profit": 53241000,
      "operating_income": 21821000,
      "net_income": 11875000,
      "opex": 31420000,
      "cogs": 131837000,
      "rd": null,
      "sga": null,
      "fcf": 24517000,
      "ocf": 53355000,
      "capex": -28838000,
      "gross_margin": 0.28766790218178284,
      "op_margin": 0.11790164147008289,
      "fcf_margin": 0.1324684727520289,
      "incr_op_margin_yoy": 0.9226128016789087,
      "rev_growth_yoy": -0.020181057758483775,
      "fcf_margin_change": 0.05061788378736677
    },
    {
      "date": "2022-03-31T00:00:00",
      "quarter_label": "2022-03 (Q1)",
      "revenue": 186499000,
      "gross_profit": 45429000,
      "operating_income": 14758000,
      "net_income": 4153000,
      "opex": 30671000,
      "cogs": 141070000,
      "rd": null,
      "sga": null,
      "fcf": 16431000,
      "ocf": 37909000,
      "capex": -21478000,
      "gross_margin": 0.2435884374715146,
      "op_margin": 0.07913179159137583,
      "fcf_margin": 0.08810234907425778,
      "incr_op_margin_yoy": 0.9728164907814232,
      "rev_growth_yoy": -0.11549807447878133,
      "rev_growth_yoy_accel": -0.09531701672029755,
      "fcf_margin_change": -0.04436612367777111
    },
    {
      "date": "2022-06-30T00:00:00",
      "quarter_label": "2022-06 (Q2)",
      "revenue": 191242000,
      "gross_profit": 37263000,
      "operating_income": 7712000,
      "net_income": -13523000,
      "opex": 29551000,
      "cogs": 153979000,
      "rd": null,
      "sga": null,
      "fcf": 5854000,
      "ocf": 40183000,
      "capex": -34329000,
      "gross_margin": 0.1948473661643363,
      "op_margin": 0.040325869840307046,
      "fcf_margin": 0.03061043076311689,
      "incr_op_margin_yoy": 0.7011704872667439,
      "rev_growth_yoy": -0.12267470399067817,
      "rev_growth_yoy_accel": -0.007176629511896848,
      "op_leverage_ratio": Infinity,
      "fcf_margin_change": -0.05749191831114089
    },
    {
      "date": "2022-09-30T00:00:00",
      "quarter_label": "2022-09 (Q3)",
      "revenue": 146339000,
      "gross_profit": 8447000,
      "operating_income": -25459000,
      "net_income": -23526000,
      "opex": 33906000,
      "cogs": 137892000,
      "rd": null,
      "sga": null,
      "fcf": -61752000,
      "ocf": -24322000,
      "capex": -37430000,
      "gross_margin": 0.057722138322661765,
      "op_margin": -0.17397276187482488,
      "fcf_margin": -0.4219791033149058,
      "incr_op_margin_yoy": 0.35761631477520595,
      "rev_growth_yoy": -0.24396052903492457,
      "rev_growth_yoy_accel": -0.1212858250442464,
      "fcf_margin_change": -0.45258953407802266
    },
    {
      "date": "2022-12-31T00:00:00",
      "quarter_label": "2022-12 (Q4)",
      "revenue": 194825000,
      "gross_profit": 25017000,
      "operating_income": 15427000,
      "net_income": -4452000,
      "opex": 34466000,
      "cogs": 169808000,
      "rd": null,
      "sga": null,
      "fcf": -20021000,
      "ocf": 36120000,
      "capex": -56141000,
      "gross_margin": 0.12840754523290132,
      "op_margin": 0.07918388297189785,
      "fcf_margin": -0.10276401899140254,
      "incr_op_margin_yoy": -0.6559967169385452,
      "rev_growth_yoy": 0.05266428208647165,
      "rev_growth_yoy_accel": 0.2966248111213962,
      "op_leverage_ratio": 20.060640948170246,
      "fcf_margin_change": 0.31921508432350326
    },
    {
      "date": "2023-03-31T00:00:00",
      "quarter_label": "2023-03 (Q1)",
      "revenue": 199500000,
      "gross_profit": 34948000,
      "operating_income": 5553000,
      "net_income": -3173000,
      "opex": 29395000,
      "cogs": 164552000,
      "rd": null,
      "sga": null,
      "fcf": -13840000,
      "ocf": 40603000,
      "capex": -54443000,
      "gross_margin": 0.17517794486215538,
      "op_margin": 0.027834586466165413,
      "fcf_margin": -0.0693734335839599,
      "incr_op_margin_yoy": -0.7080224598107838,
      "rev_growth_yoy": 0.0697108295486839,
      "rev_growth_yoy_accel": 0.017046547462212257,
      "op_leverage_ratio": Infinity,
      "fcf_margin_change": 0.033390585407442636
    },
    {
      "date": "2023-06-30T00:00:00",
      "quarter_label": "2023-06 (Q2)",
      "revenue": 178131000,
      "gross_profit": 37659000,
      "operating_income": 4811000,
      "net_income": -15694000,
      "opex": 32848000,
      "cogs": 140472000,
      "rd": null,
      "sga": null,
      "fcf": -27691000,
      "ocf": 23777000,
      "capex": -51468000,
      "gross_margin": 0.211411826127962,
      "op_margin": 0.027008213056683,
      "fcf_margin": -0.1554530093021428,
      "incr_op_margin_yoy": 0.2212645869880253,
      "rev_growth_yoy": -0.068557116114661,
      "rev_growth_yoy_accel": -0.1382679456633449,
      "fcf_margin_change": -0.08607957571818291
    },
    {
      "date": "2023-09-30T00:00:00",
      "quarter_label": "2023-09 (Q3)",
      "revenue": 181906000,
      "gross_profit": 33477000,
      "operating_income": -12641000,
      "net_income": -22415000,
      "opex": 46118000,
      "cogs": 148429000,
      "rd": null,
      "sga": null,
      "fcf": -45119000,
      "ocf": 10235000,
      "capex": -55354000,
      "gross_margin": 0.18403461128275042,
      "op_margin": -0.06949193539520411,
      "fcf_margin": -0.24803469924026694,
      "incr_op_margin_yoy": 0.3603902493884781,
      "rev_growth_yoy": 0.24304525792850845,
      "rev_growth_yoy_accel": 0.3116023740431695,
      "op_leverage_ratio": 0.05245845059111366,
      "fcf_margin_change": -0.09258168993812413
    },
    {
      "date": "2023-12-31T00:00:00",
      "quarter_label": "2023-12 (Q4)",
      "revenue": 160690000,
      "gross_profit": 6865000,
      "operating_income": -42397000,
      "net_income": -42935000,
      "opex": 49262000,
      "cogs": 153825000,
      "rd": null,
      "sga": null,
      "fcf": -61738000,
      "ocf": 884000,
      "capex": -62622000,
      "gross_margin": 0.042722011326155954,
      "op_margin": -0.26384342522870124,
      "fcf_margin": -0.38420561329267533,
      "incr_op_margin_yoy": 1.6939797861432546,
      "rev_growth_yoy": -0.17520852046708585,
      "rev_growth_yoy_accel": -0.4182537783955943,
      "fcf_margin_change": -0.1361709140524084
    },
    {
      "date": "2024-03-31T00:00:00",
      "quarter_label": "2024-03 (Q1)",
      "revenue": 189528000,
      "gross_profit": 19160000,
      "operating_income": 5064000,
      "net_income": -5753000,
      "opex": 14096000,
      "cogs": 170368000,
      "rd": null,
      "sga": null,
      "fcf": -30509000,
      "ocf": 17080000,
      "capex": -47589000,
      "gross_margin": 0.10109324215946984,
      "op_margin": 0.02671900721793086,
      "fcf_margin": -0.16097357646363597,
      "incr_op_margin_yoy": 0.04903730445246691,
      "rev_growth_yoy": -0.049984962406015035,
      "rev_growth_yoy_accel": 0.12522355806107083,
      "op_leverage_ratio": Infinity,
      "fcf_margin_change": 0.22323203682903936
    },
    {
      "date": "2024-06-30T00:00:00",
      "quarter_label": "2024-06 (Q2)",
      "revenue": 245657000,
      "gross_profit": 51430000,
      "operating_income": 40600000,
      "net_income": 27870000,
      "opex": 10830000,
      "cogs": 194227000,
      "rd": null,
      "sga": null,
      "fcf": 28298000,
      "ocf": 78718000,
      "capex": -50420000,
      "gross_margin": 0.2093569489165788,
      "op_margin": 0.16527108936443904,
      "fcf_margin": 0.11519313514371665,
      "incr_op_margin_yoy": 0.5300032580043242,
      "rev_growth_yoy": 0.3790805643037989,
      "rev_growth_yoy_accel": 0.4290655267098139,
      "op_leverage_ratio": Infinity,
      "fcf_margin_change": 0.2761667116073526
    },
    {
      "date": "2024-09-30T00:00:00",
      "quarter_label": "2024-09 (Q3)",
      "revenue": 245085000,
      "gross_profit": 59286000,
      "operating_income": 22475000,
      "net_income": 1761000,
      "opex": 36811000,
      "cogs": 185799000,
      "rd": null,
      "sga": null,
      "fcf": -690000,
      "ocf": 55009000,
      "capex": -55699000,
      "gross_margin": 0.24189974906665035,
      "op_margin": 0.09170287859314115,
      "fcf_margin": -0.0028153497766081155,
      "incr_op_margin_yoy": 0.5558175976194621,
      "rev_growth_yoy": 0.34731674601167634,
      "rev_growth_yoy_accel": -0.03176381829212255,
      "fcf_margin_change": -0.11800848492032477
    },
    {
      "date": "2024-12-31T00:00:00",
      "quarter_label": "2024-12 (Q4)",
      "revenue": 249655000,
      "gross_profit": 68334000,
      "operating_income": 38137000,
      "net_income": 11924000,
      "opex": 30197000,
      "cogs": 181321000,
      "rd": null,
      "sga": null,
      "fcf": 6686000,
      "ocf": 67470000,
      "capex": -60784000,
      "gross_margin": 0.2737137249404178,
      "op_margin": 0.15275880715387236,
      "fcf_margin": 0.026780957721655885,
      "incr_op_margin_yoy": 0.905232394761985,
      "rev_growth_yoy": 0.5536436617088805,
      "rev_growth_yoy_accel": 0.20632691569720413,
      "op_leverage_ratio": Infinity,
      "fcf_margin_change": 0.029596307498264002
    },
    {
      "date": "2025-03-31T00:00:00",
      "quarter_label": "2025-03 (Q1)",
      "revenue": 261339000,
      "gross_profit": 74004000,
      "operating_income": 52355000,
      "net_income": 28872000,
      "opex": 21649000,
      "cogs": 187335000,
      "rd": null,
      "sga": null,
      "fcf": -18357000,
      "ocf": 35738000,
      "capex": -54095000,
      "gross_margin": 0.28317243121003755,
      "op_margin": 0.2003336662342781,
      "fcf_margin": -0.07024209934223365,
      "incr_op_margin_yoy": 0.6585481332943421,
      "rev_growth_yoy": 0.37889388375332406,
      "rev_growth_yoy_accel": -0.1747497779555564,
      "op_leverage_ratio": Infinity,
      "fcf_margin_change": -0.09702305706388953
    },
    {
      "date": "2025-06-30T00:00:00",
      "quarter_label": "2025-06 (Q2)",
      "revenue": 304027000,
      "gross_profit": 119524000,
      "operating_income": 93756000,
      "net_income": 57705000,
      "opex": 25768000,
      "cogs": 184503000,
      "rd": null,
      "sga": null,
      "fcf": 103753000,
      "ocf": 161796000,
      "capex": -58043000,
      "gross_margin": 0.39313613593529523,
      "op_margin": 0.30838050567877195,
      "fcf_margin": 0.3412624536636549,
      "incr_op_margin_yoy": 0.9106732910741819,
      "rev_growth_yoy": 0.2376077213350322,
      "rev_growth_yoy_accel": -0.14128616241829187,
      "op_leverage_ratio": 0.8585144936356445,
      "fcf_margin_change": 0.4115045530058885
    },
    {
      "date": "2025-09-30T00:00:00",
      "quarter_label": "2025-09 (Q3)",
      "revenue": 409542000,
      "gross_profit": 180467000,
      "operating_income": 148645000,
      "net_income": 100726000,
      "opex": 31822000,
      "cogs": 229075000,
      "rd": null,
      "sga": null,
      "fcf": 90144000,
      "ocf": 148049000,
      "capex": -57905000,
      "gross_margin": 0.4406556592486241,
      "op_margin": 0.36295422691689744,
      "fcf_margin": 0.22010929281978406,
      "incr_op_margin_yoy": 0.7671914238980402,
      "rev_growth_yoy": 0.6710202582777404,
      "rev_growth_yoy_accel": 0.4334125369427082,
      "op_leverage_ratio": 1.4772035557510825,
      "fcf_margin_change": -0.12115316084387082
    }
  ],
  "signals": [
    {
      "quarter": "2025-09 (Q3)",
      "signal": "YoY REVENUE GROWTH ACCELERATION",
      "detail": "YoY growth: +67.1% vs prior quarter YoY: +23.8% (accel: +43.3%)",
      "severity": "HIGH"
    },
    {
      "quarter": "2025-09 (Q3)",
      "signal": "INCREMENTAL MARGIN (YoY)",
      "detail": "YoY Incr OPM: +76.7% vs year-ago OPM: +9.2%",
      "severity": "HIGH"
    },
    {
      "quarter": "2025-06 (Q2)",
      "signal": "FCF TURNED POSITIVE",
      "detail": "FCF margin: -7.0% -> +34.1%",
      "severity": "HIGH"
    },
    {
      "quarter": "2025-06 (Q2)",
      "signal": "YoY REVENUE GROWTH DECELERATION",
      "detail": "YoY growth: +23.8% vs prior quarter YoY: +37.9% (decel: -14.1%)",
      "severity": "WARNING"
    },
    {
      "quarter": "2025-06 (Q2)",
      "signal": "INCREMENTAL MARGIN (YoY)",
      "detail": "YoY Incr OPM: +91.1% vs year-ago OPM: +16.5%",
      "severity": "HIGH"
    },
    {
      "quarter": "2025-03 (Q1)",
      "signal": "YoY REVENUE GROWTH DECELERATION",
      "detail": "YoY growth: +37.9% vs prior quarter YoY: +55.4% (decel: -17.5%)",
      "severity": "WARNING"
    },
    {
      "quarter": "2025-03 (Q1)",
      "signal": "INCREMENTAL MARGIN (YoY)",
      "detail": "YoY Incr OPM: +65.9% vs year-ago OPM: +2.7%",
      "severity": "HIGH"
    },
    {
      "quarter": "2024-12 (Q4)",
      "signal": "FCF TURNED POSITIVE",
      "detail": "FCF margin: -0.3% -> +2.7%",
      "severity": "HIGH"
    },
    {
      "quarter": "2024-12 (Q4)",
      "signal": "YoY REVENUE GROWTH ACCELERATION",
      "detail": "YoY growth: +55.4% vs prior quarter YoY: +34.7% (accel: +20.6%)",
      "severity": "HIGH"
    },
    {
      "quarter": "2024-12 (Q4)",
      "signal": "OP MARGIN TURNED POSITIVE (YoY)",
      "detail": "Op margin: -26.4% (year-ago) -> +15.3%",
      "severity": "HIGH"
    },
    {
      "quarter": "2024-09 (Q3)",
      "signal": "OP MARGIN TURNED POSITIVE (YoY)",
      "detail": "Op margin: -6.9% (year-ago) -> +9.2%",
      "severity": "HIGH"
    },
    {
      "quarter": "2024-06 (Q2)",
      "signal": "FCF TURNED POSITIVE",
      "detail": "FCF margin: -16.1% -> +11.5%",
      "severity": "HIGH"
    },
    {
      "quarter": "2024-06 (Q2)",
      "signal": "YoY REVENUE GROWTH ACCELERATION",
      "detail": "YoY growth: +37.9% vs prior quarter YoY: -5.0% (accel: +42.9%)",
      "severity": "HIGH"
    },
    {
      "quarter": "2024-06 (Q2)",
      "signal": "INCREMENTAL MARGIN (YoY)",
      "detail": "YoY Incr OPM: +53.0% vs year-ago OPM: +2.7%",
      "severity": "HIGH"
    },
    {
      "quarter": "2024-03 (Q1)",
      "signal": "FCF MARGIN EXPANSION",
      "detail": "FCF margin: -38.4% -> -16.1% (+22.3%)",
      "severity": "MEDIUM"
    },
    {
      "quarter": "2024-03 (Q1)",
      "signal": "GROSS MARGIN INFLECTION",
      "detail": "GM: +18.4% -> +4.3% -> +10.1% (reversal +5.8%)",
      "severity": "HIGH"
    },
    {
      "quarter": "2024-03 (Q1)",
      "signal": "YoY REVENUE GROWTH ACCELERATION",
      "detail": "YoY growth: -5.0% vs prior quarter YoY: -17.5% (accel: +12.5%)",
      "severity": "MEDIUM"
    },
    {
      "quarter": "2024-03 (Q1)",
      "signal": "OP MARGIN TURNED POSITIVE (QoQ)",
      "detail": "Op margin: -26.4% -> +2.7%",
      "severity": "HIGH"
    },
    {
      "quarter": "2023-12 (Q4)",
      "signal": "YoY REVENUE GROWTH DECELERATION",
      "detail": "YoY growth: -17.5% vs prior quarter YoY: +24.3% (decel: -41.8%)",
      "severity": "WARNING"
    },
    {
      "quarter": "2023-09 (Q3)",
      "signal": "YoY REVENUE GROWTH ACCELERATION",
      "detail": "YoY growth: +24.3% vs prior quarter YoY: -6.9% (accel: +31.2%)",
      "severity": "HIGH"
    },
    {
      "quarter": "2023-06 (Q2)",
      "signal": "YoY REVENUE GROWTH DECELERATION",
      "detail": "YoY growth: -6.9% vs prior quarter YoY: +7.0% (decel: -13.8%)",
      "severity": "WARNING"
    },
    {
      "quarter": "2023-06 (Q2)",
      "signal": "INCREMENTAL MARGIN (YoY)",
      "detail": "YoY Incr OPM: +22.1% vs year-ago OPM: +4.0%",
      "severity": "MEDIUM"
    },
    {
      "quarter": "2022-12 (Q4)",
      "signal": "FCF MARGIN EXPANSION",
      "detail": "FCF margin: -42.2% -> -10.3% (+31.9%)",
      "severity": "MEDIUM"
    },
    {
      "quarter": "2022-12 (Q4)",
      "signal": "OPERATING LEVERAGE",
      "detail": "Rev growth +33.1% vs OpEx growth +1.7% (leverage: 20.1x)",
      "severity": "MEDIUM"
    },
    {
      "quarter": "2022-12 (Q4)",
      "signal": "GROSS MARGIN INFLECTION",
      "detail": "GM: +19.5% -> +5.8% -> +12.8% (reversal +7.1%)",
      "severity": "HIGH"
    },
    {
      "quarter": "2022-12 (Q4)",
      "signal": "YoY REVENUE GROWTH ACCELERATION",
      "detail": "YoY growth: +5.3% vs prior quarter YoY: -24.4% (accel: +29.7%)",
      "severity": "HIGH"
    },
    {
      "quarter": "2022-12 (Q4)",
      "signal": "OP MARGIN TURNED POSITIVE (QoQ)",
      "detail": "Op margin: -17.4% -> +7.9%",
      "severity": "HIGH"
    },
    {
      "quarter": "2022-09 (Q3)",
      "signal": "YoY REVENUE GROWTH DECELERATION",
      "detail": "YoY growth: -24.4% vs prior quarter YoY: -12.3% (decel: -12.1%)",
      "severity": "WARNING"
    },
    {
      "quarter": "2022-06 (Q2)",
      "signal": "INCREMENTAL MARGIN (YoY)",
      "detail": "YoY Incr OPM: +70.1% vs year-ago OPM: +12.1%",
      "severity": "HIGH"
    },
    {
      "quarter": "2022-03 (Q1)",
      "signal": "YoY REVENUE GROWTH DECELERATION",
      "detail": "YoY growth: -11.5% vs prior quarter YoY: -2.0% (decel: -9.5%)",
      "severity": "WARNING"
    },
    {
      "quarter": "2022-03 (Q1)",
      "signal": "INCREMENTAL MARGIN (YoY)",
      "detail": "YoY Incr OPM: +97.3% vs year-ago OPM: +18.2%",
      "severity": "HIGH"
    },
    {
      "quarter": "2021-12 (Q4)",
      "signal": "FCF MARGIN EXPANSION",
      "detail": "FCF margin: +8.2% -> +13.2% (+5.1%)",
      "severity": "MEDIUM"
    },
    {
      "quarter": "2021-12 (Q4)",
      "signal": "GROSS MARGIN INFLECTION",
      "detail": "GM: +27.2% -> +18.2% -> +28.8% (reversal +10.6%)",
      "severity": "HIGH"
    },
    {
      "quarter": "2021-12 (Q4)",
      "signal": "INCREMENTAL MARGIN (YoY)",
      "detail": "YoY Incr OPM: +92.3% vs year-ago OPM: +13.4%",
      "severity": "HIGH"
    },
    {
      "quarter": "2021-12 (Q4)",
      "signal": "OP MARGIN TURNED POSITIVE (QoQ)",
      "detail": "Op margin: -4.4% -> +11.8%",
      "severity": "HIGH"
    },
    {
      "quarter": "2021-06 (Q2)",
      "signal": "FCF MARGIN EXPANSION",
      "detail": "FCF margin: +7.8% -> +25.0% (+17.1%)",
      "severity": "MEDIUM"
    }
  ],
  "data_quality": {
    "n_quarters": 20,
    "coverage": {
      "revenue": [
        20,
        20
      ],
      "gross_profit": [
        20,
        20
      ],
      "op_income": [
        20,
        20
      ],
      "fcf": [
        20,
        20
      ]
    },
    "gaps": [],
    "warnings": []
  },
  "market_cap": null,
  "source": "SEC EDGAR",
  "last_updated": "2026-02-02T20:19:53.752466"
}