{
  "ticker": "HLIO",
  "name": "HELIOS TECHNOLOGIES, INC.",
  "quarters": [
    {
      "date": "2021-01-02T00:00:00",
      "quarter_label": "2021-01 (Q1)",
      "revenue": 151618000,
      "gross_profit": 52716000,
      "operating_income": 10400000,
      "net_income": 5551000,
      "opex": 42316000,
      "cogs": 98902000,
      "rd": 3736000,
      "sga": 33525000,
      "fcf": 24128000,
      "ocf": 31573000,
      "capex": -7445000,
      "gross_margin": 0.3476895883074569,
      "op_margin": 0.06859343877376037,
      "fcf_margin": 0.15913677795512407
    },
    {
      "date": "2021-04-03T00:00:00",
      "quarter_label": "2021-04 (Q2)",
      "revenue": 204844000,
      "gross_profit": 75367000,
      "operating_income": 34608000,
      "net_income": 22587000,
      "opex": 40759000,
      "cogs": 129477000,
      "rd": 4298000,
      "sga": 30561000,
      "fcf": 10046000,
      "ocf": 15082000,
      "capex": -5036000,
      "gross_margin": 0.3679238835406456,
      "op_margin": 0.1689480775614614,
      "fcf_margin": 0.0490421979652809,
      "op_leverage_ratio": Infinity,
      "fcf_margin_change": -0.11009457998984318
    },
    {
      "date": "2021-07-03T00:00:00",
      "quarter_label": "2021-07 (Q3)",
      "revenue": 223413000,
      "gross_profit": 82152000,
      "operating_income": 42062000,
      "net_income": 30694000,
      "opex": 40090000,
      "cogs": 141261000,
      "rd": null,
      "sga": 32410000,
      "fcf": 29182000,
      "ocf": 34451000,
      "capex": -5269000,
      "gross_margin": 0.36771360663882585,
      "op_margin": 0.18827015437776673,
      "fcf_margin": 0.13061907767229303,
      "op_leverage_ratio": Infinity,
      "fcf_margin_change": 0.08157687970701213
    },
    {
      "date": "2021-10-02T00:00:00",
      "quarter_label": "2021-10 (Q4)",
      "revenue": 223241000,
      "gross_profit": 80942000,
      "operating_income": 40749000,
      "net_income": 27760000,
      "opex": 40193000,
      "cogs": 142299000,
      "rd": null,
      "sga": 32786000,
      "fcf": 25703000,
      "ocf": 32452000,
      "capex": -6749000,
      "gross_margin": 0.36257676681254786,
      "op_margin": 0.1825336743698514,
      "fcf_margin": 0.11513566056414368,
      "fcf_margin_change": -0.01548341710814935
    },
    {
      "date": "2022-01-01T00:00:00",
      "quarter_label": "2022-01 (Q1)",
      "revenue": 217686000,
      "gross_profit": 74342000,
      "operating_income": 31888000,
      "net_income": 23554000,
      "opex": 42454000,
      "cogs": 143344000,
      "rd": 4331000,
      "sga": 34928000,
      "fcf": 21369000,
      "ocf": 31115000,
      "capex": -9746000,
      "gross_margin": 0.341510248706853,
      "op_margin": 0.1464862232757274,
      "fcf_margin": 0.09816432843637166,
      "incr_op_margin_yoy": 0.32524066113701033,
      "rev_growth_yoy": 0.4357530108562308,
      "fcf_margin_change": -0.01697133212777202
    },
    {
      "date": "2022-04-02T00:00:00",
      "quarter_label": "2022-04 (Q2)",
      "revenue": 240547000,
      "gross_profit": 83643000,
      "operating_income": 42887000,
      "net_income": 30478000,
      "opex": 40756000,
      "cogs": 156904000,
      "rd": null,
      "sga": 33776000,
      "fcf": 9100000,
      "ocf": 14700000,
      "capex": -5600000,
      "gross_margin": 0.34771998819357547,
      "op_margin": 0.17828948188919422,
      "fcf_margin": 0.0378304447779436,
      "incr_op_margin_yoy": 0.2318852757471361,
      "rev_growth_yoy": 0.17429360879498546,
      "rev_growth_yoy_accel": -0.26145940206124535,
      "op_leverage_ratio": Infinity,
      "fcf_margin_change": -0.06033388365842805
    },
    {
      "date": "2022-07-02T00:00:00",
      "quarter_label": "2022-07 (Q3)",
      "revenue": 241668000,
      "gross_profit": 82310000,
      "operating_income": 42977000,
      "net_income": 30036000,
      "opex": 39333000,
      "cogs": 159358000,
      "rd": null,
      "sga": 32534000,
      "fcf": 21700000,
      "ocf": 29500000,
      "capex": -7800000,
      "gross_margin": 0.3405912243242796,
      "op_margin": 0.17783488091100186,
      "fcf_margin": 0.08979260804078322,
      "incr_op_margin_yoy": 0.05012325390304026,
      "rev_growth_yoy": 0.0817096587933558,
      "rev_growth_yoy_accel": -0.09258395000162965,
      "fcf_margin_change": 0.05196216326283962
    },
    {
      "date": "2022-10-01T00:00:00",
      "quarter_label": "2022-10 (Q4)",
      "revenue": 207205000,
      "gross_profit": 69266000,
      "operating_income": 30743000,
      "net_income": 20378000,
      "opex": 38523000,
      "cogs": 137939000,
      "rd": null,
      "sga": 31749000,
      "fcf": 21600000,
      "ocf": 30000000,
      "capex": -8400000,
      "gross_margin": 0.3342873000168915,
      "op_margin": 0.14836997176709057,
      "fcf_margin": 0.10424458869235781,
      "incr_op_margin_yoy": 0.6239710651035171,
      "rev_growth_yoy": -0.07183268306449084,
      "rev_growth_yoy_accel": -0.15354234185784665,
      "fcf_margin_change": 0.014451980651574589
    },
    {
      "date": "2022-12-31T00:00:00",
      "quarter_label": "2022-12 (Q4)",
      "revenue": 195980000,
      "gross_profit": 63282000,
      "operating_income": 20695000,
      "net_income": 17508000,
      "opex": 42587000,
      "cogs": 132698000,
      "rd": null,
      "sga": 35041000,
      "fcf": 25700000,
      "ocf": 35700000,
      "capex": -10000000,
      "gross_margin": 0.3229002959485662,
      "op_margin": 0.1055975099499949,
      "fcf_margin": 0.13113583018675376,
      "incr_op_margin_yoy": 0.5156638717405325,
      "rev_growth_yoy": -0.09971242983012228,
      "rev_growth_yoy_accel": -0.027879746765631444,
      "fcf_margin_change": 0.02689124149439595
    },
    {
      "date": "2023-04-01T00:00:00",
      "quarter_label": "2023-04 (Q2)",
      "revenue": 213200000,
      "gross_profit": 71000000,
      "operating_income": 24800000,
      "net_income": 13900000,
      "opex": 46200000,
      "cogs": 142200000,
      "rd": null,
      "sga": 38100000,
      "fcf": 3200000,
      "ocf": 12300000,
      "capex": -9100000,
      "gross_margin": 0.3330206378986867,
      "op_margin": 0.11632270168855535,
      "fcf_margin": 0.0150093808630394,
      "incr_op_margin_yoy": 0.6613888177862288,
      "rev_growth_yoy": -0.11368672234532129,
      "rev_growth_yoy_accel": -0.013974292515199008,
      "op_leverage_ratio": 1.0356916620247432,
      "fcf_margin_change": -0.11612644932371435
    },
    {
      "date": "2023-07-01T00:00:00",
      "quarter_label": "2023-07 (Q3)",
      "revenue": 227600000,
      "gross_profit": 75800000,
      "operating_income": 29500000,
      "net_income": 16800000,
      "opex": 46300000,
      "cogs": 151800000,
      "rd": null,
      "sga": 38000000,
      "fcf": 15600000,
      "ocf": 26100000,
      "capex": -10500000,
      "gross_margin": 0.3330404217926186,
      "op_margin": 0.1296133567662566,
      "fcf_margin": 0.06854130052724078,
      "incr_op_margin_yoy": 0.957989764003412,
      "rev_growth_yoy": -0.05821209262293725,
      "rev_growth_yoy_accel": 0.05547462972238404,
      "op_leverage_ratio": 31.204502814258912,
      "fcf_margin_change": 0.05353191966420138
    },
    {
      "date": "2023-09-30T00:00:00",
      "quarter_label": "2023-09 (Q3)",
      "revenue": 201400000,
      "gross_profit": 59700000,
      "operating_income": 13800000,
      "net_income": 3500000,
      "opex": 45900000,
      "cogs": 141700000,
      "rd": null,
      "sga": 37700000,
      "fcf": 6000000,
      "ocf": 11800000,
      "capex": -5800000,
      "gross_margin": 0.29642502482621647,
      "op_margin": 0.06852035749751738,
      "fcf_margin": 0.029791459781529295,
      "incr_op_margin_yoy": 2.918690783807063,
      "rev_growth_yoy": -0.02801573321107116,
      "rev_growth_yoy_accel": 0.03019635941186609,
      "fcf_margin_change": -0.038749840745711486
    },
    {
      "date": "2023-12-30T00:00:00",
      "quarter_label": "2023-12 (Q4)",
      "revenue": 193400000,
      "gross_profit": 55200000,
      "operating_income": 11900000,
      "net_income": 3400000,
      "opex": 43300000,
      "cogs": 138200000,
      "rd": null,
      "sga": 35100000,
      "fcf": 24900000,
      "ocf": 33700000,
      "capex": -8800000,
      "gross_margin": 0.2854188210961737,
      "op_margin": 0.06153050672182006,
      "fcf_margin": 0.12874870734229577,
      "incr_op_margin_yoy": 3.4089147286821704,
      "rev_growth_yoy": -0.013164608633534034,
      "rev_growth_yoy_accel": 0.014851124577537128,
      "fcf_margin_change": 0.09895724756076647
    },
    {
      "date": "2024-03-30T00:00:00",
      "quarter_label": "2024-03 (Q1)",
      "revenue": 212000000,
      "gross_profit": 67200000,
      "operating_income": 20300000,
      "net_income": 9200000,
      "opex": 46900000,
      "cogs": 144800000,
      "rd": null,
      "sga": 39000000,
      "fcf": 12300000,
      "ocf": 17800000,
      "capex": -5500000,
      "gross_margin": 0.3169811320754717,
      "op_margin": 0.09575471698113208,
      "fcf_margin": 0.0580188679245283,
      "incr_op_margin_yoy": 3.75,
      "rev_growth_yoy": -0.005628517823639775,
      "rev_growth_yoy_accel": 0.007536090809894259,
      "op_leverage_ratio": 1.1567562909341607,
      "fcf_margin_change": -0.07072983941776746
    },
    {
      "date": "2024-06-29T00:00:00",
      "quarter_label": "2024-06 (Q2)",
      "revenue": 219900000,
      "gross_profit": 70600000,
      "operating_income": 26000000,
      "net_income": 13600000,
      "opex": 44600000,
      "cogs": 149300000,
      "rd": null,
      "sga": 36700000,
      "fcf": 25800000,
      "ocf": 33800000,
      "capex": -8000000,
      "gross_margin": 0.3210550250113688,
      "op_margin": 0.11823556161891768,
      "fcf_margin": 0.11732605729877217,
      "incr_op_margin_yoy": 0.45454545454545453,
      "rev_growth_yoy": -0.03383128295254833,
      "rev_growth_yoy_accel": -0.028202765128908555,
      "op_leverage_ratio": Infinity,
      "fcf_margin_change": 0.05930718937424387
    },
    {
      "date": "2024-09-28T00:00:00",
      "quarter_label": "2024-09 (Q3)",
      "revenue": 194500000,
      "gross_profit": 60500000,
      "operating_income": 22200000,
      "net_income": 11400000,
      "opex": 38300000,
      "cogs": 134000000,
      "rd": null,
      "sga": 30400000,
      "fcf": 28800000,
      "ocf": 34800000,
      "capex": -6000000,
      "gross_margin": 0.3110539845758355,
      "op_margin": 0.1141388174807198,
      "fcf_margin": 0.1480719794344473,
      "incr_op_margin_yoy": -1.2173913043478262,
      "rev_growth_yoy": -0.03426017874875869,
      "rev_growth_yoy_accel": -0.0004288957962103601,
      "fcf_margin_change": 0.030745922135675133
    },
    {
      "date": "2024-12-28T00:00:00",
      "quarter_label": "2024-12 (Q4)",
      "revenue": 179500000,
      "gross_profit": 54000000,
      "operating_income": 13300000,
      "net_income": 4800000,
      "opex": 40700000,
      "cogs": 125500000,
      "rd": null,
      "sga": 32800000,
      "fcf": 28300000,
      "ocf": 35700000,
      "capex": -7400000,
      "gross_margin": 0.3008356545961003,
      "op_margin": 0.07409470752089137,
      "fcf_margin": 0.1576601671309192,
      "incr_op_margin_yoy": -0.10071942446043165,
      "rev_growth_yoy": -0.0718717683557394,
      "rev_growth_yoy_accel": -0.03761158960698071,
      "fcf_margin_change": 0.009588187696471906
    },
    {
      "date": "2025-03-29T00:00:00",
      "quarter_label": "2025-03 (Q1)",
      "revenue": 195500000,
      "gross_profit": 59900000,
      "operating_income": 17000000,
      "net_income": 7300000,
      "opex": 42900000,
      "cogs": 135600000,
      "rd": null,
      "sga": 34600000,
      "fcf": 12900000,
      "ocf": 19000000,
      "capex": -6100000,
      "gross_margin": 0.3063938618925831,
      "op_margin": 0.08695652173913043,
      "fcf_margin": 0.0659846547314578,
      "incr_op_margin_yoy": 0.2,
      "rev_growth_yoy": -0.07783018867924528,
      "rev_growth_yoy_accel": -0.005958420323505881,
      "op_leverage_ratio": 1.649025069637883,
      "fcf_margin_change": -0.09167551239946141
    },
    {
      "date": "2025-06-28T00:00:00",
      "quarter_label": "2025-06 (Q2)",
      "revenue": 212500000,
      "gross_profit": 67500000,
      "operating_income": 21900000,
      "net_income": 11400000,
      "opex": 45600000,
      "cogs": 145000000,
      "rd": null,
      "sga": 37300000,
      "fcf": 31600000,
      "ocf": 37000000,
      "capex": -5400000,
      "gross_margin": 0.3176470588235294,
      "op_margin": 0.10305882352941176,
      "fcf_margin": 0.1487058823529412,
      "incr_op_margin_yoy": 0.5540540540540541,
      "rev_growth_yoy": -0.03365165984538426,
      "rev_growth_yoy_accel": 0.04417852883386102,
      "op_leverage_ratio": 1.3816425120772946,
      "fcf_margin_change": 0.08272122762148339
    },
    {
      "date": "2025-09-27T00:00:00",
      "quarter_label": "2025-09 (Q3)",
      "revenue": 220300000,
      "gross_profit": 73000000,
      "operating_income": 1300000,
      "net_income": 10300000,
      "opex": 71700000,
      "cogs": 147300000,
      "rd": null,
      "sga": 38200000,
      "fcf": 18600000,
      "ocf": 25300000,
      "capex": -6700000,
      "gross_margin": 0.33136631865637767,
      "op_margin": 0.005901044030866999,
      "fcf_margin": 0.08443032228778938,
      "incr_op_margin_yoy": -0.810077519379845,
      "rev_growth_yoy": 0.1326478149100257,
      "rev_growth_yoy_accel": 0.16629947475540996,
      "op_leverage_ratio": 0.06412981744421907,
      "fcf_margin_change": -0.06427556006515181
    }
  ],
  "signals": [
    {
      "quarter": "2025-09 (Q3)",
      "signal": "YoY REVENUE GROWTH ACCELERATION",
      "detail": "YoY growth: +13.3% vs prior quarter YoY: -3.4% (accel: +16.6%)",
      "severity": "HIGH"
    },
    {
      "quarter": "2025-06 (Q2)",
      "signal": "FCF MARGIN EXPANSION",
      "detail": "FCF margin: +6.6% -> +14.9% (+8.3%)",
      "severity": "MEDIUM"
    },
    {
      "quarter": "2025-06 (Q2)",
      "signal": "INCREMENTAL MARGIN (YoY)",
      "detail": "YoY Incr OPM: +55.4% vs year-ago OPM: +11.8%",
      "severity": "HIGH"
    },
    {
      "quarter": "2025-03 (Q1)",
      "signal": "OPERATING LEVERAGE",
      "detail": "Rev growth +8.9% vs OpEx growth +5.4% (leverage: 1.6x)",
      "severity": "MEDIUM"
    },
    {
      "quarter": "2025-03 (Q1)",
      "signal": "INCREMENTAL MARGIN (YoY)",
      "detail": "YoY Incr OPM: +20.0% vs year-ago OPM: +9.6%",
      "severity": "MEDIUM"
    },
    {
      "quarter": "2024-06 (Q2)",
      "signal": "FCF MARGIN EXPANSION",
      "detail": "FCF margin: +5.8% -> +11.7% (+5.9%)",
      "severity": "MEDIUM"
    },
    {
      "quarter": "2024-06 (Q2)",
      "signal": "INCREMENTAL MARGIN (YoY)",
      "detail": "YoY Incr OPM: +45.5% vs year-ago OPM: +13.0%",
      "severity": "HIGH"
    },
    {
      "quarter": "2024-03 (Q1)",
      "signal": "GROSS MARGIN INFLECTION",
      "detail": "GM: +29.6% -> +28.5% -> +31.7% (reversal +3.2%)",
      "severity": "MEDIUM"
    },
    {
      "quarter": "2024-03 (Q1)",
      "signal": "INCREMENTAL MARGIN (YoY)",
      "detail": "YoY Incr OPM: +375.0% vs year-ago OPM: +11.6%",
      "severity": "HIGH"
    },
    {
      "quarter": "2023-12 (Q4)",
      "signal": "FCF MARGIN EXPANSION",
      "detail": "FCF margin: +3.0% -> +12.9% (+9.9%)",
      "severity": "MEDIUM"
    },
    {
      "quarter": "2023-12 (Q4)",
      "signal": "INCREMENTAL MARGIN (YoY)",
      "detail": "YoY Incr OPM: +340.9% vs year-ago OPM: +10.6%",
      "severity": "HIGH"
    },
    {
      "quarter": "2023-09 (Q3)",
      "signal": "INCREMENTAL MARGIN (YoY)",
      "detail": "YoY Incr OPM: +291.9% vs year-ago OPM: +14.8%",
      "severity": "HIGH"
    },
    {
      "quarter": "2023-07 (Q3)",
      "signal": "FCF MARGIN EXPANSION",
      "detail": "FCF margin: +1.5% -> +6.9% (+5.4%)",
      "severity": "MEDIUM"
    },
    {
      "quarter": "2023-07 (Q3)",
      "signal": "OPERATING LEVERAGE",
      "detail": "Rev growth +6.8% vs OpEx growth +0.2% (leverage: 31.2x)",
      "severity": "MEDIUM"
    },
    {
      "quarter": "2023-07 (Q3)",
      "signal": "YoY REVENUE GROWTH ACCELERATION",
      "detail": "YoY growth: -5.8% vs prior quarter YoY: -11.4% (accel: +5.5%)",
      "severity": "MEDIUM"
    },
    {
      "quarter": "2023-07 (Q3)",
      "signal": "INCREMENTAL MARGIN (YoY)",
      "detail": "YoY Incr OPM: +95.8% vs year-ago OPM: +17.8%",
      "severity": "HIGH"
    },
    {
      "quarter": "2023-04 (Q2)",
      "signal": "INCREMENTAL MARGIN (YoY)",
      "detail": "YoY Incr OPM: +66.1% vs year-ago OPM: +17.8%",
      "severity": "HIGH"
    },
    {
      "quarter": "2022-12 (Q4)",
      "signal": "INCREMENTAL MARGIN (YoY)",
      "detail": "YoY Incr OPM: +51.6% vs year-ago OPM: +14.6%",
      "severity": "HIGH"
    },
    {
      "quarter": "2022-10 (Q4)",
      "signal": "YoY REVENUE GROWTH DECELERATION",
      "detail": "YoY growth: -7.2% vs prior quarter YoY: +8.2% (decel: -15.4%)",
      "severity": "WARNING"
    },
    {
      "quarter": "2022-10 (Q4)",
      "signal": "INCREMENTAL MARGIN (YoY)",
      "detail": "YoY Incr OPM: +62.4% vs year-ago OPM: +18.3%",
      "severity": "HIGH"
    },
    {
      "quarter": "2022-07 (Q3)",
      "signal": "FCF MARGIN EXPANSION",
      "detail": "FCF margin: +3.8% -> +9.0% (+5.2%)",
      "severity": "MEDIUM"
    },
    {
      "quarter": "2022-07 (Q3)",
      "signal": "YoY REVENUE GROWTH DECELERATION",
      "detail": "YoY growth: +8.2% vs prior quarter YoY: +17.4% (decel: -9.3%)",
      "severity": "WARNING"
    },
    {
      "quarter": "2022-04 (Q2)",
      "signal": "YoY REVENUE GROWTH DECELERATION",
      "detail": "YoY growth: +17.4% vs prior quarter YoY: +43.6% (decel: -26.1%)",
      "severity": "WARNING"
    },
    {
      "quarter": "2022-01 (Q1)",
      "signal": "INCREMENTAL MARGIN (YoY)",
      "detail": "YoY Incr OPM: +32.5% vs year-ago OPM: +6.9%",
      "severity": "HIGH"
    },
    {
      "quarter": "2021-07 (Q3)",
      "signal": "FCF MARGIN EXPANSION",
      "detail": "FCF margin: +4.9% -> +13.1% (+8.2%)",
      "severity": "MEDIUM"
    }
  ],
  "data_quality": {
    "n_quarters": 20,
    "coverage": {
      "revenue": [
        20,
        20
      ],
      "gross_profit": [
        20,
        20
      ],
      "op_income": [
        20,
        20
      ],
      "fcf": [
        20,
        20
      ]
    },
    "gaps": [],
    "warnings": []
  },
  "market_cap": null,
  "source": "SEC EDGAR",
  "last_updated": "2026-02-02T21:33:47.306668"
}