{
  "ticker": "HLLY",
  "name": "HOLLEY INC.",
  "quarters": [
    {
      "date": "2020-12-31T00:00:00",
      "quarter_label": "2020-12 (Q4)",
      "revenue": 138419000,
      "gross_profit": 54554000,
      "operating_income": null,
      "net_income": null,
      "opex": 41502000,
      "cogs": 83865000,
      "rd": 6285000,
      "sga": 22085000,
      "fcf": 10029000,
      "ocf": 12809000,
      "capex": -2780000,
      "gross_margin": 0.3941221942074426,
      "op_margin": null,
      "fcf_margin": 0.07245392612285885
    },
    {
      "date": "2021-03-28T00:00:00",
      "quarter_label": "2021-03 (Q1)",
      "revenue": 160332000,
      "gross_profit": 65679000,
      "operating_income": null,
      "net_income": null,
      "opex": 52898000,
      "cogs": 94653000,
      "rd": 5969000,
      "sga": 24012000,
      "fcf": null,
      "ocf": null,
      "capex": -3104000,
      "gross_margin": 0.4096437392410748,
      "op_margin": null,
      "fcf_margin": null,
      "op_leverage_ratio": 0.5765310698629101
    },
    {
      "date": "2021-06-27T00:00:00",
      "quarter_label": "2021-06 (Q2)",
      "revenue": 193041000,
      "gross_profit": 81200000,
      "operating_income": 40062000,
      "net_income": null,
      "opex": 41138000,
      "cogs": 111841000,
      "rd": 7065000,
      "sga": 26190000,
      "fcf": null,
      "ocf": null,
      "capex": -4037000,
      "gross_margin": 0.4206360306877813,
      "op_margin": 0.20753104262824995,
      "fcf_margin": null,
      "op_leverage_ratio": Infinity
    },
    {
      "date": "2021-09-26T00:00:00",
      "quarter_label": "2021-09 (Q3)",
      "revenue": 159673000,
      "gross_profit": 65198000,
      "operating_income": 1914000,
      "net_income": -30200000,
      "opex": 63284000,
      "cogs": 94475000,
      "rd": 7133000,
      "sga": 28891000,
      "fcf": 21966620,
      "ocf": 25293620,
      "capex": -3327000,
      "gross_margin": 0.40832200810406266,
      "op_margin": 0.0119869984280373,
      "fcf_margin": 0.1375725388763285
    },
    {
      "date": "2021-12-31T00:00:00",
      "quarter_label": "2021-12 (Q4)",
      "revenue": 179801000,
      "gross_profit": 74730000,
      "operating_income": 22766000,
      "net_income": -17981000,
      "opex": 51964000,
      "cogs": 105071000,
      "rd": 8113000,
      "sga": 37700000,
      "fcf": -8099000,
      "ocf": -3334000,
      "capex": -4765000,
      "gross_margin": 0.4156261644818438,
      "op_margin": 0.1266177607466032,
      "fcf_margin": -0.0450442433579346,
      "rev_growth_yoy": 0.2989618477232172,
      "op_leverage_ratio": Infinity,
      "fcf_margin_change": -0.18261678223426311
    },
    {
      "date": "2022-04-03T00:00:00",
      "quarter_label": "2022-04 (Q2)",
      "revenue": 200055000,
      "gross_profit": 82721000,
      "operating_income": 36045000,
      "net_income": 16858000,
      "opex": 46676000,
      "cogs": 117334000,
      "rd": 8161000,
      "sga": 34342000,
      "fcf": 12609000,
      "ocf": 18349000,
      "capex": -5740000,
      "gross_margin": 0.4134912898952788,
      "op_margin": 0.18017545175076854,
      "fcf_margin": 0.06302766739146734,
      "rev_growth_yoy": 0.24775465908240402,
      "rev_growth_yoy_accel": -0.051207188640813195,
      "op_leverage_ratio": Infinity,
      "fcf_margin_change": 0.10807191074940195
    },
    {
      "date": "2022-07-03T00:00:00",
      "quarter_label": "2022-07 (Q3)",
      "revenue": 179420000,
      "gross_profit": 75288000,
      "operating_income": 25145000,
      "net_income": 40563000,
      "opex": 50143000,
      "cogs": 104132000,
      "rd": 8196000,
      "sga": 36269000,
      "fcf": -1387000,
      "ocf": 2482000,
      "capex": -3869000,
      "gross_margin": 0.4196187715973693,
      "op_margin": 0.1401460260840486,
      "fcf_margin": -0.007730464831122506,
      "incr_op_margin_yoy": 1.0951471991777402,
      "rev_growth_yoy": -0.07056014007387032,
      "rev_growth_yoy_accel": -0.31831479915627436,
      "fcf_margin_change": -0.07075813222258985
    },
    {
      "date": "2022-10-02T00:00:00",
      "quarter_label": "2022-10 (Q4)",
      "revenue": 154775000,
      "gross_profit": 48392000,
      "operating_income": 3062000,
      "net_income": 31579000,
      "opex": 45330000,
      "cogs": 106383000,
      "rd": 6039000,
      "sga": 31921000,
      "fcf": -10803000,
      "ocf": -8667000,
      "capex": -2136000,
      "gross_margin": 0.31266031335810046,
      "op_margin": 0.019783556775965112,
      "fcf_margin": -0.06979809400743014,
      "incr_op_margin_yoy": -0.23438138015516538,
      "rev_growth_yoy": -0.03067519242451761,
      "rev_growth_yoy_accel": 0.039884947649352714,
      "fcf_margin_change": -0.06206762917630764
    },
    {
      "date": "2022-12-31T00:00:00",
      "quarter_label": "2022-12 (Q4)",
      "revenue": 154165000,
      "gross_profit": 47257000,
      "operating_income": -13510000,
      "net_income": -15226000,
      "opex": 60767000,
      "cogs": 106908000,
      "rd": 6687000,
      "sga": 48196000,
      "fcf": -1697000,
      "ocf": 148000,
      "capex": -1845000,
      "gross_margin": 0.3065352057860085,
      "op_margin": -0.08763337982032238,
      "fcf_margin": -0.011007686569584537,
      "incr_op_margin_yoy": 1.4150413481042283,
      "rev_growth_yoy": -0.14257985216989894,
      "rev_growth_yoy_accel": -0.11190465974538133,
      "fcf_margin_change": 0.05879040743784561
    },
    {
      "date": "2023-04-02T00:00:00",
      "quarter_label": "2023-04 (Q2)",
      "revenue": 172205000,
      "gross_profit": 67713000,
      "operating_income": 25974000,
      "net_income": 4247000,
      "opex": 41739000,
      "cogs": 104492000,
      "rd": 6653000,
      "sga": 30017000,
      "fcf": 2638000,
      "ocf": 3639000,
      "capex": -1001000,
      "gross_margin": 0.3932115792224384,
      "op_margin": 0.1508318573792863,
      "fcf_margin": 0.015318951249963707,
      "incr_op_margin_yoy": 0.3616157989228007,
      "rev_growth_yoy": -0.13921171677788607,
      "rev_growth_yoy_accel": 0.003368135392012861,
      "op_leverage_ratio": Infinity,
      "fcf_margin_change": 0.02632663781954824
    },
    {
      "date": "2023-07-02T00:00:00",
      "quarter_label": "2023-07 (Q3)",
      "revenue": 175262000,
      "gross_profit": 69748000,
      "operating_income": 29954000,
      "net_income": 12979000,
      "opex": 39794000,
      "cogs": 105514000,
      "rd": 6182000,
      "sga": 29101000,
      "fcf": 29007000,
      "ocf": 30744000,
      "capex": -1737000,
      "gross_margin": 0.3979641907544134,
      "op_margin": 0.17090983784277253,
      "fcf_margin": 0.1655064988417341,
      "incr_op_margin_yoy": -1.1565656565656566,
      "rev_growth_yoy": -0.023174673949392488,
      "rev_growth_yoy_accel": 0.11603704282849359,
      "op_leverage_ratio": Infinity,
      "fcf_margin_change": 0.1501875475917704
    },
    {
      "date": "2023-10-01T00:00:00",
      "quarter_label": "2023-10 (Q4)",
      "revenue": 156530000,
      "gross_profit": 58374000,
      "operating_income": 19320000,
      "net_income": 752000,
      "opex": 39054000,
      "cogs": 98156000,
      "rd": 6100000,
      "sga": 28880000,
      "fcf": 20801000,
      "ocf": 22480000,
      "capex": -1679000,
      "gross_margin": 0.37292531783044786,
      "op_margin": 0.12342681914010094,
      "fcf_margin": 0.13288826423049896,
      "incr_op_margin_yoy": 9.263817663817663,
      "rev_growth_yoy": 0.011339040542723309,
      "rev_growth_yoy_accel": 0.03451371449211579,
      "fcf_margin_change": -0.03261823461123514
    },
    {
      "date": "2023-12-31T00:00:00",
      "quarter_label": "2023-12 (Q4)",
      "revenue": 155707000,
      "gross_profit": 60254000,
      "operating_income": 18790000,
      "net_income": 1202000,
      "opex": 41464000,
      "cogs": 95453000,
      "rd": 4909000,
      "sga": 32246000,
      "fcf": 29712000,
      "ocf": 31229000,
      "capex": -1517000,
      "gross_margin": 0.3869703995324552,
      "op_margin": 0.12067537104947113,
      "fcf_margin": 0.19081993744661446,
      "incr_op_margin_yoy": 20.946822308690013,
      "rev_growth_yoy": 0.010002270294813998,
      "rev_growth_yoy_accel": -0.0013367702479093104,
      "fcf_margin_change": 0.0579316732161155
    },
    {
      "date": "2024-03-31T00:00:00",
      "quarter_label": "2024-03 (Q1)",
      "revenue": 158636000,
      "gross_profit": 52059000,
      "operating_income": 10208000,
      "net_income": 3730000,
      "opex": 41851000,
      "cogs": 106577000,
      "rd": 4812000,
      "sga": 32996000,
      "fcf": 17578000,
      "ocf": 18843000,
      "capex": -1265000,
      "gross_margin": 0.32816636828966944,
      "op_margin": 0.0643485715726569,
      "fcf_margin": 0.11080713078998462,
      "incr_op_margin_yoy": 1.1619131844645885,
      "rev_growth_yoy": -0.07879562149763364,
      "rev_growth_yoy_accel": -0.08879789179244764,
      "op_leverage_ratio": 2.0154473861154014,
      "fcf_margin_change": -0.08001280665662984
    },
    {
      "date": "2024-06-30T00:00:00",
      "quarter_label": "2024-06 (Q2)",
      "revenue": 169496000,
      "gross_profit": 70293000,
      "operating_income": 27878000,
      "net_income": 17105000,
      "opex": 42415000,
      "cogs": 99203000,
      "rd": 4311000,
      "sga": 34570000,
      "fcf": 24298000,
      "ocf": 25678000,
      "capex": -1380000,
      "gross_margin": 0.4147177514513617,
      "op_margin": 0.1644758578373531,
      "fcf_margin": 0.1433544154434323,
      "incr_op_margin_yoy": 0.3600416233090531,
      "rev_growth_yoy": -0.032899316451940525,
      "rev_growth_yoy_accel": 0.045896305045693114,
      "op_leverage_ratio": 5.079895872955242,
      "fcf_margin_change": 0.03254728465344768
    },
    {
      "date": "2024-09-29T00:00:00",
      "quarter_label": "2024-09 (Q3)",
      "revenue": 134038000,
      "gross_profit": 52306000,
      "operating_income": 5563000,
      "net_income": -6288000,
      "opex": 46743000,
      "cogs": 81732000,
      "rd": 4620000,
      "sga": 30109000,
      "fcf": -3475000,
      "ocf": -1748000,
      "capex": -1727000,
      "gross_margin": 0.3902326206001283,
      "op_margin": 0.04150315582148346,
      "fcf_margin": -0.025925483818021754,
      "incr_op_margin_yoy": 0.6116396941134625,
      "rev_growth_yoy": -0.14369130518111545,
      "rev_growth_yoy_accel": -0.11079198872917492,
      "fcf_margin_change": -0.16927989926145406
    },
    {
      "date": "2024-12-31T00:00:00",
      "quarter_label": "2024-12 (Q4)",
      "revenue": 140054000,
      "gross_profit": 63886000,
      "operating_income": -28981000,
      "net_income": -37782000,
      "opex": 92867000,
      "cogs": 76168000,
      "rd": 4967000,
      "sga": 34474000,
      "fcf": 1694000,
      "ocf": 4126000,
      "capex": -2432000,
      "gross_margin": 0.45615262684393165,
      "op_margin": -0.20692732803061675,
      "fcf_margin": 0.012095334656632442,
      "incr_op_margin_yoy": 3.0518750399284484,
      "rev_growth_yoy": -0.10052855684073292,
      "rev_growth_yoy_accel": 0.04316274834038253,
      "op_leverage_ratio": 0.045485137024289475,
      "fcf_margin_change": 0.038020818474654196
    },
    {
      "date": "2025-03-30T00:00:00",
      "quarter_label": "2025-03 (Q1)",
      "revenue": 153044000,
      "gross_profit": 64088000,
      "operating_income": 19343000,
      "net_income": 2817000,
      "opex": 44745000,
      "cogs": 88956000,
      "rd": 4093000,
      "sga": 36699000,
      "fcf": -10830000,
      "ocf": -7850000,
      "capex": -2980000,
      "gross_margin": 0.4187553906066229,
      "op_margin": 0.1263884895846946,
      "fcf_margin": -0.07076396330467055,
      "incr_op_margin_yoy": -1.6335836909871244,
      "rev_growth_yoy": -0.03525051060288963,
      "rev_growth_yoy_accel": 0.06527804623784328,
      "op_leverage_ratio": Infinity,
      "fcf_margin_change": -0.082859297961303
    },
    {
      "date": "2025-06-29T00:00:00",
      "quarter_label": "2025-06 (Q2)",
      "revenue": 166661000,
      "gross_profit": 69558000,
      "operating_income": 27514000,
      "net_income": 10863000,
      "opex": 42044000,
      "cogs": 97103000,
      "rd": 5086000,
      "sga": 32954000,
      "fcf": 35659000,
      "ocf": 40487000,
      "capex": -4828000,
      "gross_margin": 0.4173621903144707,
      "op_margin": 0.16508961304684358,
      "fcf_margin": 0.21396127468333923,
      "incr_op_margin_yoy": 0.12839506172839507,
      "rev_growth_yoy": -0.016726058432057395,
      "rev_growth_yoy_accel": 0.018524452170832238,
      "op_leverage_ratio": Infinity,
      "fcf_margin_change": 0.28472523798800975
    },
    {
      "date": "2025-09-28T00:00:00",
      "quarter_label": "2025-09 (Q3)",
      "revenue": 138373000,
      "gross_profit": 59839000,
      "operating_income": 15867000,
      "net_income": -806000,
      "opex": 43972000,
      "cogs": 78534000,
      "rd": 4715000,
      "sga": 33466000,
      "fcf": 5285000,
      "ocf": 7430000,
      "capex": -2145000,
      "gross_margin": 0.4324470814392981,
      "op_margin": 0.11466832402275011,
      "fcf_margin": 0.03819386730070173,
      "incr_op_margin_yoy": 2.3769319492502885,
      "rev_growth_yoy": 0.03234157477730196,
      "rev_growth_yoy_accel": 0.04906763320935935,
      "fcf_margin_change": -0.1757674073826375
    }
  ],
  "signals": [
    {
      "quarter": "2025-09 (Q3)",
      "signal": "INCREMENTAL MARGIN (YoY)",
      "detail": "YoY Incr OPM: +237.7% vs year-ago OPM: +4.2%",
      "severity": "HIGH"
    },
    {
      "quarter": "2025-06 (Q2)",
      "signal": "FCF TURNED POSITIVE",
      "detail": "FCF margin: -7.1% -> +21.4%",
      "severity": "HIGH"
    },
    {
      "quarter": "2025-03 (Q1)",
      "signal": "YoY REVENUE GROWTH ACCELERATION",
      "detail": "YoY growth: -3.5% vs prior quarter YoY: -10.1% (accel: +6.5%)",
      "severity": "MEDIUM"
    },
    {
      "quarter": "2025-03 (Q1)",
      "signal": "OP MARGIN TURNED POSITIVE (QoQ)",
      "detail": "Op margin: -20.7% -> +12.6%",
      "severity": "HIGH"
    },
    {
      "quarter": "2024-12 (Q4)",
      "signal": "FCF TURNED POSITIVE",
      "detail": "FCF margin: -2.6% -> +1.2%",
      "severity": "HIGH"
    },
    {
      "quarter": "2024-12 (Q4)",
      "signal": "GROSS MARGIN INFLECTION",
      "detail": "GM: +41.5% -> +39.0% -> +45.6% (reversal +6.6%)",
      "severity": "HIGH"
    },
    {
      "quarter": "2024-09 (Q3)",
      "signal": "YoY REVENUE GROWTH DECELERATION",
      "detail": "YoY growth: -14.4% vs prior quarter YoY: -3.3% (decel: -11.1%)",
      "severity": "WARNING"
    },
    {
      "quarter": "2024-09 (Q3)",
      "signal": "INCREMENTAL MARGIN (YoY)",
      "detail": "YoY Incr OPM: +61.2% vs year-ago OPM: +12.3%",
      "severity": "HIGH"
    },
    {
      "quarter": "2024-06 (Q2)",
      "signal": "OPERATING LEVERAGE",
      "detail": "Rev growth +6.8% vs OpEx growth +1.3% (leverage: 5.1x)",
      "severity": "MEDIUM"
    },
    {
      "quarter": "2024-06 (Q2)",
      "signal": "GROSS MARGIN INFLECTION",
      "detail": "GM: +38.7% -> +32.8% -> +41.5% (reversal +8.7%)",
      "severity": "HIGH"
    },
    {
      "quarter": "2024-06 (Q2)",
      "signal": "INCREMENTAL MARGIN (YoY)",
      "detail": "YoY Incr OPM: +36.0% vs year-ago OPM: +17.1%",
      "severity": "MEDIUM"
    },
    {
      "quarter": "2024-03 (Q1)",
      "signal": "OPERATING LEVERAGE",
      "detail": "Rev growth +1.9% vs OpEx growth +0.9% (leverage: 2.0x)",
      "severity": "MEDIUM"
    },
    {
      "quarter": "2024-03 (Q1)",
      "signal": "YoY REVENUE GROWTH DECELERATION",
      "detail": "YoY growth: -7.9% vs prior quarter YoY: +1.0% (decel: -8.9%)",
      "severity": "WARNING"
    },
    {
      "quarter": "2024-03 (Q1)",
      "signal": "INCREMENTAL MARGIN (YoY)",
      "detail": "YoY Incr OPM: +116.2% vs year-ago OPM: +15.1%",
      "severity": "HIGH"
    },
    {
      "quarter": "2023-12 (Q4)",
      "signal": "FCF MARGIN EXPANSION",
      "detail": "FCF margin: +13.3% -> +19.1% (+5.8%)",
      "severity": "MEDIUM"
    },
    {
      "quarter": "2023-12 (Q4)",
      "signal": "OP MARGIN TURNED POSITIVE (YoY)",
      "detail": "Op margin: -8.8% (year-ago) -> +12.1%",
      "severity": "HIGH"
    },
    {
      "quarter": "2023-10 (Q4)",
      "signal": "INCREMENTAL MARGIN (YoY)",
      "detail": "YoY Incr OPM: +926.4% vs year-ago OPM: +2.0%",
      "severity": "HIGH"
    },
    {
      "quarter": "2023-07 (Q3)",
      "signal": "FCF MARGIN EXPANSION",
      "detail": "FCF margin: +1.5% -> +16.6% (+15.0%)",
      "severity": "MEDIUM"
    },
    {
      "quarter": "2023-07 (Q3)",
      "signal": "YoY REVENUE GROWTH ACCELERATION",
      "detail": "YoY growth: -2.3% vs prior quarter YoY: -13.9% (accel: +11.6%)",
      "severity": "MEDIUM"
    },
    {
      "quarter": "2023-04 (Q2)",
      "signal": "FCF TURNED POSITIVE",
      "detail": "FCF margin: -1.1% -> +1.5%",
      "severity": "HIGH"
    },
    {
      "quarter": "2023-04 (Q2)",
      "signal": "GROSS MARGIN INFLECTION",
      "detail": "GM: +31.3% -> +30.7% -> +39.3% (reversal +8.7%)",
      "severity": "HIGH"
    },
    {
      "quarter": "2023-04 (Q2)",
      "signal": "INCREMENTAL MARGIN (YoY)",
      "detail": "YoY Incr OPM: +36.2% vs year-ago OPM: +18.0%",
      "severity": "MEDIUM"
    },
    {
      "quarter": "2023-04 (Q2)",
      "signal": "OP MARGIN TURNED POSITIVE (QoQ)",
      "detail": "Op margin: -8.8% -> +15.1%",
      "severity": "HIGH"
    },
    {
      "quarter": "2022-12 (Q4)",
      "signal": "FCF MARGIN EXPANSION",
      "detail": "FCF margin: -7.0% -> -1.1% (+5.9%)",
      "severity": "MEDIUM"
    },
    {
      "quarter": "2022-12 (Q4)",
      "signal": "YoY REVENUE GROWTH DECELERATION",
      "detail": "YoY growth: -14.3% vs prior quarter YoY: -3.1% (decel: -11.2%)",
      "severity": "WARNING"
    },
    {
      "quarter": "2022-07 (Q3)",
      "signal": "YoY REVENUE GROWTH DECELERATION",
      "detail": "YoY growth: -7.1% vs prior quarter YoY: +24.8% (decel: -31.8%)",
      "severity": "WARNING"
    },
    {
      "quarter": "2022-07 (Q3)",
      "signal": "INCREMENTAL MARGIN (YoY)",
      "detail": "YoY Incr OPM: +109.5% vs year-ago OPM: +20.8%",
      "severity": "HIGH"
    },
    {
      "quarter": "2022-04 (Q2)",
      "signal": "FCF TURNED POSITIVE",
      "detail": "FCF margin: -4.5% -> +6.3%",
      "severity": "HIGH"
    },
    {
      "quarter": "2022-04 (Q2)",
      "signal": "YoY REVENUE GROWTH DECELERATION",
      "detail": "YoY growth: +24.8% vs prior quarter YoY: +29.9% (decel: -5.1%)",
      "severity": "WARNING"
    }
  ],
  "data_quality": {
    "n_quarters": 20,
    "coverage": {
      "revenue": [
        20,
        20
      ],
      "gross_profit": [
        20,
        20
      ],
      "op_income": [
        18,
        20
      ],
      "fcf": [
        18,
        20
      ]
    },
    "gaps": [],
    "warnings": []
  },
  "market_cap": null,
  "source": "SEC EDGAR",
  "last_updated": "2026-02-02T22:26:27.455914",
  "sector": "Consumer Cyclical",
  "industry": "Auto Parts"
}