{
  "ticker": "HLX",
  "name": "HELIX ENERGY SOLUTIONS GROUP,\u00a0INC.",
  "quarters": [
    {
      "date": "2020-12-31T00:00:00",
      "quarter_label": "2020-12 (Q4)",
      "revenue": 159897000,
      "gross_profit": 13695000,
      "operating_income": 843000,
      "net_income": 4163000,
      "opex": 12852000,
      "cogs": 146202000,
      "rd": null,
      "sga": 12828000,
      "fcf": 40172000,
      "ocf": 40172000,
      "capex": null,
      "gross_margin": 0.08564888647066549,
      "op_margin": 0.005272143942663089,
      "fcf_margin": 0.25123673364728544
    },
    {
      "date": "2021-03-31T00:00:00",
      "quarter_label": "2021-03 (Q1)",
      "revenue": 163415000,
      "gross_profit": 14624000,
      "operating_income": -555000,
      "net_income": -2878000,
      "opex": 15179000,
      "cogs": 148791000,
      "rd": null,
      "sga": 15179000,
      "fcf": 39869000,
      "ocf": 39869000,
      "capex": null,
      "gross_margin": 0.08948994890309947,
      "op_margin": -0.003396261053146896,
      "fcf_margin": 0.2439739314016461,
      "op_leverage_ratio": 0.12151498934830787,
      "fcf_margin_change": -0.007262802245639327
    },
    {
      "date": "2021-06-30T00:00:00",
      "quarter_label": "2021-06 (Q2)",
      "revenue": 161941000,
      "gross_profit": 3130000,
      "operating_income": -10941000,
      "net_income": -13709000,
      "opex": 14071000,
      "cogs": 158811000,
      "rd": null,
      "sga": 13425000,
      "fcf": 52671000,
      "ocf": 52671000,
      "capex": null,
      "gross_margin": 0.01932802687398497,
      "op_margin": -0.06756164282053341,
      "fcf_margin": 0.32524808417880585,
      "fcf_margin_change": 0.08127415277715974
    },
    {
      "date": "2021-09-30T00:00:00",
      "quarter_label": "2021-09 (Q3)",
      "revenue": 180716000,
      "gross_profit": 3000000,
      "operating_income": -10331000,
      "net_income": -19043000,
      "opex": 13331000,
      "cogs": 177716000,
      "rd": null,
      "sga": 13346000,
      "fcf": 28712000,
      "ocf": 28712000,
      "capex": null,
      "gross_margin": 0.016600633037473164,
      "op_margin": -0.057167046636711745,
      "fcf_margin": 0.15887912525730982,
      "op_leverage_ratio": Infinity,
      "fcf_margin_change": -0.16636895892149603
    },
    {
      "date": "2021-12-31T00:00:00",
      "quarter_label": "2021-12 (Q4)",
      "revenue": 168656000,
      "gross_profit": -5361000,
      "operating_income": -26860000,
      "net_income": -25908000,
      "opex": 21499000,
      "cogs": 174017000,
      "rd": null,
      "sga": 21499000,
      "fcf": 18865000,
      "ocf": 18865000,
      "capex": null,
      "gross_margin": -0.03178659519969643,
      "op_margin": -0.15925908357840812,
      "fcf_margin": 0.11185489991461911,
      "incr_op_margin_yoy": -3.162803973056285,
      "rev_growth_yoy": 0.054779013990256226,
      "fcf_margin_change": -0.04702422534269071
    },
    {
      "date": "2022-03-31T00:00:00",
      "quarter_label": "2022-03 (Q1)",
      "revenue": 150125000,
      "gross_profit": -18609000,
      "operating_income": -32977000,
      "net_income": -42031000,
      "opex": 14368000,
      "cogs": 168734000,
      "rd": null,
      "sga": 14368000,
      "fcf": -17413000,
      "ocf": -17413000,
      "capex": null,
      "gross_margin": -0.12395670274771024,
      "op_margin": -0.21966361365528725,
      "fcf_margin": -0.11599000832639467,
      "incr_op_margin_yoy": 2.4395786305492853,
      "rev_growth_yoy": -0.08132668359697702,
      "rev_growth_yoy_accel": -0.13610569758723323,
      "fcf_margin_change": -0.22784490824101378
    },
    {
      "date": "2022-06-30T00:00:00",
      "quarter_label": "2022-06 (Q2)",
      "revenue": 162612000,
      "gross_profit": -1354000,
      "operating_income": -18976000,
      "net_income": -29699000,
      "opex": 17622000,
      "cogs": 163966000,
      "rd": null,
      "sga": 17622000,
      "fcf": -5841000,
      "ocf": -5841000,
      "capex": null,
      "gross_margin": -0.0083265687649128,
      "op_margin": -0.11669495486187981,
      "fcf_margin": -0.03591985831303963,
      "rev_growth_yoy": 0.004143484355413392,
      "rev_growth_yoy_accel": 0.08547016795239042,
      "op_leverage_ratio": 0.3672686528896479,
      "fcf_margin_change": 0.08007015001335505
    },
    {
      "date": "2022-09-30T00:00:00",
      "quarter_label": "2022-09 (Q3)",
      "revenue": 272547000,
      "gross_profit": 39215000,
      "operating_income": 12226000,
      "net_income": -18763000,
      "opex": 26989000,
      "cogs": 233332000,
      "rd": null,
      "sga": 23563000,
      "fcf": 24650000,
      "ocf": 24650000,
      "capex": null,
      "gross_margin": 0.14388344028736327,
      "op_margin": 0.0448583180148745,
      "fcf_margin": 0.09044311623316345,
      "incr_op_margin_yoy": 0.24563600527055135,
      "rev_growth_yoy": 0.5081509108213993,
      "rev_growth_yoy_accel": 0.504007426465986,
      "op_leverage_ratio": 1.271856360154806,
      "fcf_margin_change": 0.12636297454620307
    },
    {
      "date": "2022-12-31T00:00:00",
      "quarter_label": "2022-12 (Q4)",
      "revenue": 287816000,
      "gross_profit": 31364000,
      "operating_income": -5128000,
      "net_income": 2709000,
      "opex": 36492000,
      "cogs": 256452000,
      "rd": null,
      "sga": 22787000,
      "fcf": 49712000,
      "ocf": 49712000,
      "capex": null,
      "gross_margin": 0.10897239903271534,
      "op_margin": -0.017816938599660895,
      "fcf_margin": 0.1727214609333741,
      "incr_op_margin_yoy": 0.18237663645518631,
      "rev_growth_yoy": 0.7065268949815008,
      "rev_growth_yoy_accel": 0.1983759841601015,
      "op_leverage_ratio": 0.1591091857285732,
      "fcf_margin_change": 0.08227834470021064
    },
    {
      "date": "2023-03-31T00:00:00",
      "quarter_label": "2023-03 (Q1)",
      "revenue": 250084000,
      "gross_profit": 15184000,
      "operating_income": -8303000,
      "net_income": -5165000,
      "opex": 23487000,
      "cogs": 234900000,
      "rd": null,
      "sga": 19631000,
      "fcf": -5392000,
      "ocf": -5392000,
      "capex": null,
      "gross_margin": 0.06071559955854833,
      "op_margin": -0.03320084451624254,
      "fcf_margin": -0.021560755586123064,
      "incr_op_margin_yoy": 0.24684120489400654,
      "rev_growth_yoy": 0.6658384679433805,
      "rev_growth_yoy_accel": -0.040688427038120256,
      "fcf_margin_change": -0.19428221651949715
    },
    {
      "date": "2023-06-30T00:00:00",
      "quarter_label": "2023-06 (Q2)",
      "revenue": 308817000,
      "gross_profit": 55349000,
      "operating_income": 20205000,
      "net_income": 7100000,
      "opex": 35144000,
      "cogs": 253468000,
      "rd": null,
      "sga": 24007000,
      "fcf": 31501000,
      "ocf": 31501000,
      "capex": null,
      "gross_margin": 0.17922912274907146,
      "op_margin": 0.06542709760149215,
      "fcf_margin": 0.10200539478072775,
      "incr_op_margin_yoy": 0.2679867309599535,
      "rev_growth_yoy": 0.8991033872038964,
      "rev_growth_yoy_accel": 0.23326491926051585,
      "op_leverage_ratio": 0.47319160245729536,
      "fcf_margin_change": 0.12356615036685081
    },
    {
      "date": "2023-09-30T00:00:00",
      "quarter_label": "2023-09 (Q3)",
      "revenue": 395670000,
      "gross_profit": 80545000,
      "operating_income": 36228000,
      "net_income": 15560000,
      "opex": 44317000,
      "cogs": 315125000,
      "rd": null,
      "sga": 27818000,
      "fcf": 31611000,
      "ocf": 31611000,
      "capex": null,
      "gross_margin": 0.20356610306568604,
      "op_margin": 0.09156114944271741,
      "fcf_margin": 0.0798923345211919,
      "incr_op_margin_yoy": 0.1949432681139998,
      "rev_growth_yoy": 0.4517496064898898,
      "rev_growth_yoy_accel": -0.44735378071400655,
      "op_leverage_ratio": 1.0775152393047756,
      "fcf_margin_change": -0.02211306025953584
    },
    {
      "date": "2023-12-31T00:00:00",
      "quarter_label": "2023-12 (Q4)",
      "revenue": 335157000,
      "gross_profit": 49278000,
      "operating_income": 15380000,
      "net_income": -28333000,
      "opex": 33898000,
      "cogs": 285879000,
      "rd": null,
      "sga": 22971000,
      "fcf": 94737000,
      "ocf": 94737000,
      "capex": null,
      "gross_margin": 0.147029601052641,
      "op_margin": 0.04588894160050364,
      "fcf_margin": 0.2826645422891361,
      "incr_op_margin_yoy": 0.43319743985129167,
      "rev_growth_yoy": 0.16448355894043418,
      "rev_growth_yoy_accel": -0.2872660475494556,
      "fcf_margin_change": 0.20277220776794422
    },
    {
      "date": "2024-03-31T00:00:00",
      "quarter_label": "2024-03 (Q1)",
      "revenue": 296211000,
      "gross_profit": 19554000,
      "operating_income": -1276000,
      "net_income": -26287000,
      "opex": 20830000,
      "cogs": 276657000,
      "rd": null,
      "sga": 20680000,
      "fcf": 64484000,
      "ocf": 64484000,
      "capex": null,
      "gross_margin": 0.06601375370934907,
      "op_margin": -0.004307740090678604,
      "fcf_margin": 0.21769616928473284,
      "incr_op_margin_yoy": 0.1523402779283283,
      "rev_growth_yoy": 0.18444602613521857,
      "rev_growth_yoy_accel": 0.019962467194784395,
      "fcf_margin_change": -0.06496837300440328
    },
    {
      "date": "2024-06-30T00:00:00",
      "quarter_label": "2024-06 (Q2)",
      "revenue": 364797000,
      "gross_profit": 75486000,
      "operating_income": 53193000,
      "net_income": 32289000,
      "opex": 22293000,
      "cogs": 289311000,
      "rd": null,
      "sga": 22293000,
      "fcf": -12164000,
      "ocf": -12164000,
      "capex": null,
      "gross_margin": 0.2069260437997023,
      "op_margin": 0.1458153438761832,
      "fcf_margin": -0.033344572460848085,
      "incr_op_margin_yoy": 0.5892818863879957,
      "rev_growth_yoy": 0.1812724040451141,
      "rev_growth_yoy_accel": -0.0031736220901044665,
      "op_leverage_ratio": 3.2966985466634986,
      "fcf_margin_change": -0.25104074174558094
    },
    {
      "date": "2024-09-30T00:00:00",
      "quarter_label": "2024-09 (Q3)",
      "revenue": 342419000,
      "gross_profit": 65665000,
      "operating_income": 44640000,
      "net_income": 29514000,
      "opex": 21025000,
      "cogs": 276754000,
      "rd": null,
      "sga": 21125000,
      "fcf": 55731000,
      "ocf": 55731000,
      "capex": null,
      "gross_margin": 0.19176798016465207,
      "op_margin": 0.1303665976479109,
      "fcf_margin": 0.16275673955008338,
      "incr_op_margin_yoy": -0.15796886443447072,
      "rev_growth_yoy": -0.13458437586877953,
      "rev_growth_yoy_accel": -0.3158567799138936,
      "fcf_margin_change": 0.19610131201093145
    },
    {
      "date": "2024-12-31T00:00:00",
      "quarter_label": "2024-12 (Q4)",
      "revenue": 355133000,
      "gross_profit": 58859000,
      "operating_income": 30878000,
      "net_income": 20121000,
      "opex": 27981000,
      "cogs": 296274000,
      "rd": null,
      "sga": 27552000,
      "fcf": 77977000,
      "ocf": 77977000,
      "capex": null,
      "gross_margin": 0.16573790664342655,
      "op_margin": 0.08694770691543731,
      "fcf_margin": 0.21957125921837733,
      "incr_op_margin_yoy": 0.775830997196636,
      "rev_growth_yoy": 0.05960191790713009,
      "rev_growth_yoy_accel": 0.19418629377590962,
      "op_leverage_ratio": 0.11222788633091538,
      "fcf_margin_change": 0.056814519668293956
    },
    {
      "date": "2025-03-31T00:00:00",
      "quarter_label": "2025-03 (Q1)",
      "revenue": 278064000,
      "gross_profit": 27538000,
      "operating_income": 8172000,
      "net_income": 3072000,
      "opex": 19366000,
      "cogs": 250526000,
      "rd": null,
      "sga": 19366000,
      "fcf": 16442000,
      "ocf": 16442000,
      "capex": null,
      "gross_margin": 0.09903475458887162,
      "op_margin": 0.029388917659243913,
      "fcf_margin": 0.05913027216755855,
      "incr_op_margin_yoy": -0.5206370198930953,
      "rev_growth_yoy": -0.06126376130528576,
      "rev_growth_yoy_accel": -0.12086567921241585,
      "fcf_margin_change": -0.16044098705081877
    },
    {
      "date": "2025-06-30T00:00:00",
      "quarter_label": "2025-06 (Q2)",
      "revenue": 302288000,
      "gross_profit": 14948000,
      "operating_income": -3152000,
      "net_income": -2598000,
      "opex": 18100000,
      "cogs": 287340000,
      "rd": null,
      "sga": 18100000,
      "fcf": -17133000,
      "ocf": -17133000,
      "capex": null,
      "gross_margin": 0.0494495315725401,
      "op_margin": -0.010427142327846292,
      "fcf_margin": -0.05667773778648177,
      "incr_op_margin_yoy": 0.9013901998112271,
      "rev_growth_yoy": -0.17135283459019673,
      "rev_growth_yoy_accel": -0.11008907328491097,
      "op_leverage_ratio": Infinity,
      "fcf_margin_change": -0.11580800995404031
    },
    {
      "date": "2025-09-30T00:00:00",
      "quarter_label": "2025-09 (Q3)",
      "revenue": 376960000,
      "gross_profit": 66019000,
      "operating_income": 47851000,
      "net_income": 22083000,
      "opex": 18168000,
      "cogs": 310941000,
      "rd": null,
      "sga": 18168000,
      "fcf": 24277000,
      "ocf": 24277000,
      "capex": null,
      "gross_margin": 0.17513529286926996,
      "op_margin": 0.12693919779286927,
      "fcf_margin": 0.06440205857385399,
      "incr_op_margin_yoy": 0.0929619872036131,
      "rev_growth_yoy": 0.10087349124902532,
      "rev_growth_yoy_accel": 0.27222632583922207,
      "op_leverage_ratio": 65.75163225720077,
      "fcf_margin_change": 0.12107979636033575
    }
  ],
  "signals": [
    {
      "quarter": "2025-09 (Q3)",
      "signal": "FCF TURNED POSITIVE",
      "detail": "FCF margin: -5.7% -> +6.4%",
      "severity": "HIGH"
    },
    {
      "quarter": "2025-09 (Q3)",
      "signal": "OPERATING LEVERAGE",
      "detail": "Rev growth +24.7% vs OpEx growth +0.4% (leverage: 65.8x)",
      "severity": "MEDIUM"
    },
    {
      "quarter": "2025-09 (Q3)",
      "signal": "GROSS MARGIN INFLECTION",
      "detail": "GM: +9.9% -> +4.9% -> +17.5% (reversal +12.6%)",
      "severity": "HIGH"
    },
    {
      "quarter": "2025-09 (Q3)",
      "signal": "YoY REVENUE GROWTH ACCELERATION",
      "detail": "YoY growth: +10.1% vs prior quarter YoY: -17.1% (accel: +27.2%)",
      "severity": "HIGH"
    },
    {
      "quarter": "2025-09 (Q3)",
      "signal": "OP MARGIN TURNED POSITIVE (QoQ)",
      "detail": "Op margin: -1.0% -> +12.7%",
      "severity": "HIGH"
    },
    {
      "quarter": "2025-06 (Q2)",
      "signal": "YoY REVENUE GROWTH DECELERATION",
      "detail": "YoY growth: -17.1% vs prior quarter YoY: -6.1% (decel: -11.0%)",
      "severity": "WARNING"
    },
    {
      "quarter": "2025-03 (Q1)",
      "signal": "YoY REVENUE GROWTH DECELERATION",
      "detail": "YoY growth: -6.1% vs prior quarter YoY: +6.0% (decel: -12.1%)",
      "severity": "WARNING"
    },
    {
      "quarter": "2025-03 (Q1)",
      "signal": "OP MARGIN TURNED POSITIVE (YoY)",
      "detail": "Op margin: -0.4% (year-ago) -> +2.9%",
      "severity": "HIGH"
    },
    {
      "quarter": "2024-12 (Q4)",
      "signal": "FCF MARGIN EXPANSION",
      "detail": "FCF margin: +16.3% -> +22.0% (+5.7%)",
      "severity": "MEDIUM"
    },
    {
      "quarter": "2024-12 (Q4)",
      "signal": "YoY REVENUE GROWTH ACCELERATION",
      "detail": "YoY growth: +6.0% vs prior quarter YoY: -13.5% (accel: +19.4%)",
      "severity": "HIGH"
    },
    {
      "quarter": "2024-12 (Q4)",
      "signal": "INCREMENTAL MARGIN (YoY)",
      "detail": "YoY Incr OPM: +77.6% vs year-ago OPM: +4.6%",
      "severity": "HIGH"
    },
    {
      "quarter": "2024-09 (Q3)",
      "signal": "FCF TURNED POSITIVE",
      "detail": "FCF margin: -3.3% -> +16.3%",
      "severity": "HIGH"
    },
    {
      "quarter": "2024-09 (Q3)",
      "signal": "YoY REVENUE GROWTH DECELERATION",
      "detail": "YoY growth: -13.5% vs prior quarter YoY: +18.1% (decel: -31.6%)",
      "severity": "WARNING"
    },
    {
      "quarter": "2024-06 (Q2)",
      "signal": "OPERATING LEVERAGE",
      "detail": "Rev growth +23.2% vs OpEx growth +7.0% (leverage: 3.3x)",
      "severity": "MEDIUM"
    },
    {
      "quarter": "2024-06 (Q2)",
      "signal": "GROSS MARGIN INFLECTION",
      "detail": "GM: +14.7% -> +6.6% -> +20.7% (reversal +14.1%)",
      "severity": "HIGH"
    },
    {
      "quarter": "2024-06 (Q2)",
      "signal": "INCREMENTAL MARGIN (YoY)",
      "detail": "YoY Incr OPM: +58.9% vs year-ago OPM: +6.5%",
      "severity": "HIGH"
    },
    {
      "quarter": "2024-06 (Q2)",
      "signal": "OP MARGIN TURNED POSITIVE (QoQ)",
      "detail": "Op margin: -0.4% -> +14.6%",
      "severity": "HIGH"
    },
    {
      "quarter": "2023-12 (Q4)",
      "signal": "FCF MARGIN EXPANSION",
      "detail": "FCF margin: +8.0% -> +28.3% (+20.3%)",
      "severity": "MEDIUM"
    },
    {
      "quarter": "2023-12 (Q4)",
      "signal": "YoY REVENUE GROWTH DECELERATION",
      "detail": "YoY growth: +16.4% vs prior quarter YoY: +45.2% (decel: -28.7%)",
      "severity": "WARNING"
    },
    {
      "quarter": "2023-12 (Q4)",
      "signal": "OP MARGIN TURNED POSITIVE (YoY)",
      "detail": "Op margin: -1.8% (year-ago) -> +4.6%",
      "severity": "HIGH"
    },
    {
      "quarter": "2023-09 (Q3)",
      "signal": "YoY REVENUE GROWTH DECELERATION",
      "detail": "YoY growth: +45.2% vs prior quarter YoY: +89.9% (decel: -44.7%)",
      "severity": "WARNING"
    },
    {
      "quarter": "2023-09 (Q3)",
      "signal": "INCREMENTAL MARGIN (YoY)",
      "detail": "YoY Incr OPM: +19.5% vs year-ago OPM: +4.5%",
      "severity": "MEDIUM"
    },
    {
      "quarter": "2023-06 (Q2)",
      "signal": "FCF TURNED POSITIVE",
      "detail": "FCF margin: -2.2% -> +10.2%",
      "severity": "HIGH"
    },
    {
      "quarter": "2023-06 (Q2)",
      "signal": "GROSS MARGIN INFLECTION",
      "detail": "GM: +10.9% -> +6.1% -> +17.9% (reversal +11.9%)",
      "severity": "HIGH"
    },
    {
      "quarter": "2023-06 (Q2)",
      "signal": "YoY REVENUE GROWTH ACCELERATION",
      "detail": "YoY growth: +89.9% vs prior quarter YoY: +66.6% (accel: +23.3%)",
      "severity": "HIGH"
    },
    {
      "quarter": "2023-06 (Q2)",
      "signal": "OP MARGIN TURNED POSITIVE (YoY)",
      "detail": "Op margin: -11.7% (year-ago) -> +6.5%",
      "severity": "HIGH"
    },
    {
      "quarter": "2023-06 (Q2)",
      "signal": "OP MARGIN TURNED POSITIVE (QoQ)",
      "detail": "Op margin: -3.3% -> +6.5%",
      "severity": "HIGH"
    },
    {
      "quarter": "2022-12 (Q4)",
      "signal": "FCF MARGIN EXPANSION",
      "detail": "FCF margin: +9.0% -> +17.3% (+8.2%)",
      "severity": "MEDIUM"
    },
    {
      "quarter": "2022-12 (Q4)",
      "signal": "YoY REVENUE GROWTH ACCELERATION",
      "detail": "YoY growth: +70.7% vs prior quarter YoY: +50.8% (accel: +19.8%)",
      "severity": "HIGH"
    },
    {
      "quarter": "2022-09 (Q3)",
      "signal": "FCF TURNED POSITIVE",
      "detail": "FCF margin: -3.6% -> +9.0%",
      "severity": "HIGH"
    },
    {
      "quarter": "2022-09 (Q3)",
      "signal": "YoY REVENUE GROWTH ACCELERATION",
      "detail": "YoY growth: +50.8% vs prior quarter YoY: +0.4% (accel: +50.4%)",
      "severity": "HIGH"
    },
    {
      "quarter": "2022-09 (Q3)",
      "signal": "OP MARGIN TURNED POSITIVE (YoY)",
      "detail": "Op margin: -5.7% (year-ago) -> +4.5%",
      "severity": "HIGH"
    },
    {
      "quarter": "2022-09 (Q3)",
      "signal": "OP MARGIN TURNED POSITIVE (QoQ)",
      "detail": "Op margin: -11.7% -> +4.5%",
      "severity": "HIGH"
    },
    {
      "quarter": "2022-06 (Q2)",
      "signal": "FCF MARGIN EXPANSION",
      "detail": "FCF margin: -11.6% -> -3.6% (+8.0%)",
      "severity": "MEDIUM"
    },
    {
      "quarter": "2022-06 (Q2)",
      "signal": "GROSS MARGIN INFLECTION",
      "detail": "GM: -3.2% -> -12.4% -> -0.8% (reversal +11.6%)",
      "severity": "HIGH"
    },
    {
      "quarter": "2022-06 (Q2)",
      "signal": "YoY REVENUE GROWTH ACCELERATION",
      "detail": "YoY growth: +0.4% vs prior quarter YoY: -8.1% (accel: +8.5%)",
      "severity": "MEDIUM"
    },
    {
      "quarter": "2022-03 (Q1)",
      "signal": "YoY REVENUE GROWTH DECELERATION",
      "detail": "YoY growth: -8.1% vs prior quarter YoY: +5.5% (decel: -13.6%)",
      "severity": "WARNING"
    },
    {
      "quarter": "2021-06 (Q2)",
      "signal": "FCF MARGIN EXPANSION",
      "detail": "FCF margin: +24.4% -> +32.5% (+8.1%)",
      "severity": "MEDIUM"
    }
  ],
  "data_quality": {
    "n_quarters": 20,
    "coverage": {
      "revenue": [
        20,
        20
      ],
      "gross_profit": [
        20,
        20
      ],
      "op_income": [
        20,
        20
      ],
      "fcf": [
        20,
        20
      ]
    },
    "gaps": [],
    "warnings": []
  },
  "market_cap": null,
  "source": "SEC EDGAR",
  "last_updated": "2026-02-02T21:57:34.121639"
}