{
  "ticker": "HNI",
  "name": "HNI Corporation",
  "quarters": [
    {
      "date": "2021-01-02T00:00:00",
      "quarter_label": "2021-01 (Q1)",
      "revenue": 562139000,
      "gross_profit": 208650000,
      "operating_income": 31499000,
      "net_income": 22568000,
      "opex": 177151000,
      "cogs": 353489000,
      "rd": null,
      "sga": 170994000,
      "fcf": 71139000,
      "ocf": 71139000,
      "capex": null,
      "gross_margin": 0.37117154298136223,
      "op_margin": 0.05603418371612715,
      "fcf_margin": 0.12655055066451537
    },
    {
      "date": "2021-04-03T00:00:00",
      "quarter_label": "2021-04 (Q2)",
      "revenue": 484293000,
      "gross_profit": 179946000,
      "operating_income": 22600000,
      "net_income": 15019000,
      "opex": 157346000,
      "cogs": 304347000,
      "rd": null,
      "sga": 157346000,
      "fcf": 1684000,
      "ocf": 1684000,
      "capex": null,
      "gross_margin": 0.3715643215987016,
      "op_margin": 0.046665964612331794,
      "fcf_margin": 0.003477233823325962,
      "fcf_margin_change": -0.12307331684118941
    },
    {
      "date": "2021-07-03T00:00:00",
      "quarter_label": "2021-07 (Q3)",
      "revenue": 510455000,
      "gross_profit": 187862000,
      "operating_income": 24687000,
      "net_income": 17414000,
      "opex": 163175000,
      "cogs": 322593000,
      "rd": null,
      "sga": 163175000,
      "fcf": 35616000,
      "ocf": 35616000,
      "capex": null,
      "gross_margin": 0.36802852357210725,
      "op_margin": 0.04836273520682528,
      "fcf_margin": 0.06977304561616597,
      "op_leverage_ratio": 1.4582245351651066,
      "fcf_margin_change": 0.06629581179284001
    },
    {
      "date": "2021-10-02T00:00:00",
      "quarter_label": "2021-10 (Q4)",
      "revenue": 586750000,
      "gross_profit": 195356000,
      "operating_income": 26243000,
      "net_income": 19158000,
      "opex": 169113000,
      "cogs": 391394000,
      "rd": null,
      "sga": 169113000,
      "fcf": 51200000,
      "ocf": 51200000,
      "capex": null,
      "gross_margin": 0.33294588836812955,
      "op_margin": 0.044726033233915635,
      "fcf_margin": 0.08726033233915637,
      "op_leverage_ratio": 4.107258558997842,
      "fcf_margin_change": 0.017487286722990394
    },
    {
      "date": "2022-01-01T00:00:00",
      "quarter_label": "2022-01 (Q1)",
      "revenue": 602910000,
      "gross_profit": 194196000,
      "operating_income": 11890000,
      "net_income": 8222000,
      "opex": 182306000,
      "cogs": 408714000,
      "rd": null,
      "sga": 176007000,
      "fcf": 43100000,
      "ocf": 43100000,
      "capex": null,
      "gross_margin": 0.3220978255461014,
      "op_margin": 0.019721019721019722,
      "fcf_margin": 0.07148662321076114,
      "incr_op_margin_yoy": -0.4809546000833926,
      "rev_growth_yoy": 0.07252832484492269,
      "op_leverage_ratio": 0.3530381913870156,
      "fcf_margin_change": -0.015773709128395222
    },
    {
      "date": "2022-04-02T00:00:00",
      "quarter_label": "2022-04 (Q2)",
      "revenue": 572328000,
      "gross_profit": 196909000,
      "operating_income": 20437000,
      "net_income": 14178000,
      "opex": 176472000,
      "cogs": 375419000,
      "rd": null,
      "sga": 176472000,
      "fcf": -39000000,
      "ocf": -39000000,
      "capex": null,
      "gross_margin": 0.34404921653317677,
      "op_margin": 0.035708544750562614,
      "fcf_margin": -0.06814274332201116,
      "incr_op_margin_yoy": -0.02456977338558528,
      "rev_growth_yoy": 0.18178045109055882,
      "rev_growth_yoy_accel": 0.10925212624563613,
      "fcf_margin_change": -0.1396293665327723
    },
    {
      "date": "2022-07-02T00:00:00",
      "quarter_label": "2022-07 (Q3)",
      "revenue": 621700000,
      "gross_profit": 220600000,
      "operating_income": 29900000,
      "net_income": 30300000,
      "opex": 190700000,
      "cogs": 401200000,
      "rd": null,
      "sga": 189700000,
      "fcf": 13800000,
      "ocf": 13800000,
      "capex": null,
      "gross_margin": 0.3548335209908316,
      "op_margin": 0.04809393598198488,
      "fcf_margin": 0.02219720122245456,
      "incr_op_margin_yoy": 0.046860533057665514,
      "rev_growth_yoy": 0.21793302054049818,
      "rev_growth_yoy_accel": 0.03615256944993936,
      "op_leverage_ratio": 1.0699603350612332,
      "fcf_margin_change": 0.09033994454446573
    },
    {
      "date": "2022-10-01T00:00:00",
      "quarter_label": "2022-10 (Q4)",
      "revenue": 598800000,
      "gross_profit": 209500000,
      "operating_income": 81900000,
      "net_income": 63100000,
      "opex": 127600000,
      "cogs": 389300000,
      "rd": null,
      "sga": 178200000,
      "fcf": 59100000,
      "ocf": 59100000,
      "capex": null,
      "gross_margin": 0.3498663994655979,
      "op_margin": 0.13677354709418837,
      "fcf_margin": 0.09869739478957916,
      "incr_op_margin_yoy": 4.618838174273859,
      "rev_growth_yoy": 0.02053685556028973,
      "rev_growth_yoy_accel": -0.19739616498020846,
      "fcf_margin_change": 0.07650019356712459
    },
    {
      "date": "2022-12-31T00:00:00",
      "quarter_label": "2022-12 (Q4)",
      "revenue": 568900000,
      "gross_profit": 207900000,
      "operating_income": 23000000,
      "net_income": 16300000,
      "opex": 184900000,
      "cogs": 361000000,
      "rd": null,
      "sga": 179100000,
      "fcf": 47300000,
      "ocf": 47300000,
      "capex": null,
      "gross_margin": 0.3654420812093514,
      "op_margin": 0.04042889787308842,
      "fcf_margin": 0.08314290736509053,
      "incr_op_margin_yoy": -0.3266686268744487,
      "rev_growth_yoy": -0.05640974606491848,
      "rev_growth_yoy_accel": -0.07694660162520821,
      "fcf_margin_change": -0.01555448742448863
    },
    {
      "date": "2023-04-01T00:00:00",
      "quarter_label": "2023-04 (Q2)",
      "revenue": 479100000,
      "gross_profit": 174300000,
      "operating_income": 6400000,
      "net_income": 1600000,
      "opex": 167900000,
      "cogs": 304800000,
      "rd": null,
      "sga": 167900000,
      "fcf": 17300000,
      "ocf": 17300000,
      "capex": null,
      "gross_margin": 0.3638071383844709,
      "op_margin": 0.013358380296389062,
      "fcf_margin": 0.036109371738676684,
      "incr_op_margin_yoy": 0.15056635345604324,
      "rev_growth_yoy": -0.1628926070365245,
      "rev_growth_yoy_accel": -0.10648286097160603,
      "fcf_margin_change": -0.047033535626413846
    },
    {
      "date": "2023-07-01T00:00:00",
      "quarter_label": "2023-07 (Q3)",
      "revenue": 563500000,
      "gross_profit": 215500000,
      "operating_income": -3600000,
      "net_income": -12800000,
      "opex": 219100000,
      "cogs": 347900000,
      "rd": null,
      "sga": 211000000,
      "fcf": 22500000,
      "ocf": 22500000,
      "capex": null,
      "gross_margin": 0.3824312333629104,
      "op_margin": -0.006388642413487134,
      "fcf_margin": 0.03992901508429459,
      "incr_op_margin_yoy": 0.5756013745704467,
      "rev_growth_yoy": -0.09361428341643879,
      "rev_growth_yoy_accel": 0.06927832362008571,
      "op_leverage_ratio": 0.5776928746608223,
      "fcf_margin_change": 0.003819643345617907
    },
    {
      "date": "2023-09-30T00:00:00",
      "quarter_label": "2023-09 (Q3)",
      "revenue": 711600000,
      "gross_profit": 285300000,
      "operating_income": 56800000,
      "net_income": 37800000,
      "opex": 228500000,
      "cogs": 426300000,
      "rd": null,
      "sga": 223300000,
      "fcf": 122700000,
      "ocf": 122700000,
      "capex": null,
      "gross_margin": 0.4009274873524452,
      "op_margin": 0.07982012366498033,
      "fcf_margin": 0.1724283305227656,
      "incr_op_margin_yoy": -0.2225177304964539,
      "rev_growth_yoy": 0.18837675350701402,
      "rev_growth_yoy_accel": 0.28199103692345284,
      "op_leverage_ratio": 6.125981234306859,
      "fcf_margin_change": 0.13249931543847102
    },
    {
      "date": "2023-12-30T00:00:00",
      "quarter_label": "2023-12 (Q4)",
      "revenue": 679800000,
      "gross_profit": 273100000,
      "operating_income": 30700000,
      "net_income": 22700000,
      "opex": 242400000,
      "cogs": 406700000,
      "rd": null,
      "sga": 211000000,
      "fcf": 105000000,
      "ocf": 105000000,
      "capex": null,
      "gross_margin": 0.401735804648426,
      "op_margin": 0.04516034127684613,
      "fcf_margin": 0.15445719329214475,
      "incr_op_margin_yoy": 0.06943192064923355,
      "rev_growth_yoy": 0.19493759887502196,
      "rev_growth_yoy_accel": 0.006560845368007939,
      "fcf_margin_change": -0.017971137230620854
    },
    {
      "date": "2024-03-30T00:00:00",
      "quarter_label": "2024-03 (Q1)",
      "revenue": 588000000,
      "gross_profit": 232800000,
      "operating_income": 29700000,
      "net_income": 17700000,
      "opex": 203100000,
      "cogs": 355100000,
      "rd": null,
      "sga": 203100000,
      "fcf": -4300000,
      "ocf": -4300000,
      "capex": null,
      "gross_margin": 0.39591836734693875,
      "op_margin": 0.050510204081632655,
      "fcf_margin": -0.007312925170068027,
      "incr_op_margin_yoy": 0.21395775941230485,
      "rev_growth_yoy": 0.22730118973074515,
      "rev_growth_yoy_accel": 0.032363590855723184,
      "fcf_margin_change": -0.1617701184622128
    },
    {
      "date": "2024-06-29T00:00:00",
      "quarter_label": "2024-06 (Q2)",
      "revenue": 623700000,
      "gross_profit": 261300000,
      "operating_income": 53400000,
      "net_income": 36000000,
      "opex": 207900000,
      "cogs": 362400000,
      "rd": null,
      "sga": 205900000,
      "fcf": 51300000,
      "ocf": 51300000,
      "capex": null,
      "gross_margin": 0.41895141895141896,
      "op_margin": 0.08561808561808562,
      "fcf_margin": 0.08225108225108226,
      "incr_op_margin_yoy": 0.946843853820598,
      "rev_growth_yoy": 0.10683229813664596,
      "rev_growth_yoy_accel": -0.12046889159409918,
      "op_leverage_ratio": 2.5689732142857142,
      "fcf_margin_change": 0.08956400742115028
    },
    {
      "date": "2024-09-28T00:00:00",
      "quarter_label": "2024-09 (Q3)",
      "revenue": 672200000,
      "gross_profit": 278800000,
      "operating_income": 68900000,
      "net_income": 47500000,
      "opex": 209900000,
      "cogs": 393400000,
      "rd": null,
      "sga": 208400000,
      "fcf": 128500000,
      "ocf": 128500000,
      "capex": null,
      "gross_margin": 0.4147575126450461,
      "op_margin": 0.10249925617375781,
      "fcf_margin": 0.1911633442427849,
      "incr_op_margin_yoy": -0.30710659898477155,
      "rev_growth_yoy": -0.055368184373243395,
      "rev_growth_yoy_accel": -0.16220048250988936,
      "op_leverage_ratio": 8.083333333333332,
      "fcf_margin_change": 0.10891226199170263
    },
    {
      "date": "2024-12-28T00:00:00",
      "quarter_label": "2024-12 (Q4)",
      "revenue": 642500000,
      "gross_profit": 260400000,
      "operating_income": 54600000,
      "net_income": 38300000,
      "opex": 205800000,
      "cogs": 382100000,
      "rd": null,
      "sga": 203400000,
      "fcf": 51200000,
      "ocf": 51200000,
      "capex": null,
      "gross_margin": 0.40529182879377434,
      "op_margin": 0.08498054474708171,
      "fcf_margin": 0.0796887159533074,
      "incr_op_margin_yoy": -0.6407506702412868,
      "rev_growth_yoy": -0.0548690791409238,
      "rev_growth_yoy_accel": 0.0004991052323195938,
      "fcf_margin_change": -0.11147462828947749
    },
    {
      "date": "2025-03-29T00:00:00",
      "quarter_label": "2025-03 (Q1)",
      "revenue": 599800000,
      "gross_profit": 238400000,
      "operating_income": 24400000,
      "net_income": 13900000,
      "opex": 214000000,
      "cogs": 361400000,
      "rd": null,
      "sga": 207600000,
      "fcf": 12600000,
      "ocf": 12600000,
      "capex": null,
      "gross_margin": 0.3974658219406469,
      "op_margin": 0.040680226742247416,
      "fcf_margin": 0.02100700233411137,
      "incr_op_margin_yoy": -0.4491525423728814,
      "rev_growth_yoy": 0.020068027210884354,
      "rev_growth_yoy_accel": 0.07493710635180816,
      "fcf_margin_change": -0.058681713619196024
    },
    {
      "date": "2025-06-28T00:00:00",
      "quarter_label": "2025-06 (Q2)",
      "revenue": 667100000,
      "gross_profit": 286200000,
      "operating_income": 68200000,
      "net_income": 48200000,
      "opex": 218000000,
      "cogs": 380900000,
      "rd": null,
      "sga": 215500000,
      "fcf": 31100000,
      "ocf": 31100000,
      "capex": null,
      "gross_margin": 0.42902113626143007,
      "op_margin": 0.10223354819367411,
      "fcf_margin": 0.04661969719682207,
      "incr_op_margin_yoy": 0.34101382488479265,
      "rev_growth_yoy": 0.06958473625140292,
      "rev_growth_yoy_accel": 0.04951670904051857,
      "op_leverage_ratio": 6.002917639213072,
      "fcf_margin_change": 0.025612694862710696
    },
    {
      "date": "2025-09-27T00:00:00",
      "quarter_label": "2025-09 (Q3)",
      "revenue": 683800000,
      "gross_profit": 288100000,
      "operating_income": 64600000,
      "net_income": 41200000,
      "opex": 223500000,
      "cogs": 395700000,
      "rd": null,
      "sga": 222700000,
      "fcf": 155200000,
      "ocf": 155200000,
      "capex": null,
      "gross_margin": 0.42132202398362095,
      "op_margin": 0.09447206785609827,
      "fcf_margin": 0.22696694940040948,
      "incr_op_margin_yoy": -0.3706896551724138,
      "rev_growth_yoy": 0.017256768818803926,
      "rev_growth_yoy_accel": -0.052327967432598994,
      "op_leverage_ratio": 0.9922459492239134,
      "fcf_margin_change": 0.1803472522035874
    }
  ],
  "signals": [
    {
      "quarter": "2025-09 (Q3)",
      "signal": "FCF MARGIN EXPANSION",
      "detail": "FCF margin: +4.7% -> +22.7% (+18.0%)",
      "severity": "MEDIUM"
    },
    {
      "quarter": "2025-09 (Q3)",
      "signal": "YoY REVENUE GROWTH DECELERATION",
      "detail": "YoY growth: +1.7% vs prior quarter YoY: +7.0% (decel: -5.2%)",
      "severity": "WARNING"
    },
    {
      "quarter": "2025-06 (Q2)",
      "signal": "OPERATING LEVERAGE",
      "detail": "Rev growth +11.2% vs OpEx growth +1.9% (leverage: 6.0x)",
      "severity": "MEDIUM"
    },
    {
      "quarter": "2025-06 (Q2)",
      "signal": "GROSS MARGIN INFLECTION",
      "detail": "GM: +40.5% -> +39.7% -> +42.9% (reversal +3.2%)",
      "severity": "MEDIUM"
    },
    {
      "quarter": "2025-06 (Q2)",
      "signal": "INCREMENTAL MARGIN (YoY)",
      "detail": "YoY Incr OPM: +34.1% vs year-ago OPM: +8.6%",
      "severity": "HIGH"
    },
    {
      "quarter": "2025-03 (Q1)",
      "signal": "YoY REVENUE GROWTH ACCELERATION",
      "detail": "YoY growth: +2.0% vs prior quarter YoY: -5.5% (accel: +7.5%)",
      "severity": "MEDIUM"
    },
    {
      "quarter": "2024-09 (Q3)",
      "signal": "FCF MARGIN EXPANSION",
      "detail": "FCF margin: +8.2% -> +19.1% (+10.9%)",
      "severity": "MEDIUM"
    },
    {
      "quarter": "2024-09 (Q3)",
      "signal": "OPERATING LEVERAGE",
      "detail": "Rev growth +7.8% vs OpEx growth +1.0% (leverage: 8.1x)",
      "severity": "MEDIUM"
    },
    {
      "quarter": "2024-09 (Q3)",
      "signal": "YoY REVENUE GROWTH DECELERATION",
      "detail": "YoY growth: -5.5% vs prior quarter YoY: +10.7% (decel: -16.2%)",
      "severity": "WARNING"
    },
    {
      "quarter": "2024-06 (Q2)",
      "signal": "FCF TURNED POSITIVE",
      "detail": "FCF margin: -0.7% -> +8.2%",
      "severity": "HIGH"
    },
    {
      "quarter": "2024-06 (Q2)",
      "signal": "OPERATING LEVERAGE",
      "detail": "Rev growth +6.1% vs OpEx growth +2.4% (leverage: 2.6x)",
      "severity": "MEDIUM"
    },
    {
      "quarter": "2024-06 (Q2)",
      "signal": "GROSS MARGIN INFLECTION",
      "detail": "GM: +40.2% -> +39.6% -> +41.9% (reversal +2.3%)",
      "severity": "MEDIUM"
    },
    {
      "quarter": "2024-06 (Q2)",
      "signal": "YoY REVENUE GROWTH DECELERATION",
      "detail": "YoY growth: +10.7% vs prior quarter YoY: +22.7% (decel: -12.0%)",
      "severity": "WARNING"
    },
    {
      "quarter": "2024-06 (Q2)",
      "signal": "OP MARGIN TURNED POSITIVE (YoY)",
      "detail": "Op margin: -0.6% (year-ago) -> +8.6%",
      "severity": "HIGH"
    },
    {
      "quarter": "2024-03 (Q1)",
      "signal": "INCREMENTAL MARGIN (YoY)",
      "detail": "YoY Incr OPM: +21.4% vs year-ago OPM: +1.3%",
      "severity": "HIGH"
    },
    {
      "quarter": "2023-09 (Q3)",
      "signal": "FCF MARGIN EXPANSION",
      "detail": "FCF margin: +4.0% -> +17.2% (+13.2%)",
      "severity": "MEDIUM"
    },
    {
      "quarter": "2023-09 (Q3)",
      "signal": "OPERATING LEVERAGE",
      "detail": "Rev growth +26.3% vs OpEx growth +4.3% (leverage: 6.1x)",
      "severity": "MEDIUM"
    },
    {
      "quarter": "2023-09 (Q3)",
      "signal": "YoY REVENUE GROWTH ACCELERATION",
      "detail": "YoY growth: +18.8% vs prior quarter YoY: -9.4% (accel: +28.2%)",
      "severity": "HIGH"
    },
    {
      "quarter": "2023-09 (Q3)",
      "signal": "OP MARGIN TURNED POSITIVE (QoQ)",
      "detail": "Op margin: -0.6% -> +8.0%",
      "severity": "HIGH"
    },
    {
      "quarter": "2023-07 (Q3)",
      "signal": "YoY REVENUE GROWTH ACCELERATION",
      "detail": "YoY growth: -9.4% vs prior quarter YoY: -16.3% (accel: +6.9%)",
      "severity": "MEDIUM"
    },
    {
      "quarter": "2023-04 (Q2)",
      "signal": "YoY REVENUE GROWTH DECELERATION",
      "detail": "YoY growth: -16.3% vs prior quarter YoY: -5.6% (decel: -10.6%)",
      "severity": "WARNING"
    },
    {
      "quarter": "2023-04 (Q2)",
      "signal": "INCREMENTAL MARGIN (YoY)",
      "detail": "YoY Incr OPM: +15.1% vs year-ago OPM: +3.6%",
      "severity": "MEDIUM"
    },
    {
      "quarter": "2022-12 (Q4)",
      "signal": "YoY REVENUE GROWTH DECELERATION",
      "detail": "YoY growth: -5.6% vs prior quarter YoY: +2.1% (decel: -7.7%)",
      "severity": "WARNING"
    },
    {
      "quarter": "2022-10 (Q4)",
      "signal": "FCF MARGIN EXPANSION",
      "detail": "FCF margin: +2.2% -> +9.9% (+7.7%)",
      "severity": "MEDIUM"
    },
    {
      "quarter": "2022-10 (Q4)",
      "signal": "YoY REVENUE GROWTH DECELERATION",
      "detail": "YoY growth: +2.1% vs prior quarter YoY: +21.8% (decel: -19.7%)",
      "severity": "WARNING"
    },
    {
      "quarter": "2022-10 (Q4)",
      "signal": "INCREMENTAL MARGIN (YoY)",
      "detail": "YoY Incr OPM: +461.9% vs year-ago OPM: +4.5%",
      "severity": "HIGH"
    },
    {
      "quarter": "2022-07 (Q3)",
      "signal": "FCF TURNED POSITIVE",
      "detail": "FCF margin: -6.8% -> +2.2%",
      "severity": "HIGH"
    },
    {
      "quarter": "2022-04 (Q2)",
      "signal": "GROSS MARGIN INFLECTION",
      "detail": "GM: +33.3% -> +32.2% -> +34.4% (reversal +2.2%)",
      "severity": "MEDIUM"
    },
    {
      "quarter": "2022-04 (Q2)",
      "signal": "YoY REVENUE GROWTH ACCELERATION",
      "detail": "YoY growth: +18.2% vs prior quarter YoY: +7.3% (accel: +10.9%)",
      "severity": "MEDIUM"
    },
    {
      "quarter": "2021-10 (Q4)",
      "signal": "OPERATING LEVERAGE",
      "detail": "Rev growth +14.9% vs OpEx growth +3.6% (leverage: 4.1x)",
      "severity": "MEDIUM"
    },
    {
      "quarter": "2021-07 (Q3)",
      "signal": "FCF MARGIN EXPANSION",
      "detail": "FCF margin: +0.3% -> +7.0% (+6.6%)",
      "severity": "MEDIUM"
    }
  ],
  "data_quality": {
    "n_quarters": 20,
    "coverage": {
      "revenue": [
        20,
        20
      ],
      "gross_profit": [
        20,
        20
      ],
      "op_income": [
        20,
        20
      ],
      "fcf": [
        20,
        20
      ]
    },
    "gaps": [],
    "warnings": []
  },
  "market_cap": null,
  "source": "SEC EDGAR",
  "last_updated": "2026-02-02T21:18:46.616518",
  "sector": "Consumer Cyclical",
  "industry": "Furnishings, Fixtures & Appliances"
}