{
  "ticker": "HNST",
  "name": "The Honest Company, Inc.",
  "quarters": [
    {
      "date": "2020-12-31T00:00:00",
      "quarter_label": "2020-12 (Q4)",
      "revenue": 77868000,
      "gross_profit": 26195000,
      "operating_income": -12368000,
      "net_income": -12664000,
      "opex": 38563000,
      "cogs": 51673000,
      "rd": 2014000,
      "sga": 25405000,
      "fcf": -17232000,
      "ocf": -17199000,
      "capex": -33000,
      "gross_margin": 0.3364026300919505,
      "op_margin": -0.15883289669697437,
      "fcf_margin": -0.2212975805208815
    },
    {
      "date": "2021-03-31T00:00:00",
      "quarter_label": "2021-03 (Q1)",
      "revenue": 81032000,
      "gross_profit": 28381000,
      "operating_income": -4135000,
      "net_income": -4484000,
      "opex": 32516000,
      "cogs": 52651000,
      "rd": 1646000,
      "sga": 16697000,
      "fcf": -12038000,
      "ocf": -11964000,
      "capex": -74000,
      "gross_margin": 0.35024434791193604,
      "op_margin": -0.05102922302300326,
      "fcf_margin": -0.14855859413565012,
      "op_leverage_ratio": Infinity,
      "fcf_margin_change": 0.07273898638523138
    },
    {
      "date": "2021-06-30T00:00:00",
      "quarter_label": "2021-06 (Q2)",
      "revenue": 74576000,
      "gross_profit": 26943000,
      "operating_income": -19502000,
      "net_income": -20034000,
      "opex": 46445000,
      "cogs": 47633000,
      "rd": 2345000,
      "sga": 30091000,
      "fcf": -20669000,
      "ocf": -20643000,
      "capex": -26000,
      "gross_margin": 0.3612824501180004,
      "op_margin": -0.2615050418365158,
      "fcf_margin": -0.27715350783093756,
      "fcf_margin_change": -0.12859491369528744
    },
    {
      "date": "2021-09-30T00:00:00",
      "quarter_label": "2021-09 (Q3)",
      "revenue": 82651000,
      "gross_profit": 29759000,
      "operating_income": -4588000,
      "net_income": -5136000,
      "opex": 34347000,
      "cogs": 52892000,
      "rd": 2092000,
      "sga": 18568000,
      "fcf": -3839000,
      "ocf": -3752000,
      "capex": -87000,
      "gross_margin": 0.3600561396716313,
      "op_margin": -0.05551052013889729,
      "fcf_margin": -0.04644831883461785,
      "op_leverage_ratio": Infinity,
      "fcf_margin_change": 0.2307051889963197
    },
    {
      "date": "2021-12-31T00:00:00",
      "quarter_label": "2021-12 (Q4)",
      "revenue": 80381000,
      "gross_profit": 24091000,
      "operating_income": -8601000,
      "net_income": -9025000,
      "opex": 32692000,
      "cogs": 56290000,
      "rd": 1597000,
      "sga": 18703000,
      "fcf": -1828000,
      "ocf": -1795000,
      "capex": -33000,
      "gross_margin": 0.29971013050347717,
      "op_margin": -0.10700289869496522,
      "fcf_margin": -0.02274169268857068,
      "incr_op_margin_yoy": 1.4990051730998806,
      "rev_growth_yoy": 0.032272563825961886,
      "fcf_margin_change": 0.02370662614604717
    },
    {
      "date": "2022-03-31T00:00:00",
      "quarter_label": "2022-03 (Q1)",
      "revenue": 68719000,
      "gross_profit": 20627000,
      "operating_income": -14545000,
      "net_income": -14626000,
      "opex": 35172000,
      "cogs": 48092000,
      "rd": 2096000,
      "sga": 19611000,
      "fcf": -14942000,
      "ocf": -14702000,
      "capex": -240000,
      "gross_margin": 0.3001644377828548,
      "op_margin": -0.2116590753648918,
      "fcf_margin": -0.2174362257890831,
      "incr_op_margin_yoy": 0.8454479005928693,
      "rev_growth_yoy": -0.15195231513476157,
      "rev_growth_yoy_accel": -0.18422487896072345,
      "fcf_margin_change": -0.1946945331005124
    },
    {
      "date": "2022-06-30T00:00:00",
      "quarter_label": "2022-06 (Q2)",
      "revenue": 78493000,
      "gross_profit": 23564000,
      "operating_income": -10739000,
      "net_income": -10012000,
      "opex": 34303000,
      "cogs": 54929000,
      "rd": 1823000,
      "sga": 19965000,
      "fcf": -11203000,
      "ocf": -10700000,
      "capex": -503000,
      "gross_margin": 0.30020511383180665,
      "op_margin": -0.1368147478119068,
      "fcf_margin": -0.14272610296459556,
      "incr_op_margin_yoy": 2.237171304569824,
      "rev_growth_yoy": 0.052523600085818495,
      "rev_growth_yoy_accel": 0.20447591522058006,
      "op_leverage_ratio": Infinity,
      "fcf_margin_change": 0.07471012282448752
    },
    {
      "date": "2022-09-30T00:00:00",
      "quarter_label": "2022-09 (Q3)",
      "revenue": 84580000,
      "gross_profit": 25617000,
      "operating_income": -11739000,
      "net_income": -11788000,
      "opex": 37356000,
      "cogs": 58963000,
      "rd": 1725000,
      "sga": 23491000,
      "fcf": -25957000,
      "ocf": -25267000,
      "capex": -690000,
      "gross_margin": 0.30287301962638924,
      "op_margin": -0.13879167651927168,
      "fcf_margin": -0.30689288247812724,
      "incr_op_margin_yoy": -3.707102125453603,
      "rev_growth_yoy": 0.023339100555347183,
      "rev_growth_yoy_accel": -0.029184499530471312,
      "op_leverage_ratio": 0.8713199796348784,
      "fcf_margin_change": -0.16416677951353167
    },
    {
      "date": "2022-12-31T00:00:00",
      "quarter_label": "2022-12 (Q4)",
      "revenue": 81859000,
      "gross_profit": 22507000,
      "operating_income": -12756000,
      "net_income": -12592000,
      "opex": 35263000,
      "cogs": 59352000,
      "rd": 1353000,
      "sga": 24249000,
      "fcf": -25790000,
      "ocf": -25606000,
      "capex": -184000,
      "gross_margin": 0.274948386860333,
      "op_margin": -0.15582892534724344,
      "fcf_margin": -0.315053934203936,
      "incr_op_margin_yoy": -2.811231393775372,
      "rev_growth_yoy": 0.018387429865266668,
      "rev_growth_yoy_accel": -0.004951670690080515,
      "fcf_margin_change": -0.008161051725808777
    },
    {
      "date": "2023-03-31T00:00:00",
      "quarter_label": "2023-03 (Q1)",
      "revenue": 83388000,
      "gross_profit": 20202000,
      "operating_income": -18658000,
      "net_income": -18867000,
      "opex": 38860000,
      "cogs": 63186000,
      "rd": 1459000,
      "sga": 25817000,
      "fcf": -3234000,
      "ocf": -2761000,
      "capex": -473000,
      "gross_margin": 0.24226507411138293,
      "op_margin": -0.22374922051134455,
      "fcf_margin": -0.038782558641531156,
      "incr_op_margin_yoy": -0.28038721112550274,
      "rev_growth_yoy": 0.2134635253714402,
      "rev_growth_yoy_accel": 0.19507609550617352,
      "op_leverage_ratio": 0.1831132917334958,
      "fcf_margin_change": 0.2762713755624049
    },
    {
      "date": "2023-06-30T00:00:00",
      "quarter_label": "2023-06 (Q2)",
      "revenue": 84544000,
      "gross_profit": 22898000,
      "operating_income": -13387000,
      "net_income": -13416000,
      "opex": 36285000,
      "cogs": 61646000,
      "rd": 1595000,
      "sga": 25032000,
      "fcf": 5806000,
      "ocf": 6519000,
      "capex": -713000,
      "gross_margin": 0.2708412187736563,
      "op_margin": -0.15834358440575322,
      "fcf_margin": 0.06867429977289932,
      "incr_op_margin_yoy": -0.43761361758387046,
      "rev_growth_yoy": 0.07708967678646504,
      "rev_growth_yoy_accel": -0.13637384858497514,
      "op_leverage_ratio": Infinity,
      "fcf_margin_change": 0.10745685841443048
    },
    {
      "date": "2023-09-30T00:00:00",
      "quarter_label": "2023-09 (Q3)",
      "revenue": 86169000,
      "gross_profit": 27205000,
      "operating_income": -7992000,
      "net_income": -8098000,
      "opex": 35197000,
      "cogs": 58964000,
      "rd": 1584000,
      "sga": 24146000,
      "fcf": 5271000,
      "ocf": 5673000,
      "capex": -402000,
      "gross_margin": 0.31571678910048856,
      "op_margin": -0.09274797200849494,
      "fcf_margin": 0.06117049054764474,
      "incr_op_margin_yoy": 2.3580868470736314,
      "rev_growth_yoy": 0.018786947268857886,
      "rev_growth_yoy_accel": -0.058302729517607156,
      "op_leverage_ratio": Infinity,
      "fcf_margin_change": -0.007503809225254579
    },
    {
      "date": "2023-12-31T00:00:00",
      "quarter_label": "2023-12 (Q4)",
      "revenue": 90264000,
      "gross_profit": 30227000,
      "operating_income": 1128000,
      "net_income": 1143000,
      "opex": 29099000,
      "cogs": 60037000,
      "rd": 1576000,
      "sga": 19587000,
      "fcf": 9672000,
      "ocf": 9922000,
      "capex": -250000,
      "gross_margin": 0.3348732606576265,
      "op_margin": 0.01249667641584685,
      "fcf_margin": 0.10715235309758044,
      "incr_op_margin_yoy": 1.6518738845925045,
      "rev_growth_yoy": 0.1026765535860443,
      "rev_growth_yoy_accel": 0.08388960631718642,
      "op_leverage_ratio": Infinity,
      "fcf_margin_change": 0.04598186254993569
    },
    {
      "date": "2024-03-31T00:00:00",
      "quarter_label": "2024-03 (Q1)",
      "revenue": 86217000,
      "gross_profit": 31882000,
      "operating_income": -1315000,
      "net_income": -1403000,
      "opex": 33197000,
      "cogs": 54335000,
      "rd": 1681000,
      "sga": 22420000,
      "fcf": 260000,
      "ocf": 336000,
      "capex": -76000,
      "gross_margin": 0.3697878608627069,
      "op_margin": -0.01525221244070195,
      "fcf_margin": 0.0030156465662224386,
      "incr_op_margin_yoy": 6.130434782608695,
      "rev_growth_yoy": 0.03392574471146927,
      "rev_growth_yoy_accel": -0.06875080887457502,
      "fcf_margin_change": -0.104136706531358
    },
    {
      "date": "2024-06-30T00:00:00",
      "quarter_label": "2024-06 (Q2)",
      "revenue": 93049000,
      "gross_profit": 35612000,
      "operating_income": -4045000,
      "net_income": -4077000,
      "opex": 39657000,
      "cogs": 57437000,
      "rd": 1714000,
      "sga": 26431000,
      "fcf": 2930000,
      "ocf": 2945000,
      "capex": -15000,
      "gross_margin": 0.3827230813872261,
      "op_margin": -0.043471719201710925,
      "fcf_margin": 0.031488785478618796,
      "incr_op_margin_yoy": 1.0984126984126985,
      "rev_growth_yoy": 0.10059850492051477,
      "rev_growth_yoy_accel": 0.0666727602090455,
      "op_leverage_ratio": 0.4072126595679395,
      "fcf_margin_change": 0.02847313891239636
    },
    {
      "date": "2024-09-30T00:00:00",
      "quarter_label": "2024-09 (Q3)",
      "revenue": 99237000,
      "gross_profit": 38396000,
      "operating_income": 57000,
      "net_income": 165000,
      "opex": 38339000,
      "cogs": 60841000,
      "rd": 1742000,
      "sga": 23427000,
      "fcf": 14992000,
      "ocf": 15085000,
      "capex": -93000,
      "gross_margin": 0.3869121396253414,
      "op_margin": 0.0005743825387708214,
      "fcf_margin": 0.15107268458337111,
      "incr_op_margin_yoy": 0.6159320477502296,
      "rev_growth_yoy": 0.1516554677436201,
      "rev_growth_yoy_accel": 0.05105696282310533,
      "op_leverage_ratio": Infinity,
      "fcf_margin_change": 0.11958389910475231
    },
    {
      "date": "2024-12-31T00:00:00",
      "quarter_label": "2024-12 (Q4)",
      "revenue": 99837000,
      "gross_profit": 38767000,
      "operating_income": -1029000,
      "net_income": -810000,
      "opex": 39796000,
      "cogs": 61070000,
      "rd": 1714000,
      "sga": 26767000,
      "fcf": -17171000,
      "ocf": -16825000,
      "capex": -346000,
      "gross_margin": 0.38830293378206476,
      "op_margin": -0.010306800084137143,
      "fcf_margin": -0.17199034426114568,
      "incr_op_margin_yoy": -0.22532121591977436,
      "rev_growth_yoy": 0.10605557032704067,
      "rev_growth_yoy_accel": -0.045599897416579424,
      "fcf_margin_change": -0.32306302884451676
    },
    {
      "date": "2025-03-31T00:00:00",
      "quarter_label": "2025-03 (Q1)",
      "revenue": 97250000,
      "gross_profit": 37670000,
      "operating_income": 2507000,
      "net_income": 3254000,
      "opex": 35163000,
      "cogs": 59580000,
      "rd": 1852000,
      "sga": 21041000,
      "fcf": -3000000,
      "ocf": -2938000,
      "capex": -62000,
      "gross_margin": 0.38735218508997427,
      "op_margin": 0.02577892030848329,
      "fcf_margin": -0.030848329048843187,
      "incr_op_margin_yoy": 0.3464152995558778,
      "rev_growth_yoy": 0.12796780217358525,
      "rev_growth_yoy_accel": 0.021912231846544575,
      "fcf_margin_change": 0.1411420152123025
    },
    {
      "date": "2025-06-30T00:00:00",
      "quarter_label": "2025-06 (Q2)",
      "revenue": 93459000,
      "gross_profit": 37752000,
      "operating_income": 2888000,
      "net_income": 3870000,
      "opex": 34864000,
      "cogs": 55707000,
      "rd": 1960000,
      "sga": 20352000,
      "fcf": -826000,
      "ocf": -745000,
      "capex": -81000,
      "gross_margin": 0.4039418354572593,
      "op_margin": 0.03090125081586578,
      "fcf_margin": -0.008838100129468536,
      "rev_growth_yoy": 0.004406280561854507,
      "rev_growth_yoy_accel": -0.12356152161173074,
      "fcf_margin_change": 0.022010228919374653
    },
    {
      "date": "2025-09-30T00:00:00",
      "quarter_label": "2025-09 (Q3)",
      "revenue": 92571000,
      "gross_profit": 34489000,
      "operating_income": 313000,
      "net_income": 758000,
      "opex": 34176000,
      "cogs": 58082000,
      "rd": 1701000,
      "sga": 17679000,
      "fcf": -624000,
      "ocf": -504000,
      "capex": -120000,
      "gross_margin": 0.3725680828769269,
      "op_margin": 0.003381188493156604,
      "fcf_margin": -0.006740771948018278,
      "incr_op_margin_yoy": -0.03840384038403841,
      "rev_growth_yoy": -0.06717252637625079,
      "rev_growth_yoy_accel": -0.0715788069381053,
      "fcf_margin_change": 0.0020973281814502583
    }
  ],
  "signals": [
    {
      "quarter": "2025-09 (Q3)",
      "signal": "YoY REVENUE GROWTH DECELERATION",
      "detail": "YoY growth: -6.7% vs prior quarter YoY: +0.4% (decel: -7.2%)",
      "severity": "WARNING"
    },
    {
      "quarter": "2025-06 (Q2)",
      "signal": "YoY REVENUE GROWTH DECELERATION",
      "detail": "YoY growth: +0.4% vs prior quarter YoY: +12.8% (decel: -12.4%)",
      "severity": "WARNING"
    },
    {
      "quarter": "2025-06 (Q2)",
      "signal": "OP MARGIN TURNED POSITIVE (YoY)",
      "detail": "Op margin: -4.3% (year-ago) -> +3.1%",
      "severity": "HIGH"
    },
    {
      "quarter": "2025-03 (Q1)",
      "signal": "FCF MARGIN EXPANSION",
      "detail": "FCF margin: -17.2% -> -3.1% (+14.1%)",
      "severity": "MEDIUM"
    },
    {
      "quarter": "2025-03 (Q1)",
      "signal": "OP MARGIN TURNED POSITIVE (YoY)",
      "detail": "Op margin: -1.5% (year-ago) -> +2.6%",
      "severity": "HIGH"
    },
    {
      "quarter": "2025-03 (Q1)",
      "signal": "OP MARGIN TURNED POSITIVE (QoQ)",
      "detail": "Op margin: -1.0% -> +2.6%",
      "severity": "HIGH"
    },
    {
      "quarter": "2024-09 (Q3)",
      "signal": "FCF MARGIN EXPANSION",
      "detail": "FCF margin: +3.1% -> +15.1% (+12.0%)",
      "severity": "MEDIUM"
    },
    {
      "quarter": "2024-09 (Q3)",
      "signal": "YoY REVENUE GROWTH ACCELERATION",
      "detail": "YoY growth: +15.2% vs prior quarter YoY: +10.1% (accel: +5.1%)",
      "severity": "MEDIUM"
    },
    {
      "quarter": "2024-09 (Q3)",
      "signal": "OP MARGIN TURNED POSITIVE (YoY)",
      "detail": "Op margin: -9.3% (year-ago) -> +0.1%",
      "severity": "HIGH"
    },
    {
      "quarter": "2024-09 (Q3)",
      "signal": "OP MARGIN TURNED POSITIVE (QoQ)",
      "detail": "Op margin: -4.3% -> +0.1%",
      "severity": "HIGH"
    },
    {
      "quarter": "2024-06 (Q2)",
      "signal": "YoY REVENUE GROWTH ACCELERATION",
      "detail": "YoY growth: +10.1% vs prior quarter YoY: +3.4% (accel: +6.7%)",
      "severity": "MEDIUM"
    },
    {
      "quarter": "2024-03 (Q1)",
      "signal": "YoY REVENUE GROWTH DECELERATION",
      "detail": "YoY growth: +3.4% vs prior quarter YoY: +10.3% (decel: -6.9%)",
      "severity": "WARNING"
    },
    {
      "quarter": "2023-12 (Q4)",
      "signal": "YoY REVENUE GROWTH ACCELERATION",
      "detail": "YoY growth: +10.3% vs prior quarter YoY: +1.9% (accel: +8.4%)",
      "severity": "MEDIUM"
    },
    {
      "quarter": "2023-12 (Q4)",
      "signal": "OP MARGIN TURNED POSITIVE (YoY)",
      "detail": "Op margin: -15.6% (year-ago) -> +1.2%",
      "severity": "HIGH"
    },
    {
      "quarter": "2023-12 (Q4)",
      "signal": "OP MARGIN TURNED POSITIVE (QoQ)",
      "detail": "Op margin: -9.3% -> +1.2%",
      "severity": "HIGH"
    },
    {
      "quarter": "2023-09 (Q3)",
      "signal": "YoY REVENUE GROWTH DECELERATION",
      "detail": "YoY growth: +1.9% vs prior quarter YoY: +7.7% (decel: -5.8%)",
      "severity": "WARNING"
    },
    {
      "quarter": "2023-06 (Q2)",
      "signal": "FCF TURNED POSITIVE",
      "detail": "FCF margin: -3.9% -> +6.9%",
      "severity": "HIGH"
    },
    {
      "quarter": "2023-06 (Q2)",
      "signal": "GROSS MARGIN INFLECTION",
      "detail": "GM: +27.5% -> +24.2% -> +27.1% (reversal +2.9%)",
      "severity": "MEDIUM"
    },
    {
      "quarter": "2023-06 (Q2)",
      "signal": "YoY REVENUE GROWTH DECELERATION",
      "detail": "YoY growth: +7.7% vs prior quarter YoY: +21.3% (decel: -13.6%)",
      "severity": "WARNING"
    },
    {
      "quarter": "2023-03 (Q1)",
      "signal": "FCF MARGIN EXPANSION",
      "detail": "FCF margin: -31.5% -> -3.9% (+27.6%)",
      "severity": "MEDIUM"
    },
    {
      "quarter": "2023-03 (Q1)",
      "signal": "YoY REVENUE GROWTH ACCELERATION",
      "detail": "YoY growth: +21.3% vs prior quarter YoY: +1.8% (accel: +19.5%)",
      "severity": "HIGH"
    },
    {
      "quarter": "2022-06 (Q2)",
      "signal": "FCF MARGIN EXPANSION",
      "detail": "FCF margin: -21.7% -> -14.3% (+7.5%)",
      "severity": "MEDIUM"
    },
    {
      "quarter": "2022-06 (Q2)",
      "signal": "YoY REVENUE GROWTH ACCELERATION",
      "detail": "YoY growth: +5.3% vs prior quarter YoY: -15.2% (accel: +20.4%)",
      "severity": "HIGH"
    },
    {
      "quarter": "2022-03 (Q1)",
      "signal": "YoY REVENUE GROWTH DECELERATION",
      "detail": "YoY growth: -15.2% vs prior quarter YoY: +3.2% (decel: -18.4%)",
      "severity": "WARNING"
    },
    {
      "quarter": "2021-09 (Q3)",
      "signal": "FCF MARGIN EXPANSION",
      "detail": "FCF margin: -27.7% -> -4.6% (+23.1%)",
      "severity": "MEDIUM"
    },
    {
      "quarter": "2021-03 (Q1)",
      "signal": "FCF MARGIN EXPANSION",
      "detail": "FCF margin: -22.1% -> -14.9% (+7.3%)",
      "severity": "MEDIUM"
    }
  ],
  "data_quality": {
    "n_quarters": 20,
    "coverage": {
      "revenue": [
        20,
        20
      ],
      "gross_profit": [
        20,
        20
      ],
      "op_income": [
        20,
        20
      ],
      "fcf": [
        20,
        20
      ]
    },
    "gaps": [],
    "warnings": []
  },
  "market_cap": null,
  "source": "SEC EDGAR",
  "last_updated": "2026-02-02T22:49:21.520761",
  "sector": "Consumer Defensive",
  "industry": "Household & Personal Products"
}