{
  "ticker": "HOFT",
  "name": "HOOKER FURNISHINGS CORPORATION",
  "quarters": [
    {
      "date": "2021-01-31T00:00:00",
      "quarter_label": "2021-01 (Q1)",
      "revenue": 155259000,
      "gross_profit": 33611000,
      "operating_income": 10525000,
      "net_income": 8526000,
      "opex": 23086000,
      "cogs": 121648000,
      "rd": null,
      "sga": 22490000,
      "fcf": 88000,
      "ocf": 656000,
      "capex": -568000,
      "gross_margin": 0.2164834244713672,
      "op_margin": 0.06778995098512808,
      "fcf_margin": 0.0005667948395906196
    },
    {
      "date": "2021-05-02T00:00:00",
      "quarter_label": "2021-05 (Q2)",
      "revenue": 162861000,
      "gross_profit": 33582000,
      "operating_income": 12243000,
      "net_income": 9443000,
      "opex": 21339000,
      "cogs": 129279000,
      "rd": null,
      "sga": 20743000,
      "fcf": -1950000,
      "ocf": 238000,
      "capex": -2188000,
      "gross_margin": 0.20620037946469688,
      "op_margin": 0.07517453533995247,
      "fcf_margin": -0.01197340062998508,
      "op_leverage_ratio": Infinity,
      "fcf_margin_change": -0.0125401954695757
    },
    {
      "date": "2021-08-01T00:00:00",
      "quarter_label": "2021-08 (Q3)",
      "revenue": 162519000,
      "gross_profit": 31717000,
      "operating_income": 9661000,
      "net_income": 7467000,
      "opex": 22056000,
      "cogs": 130802000,
      "rd": null,
      "sga": 21460000,
      "fcf": -21722000,
      "ocf": -20445000,
      "capex": -1277000,
      "gross_margin": 0.19515871990351896,
      "op_margin": 0.05944535715823996,
      "fcf_margin": -0.133658218423692,
      "fcf_margin_change": -0.1216848177937069
    },
    {
      "date": "2021-10-31T00:00:00",
      "quarter_label": "2021-10 (Q4)",
      "revenue": 133428000,
      "gross_profit": 20007000,
      "operating_income": -1728000,
      "net_income": -1219000,
      "opex": 21735000,
      "cogs": 113421000,
      "rd": null,
      "sga": 21139000,
      "fcf": 22020000,
      "ocf": 25181000,
      "capex": -3161000,
      "gross_margin": 0.1499460383127979,
      "op_margin": -0.012950804928500764,
      "fcf_margin": 0.16503282669304795,
      "fcf_margin_change": 0.29869104511673994
    },
    {
      "date": "2022-01-30T00:00:00",
      "quarter_label": "2022-01 (Q1)",
      "revenue": 134805000,
      "gross_profit": 16396000,
      "operating_income": -5332000,
      "net_income": -3973000,
      "opex": 21728000,
      "cogs": 118409000,
      "rd": null,
      "sga": 21132000,
      "fcf": 14169000,
      "ocf": 14235000,
      "capex": -66000,
      "gross_margin": 0.12162753607062053,
      "op_margin": -0.039553429027113236,
      "fcf_margin": 0.1051073773227996,
      "incr_op_margin_yoy": 0.7752517844920309,
      "rev_growth_yoy": -0.13174115510211967,
      "op_leverage_ratio": Infinity,
      "fcf_margin_change": -0.05992544937024835
    },
    {
      "date": "2022-05-01T00:00:00",
      "quarter_label": "2022-05 (Q2)",
      "revenue": 147314000,
      "gross_profit": 29459000,
      "operating_income": 3923000,
      "net_income": 3182000,
      "opex": 25536000,
      "cogs": 117855000,
      "rd": null,
      "sga": 24658000,
      "fcf": -30848000,
      "ocf": -30018000,
      "capex": -830000,
      "gross_margin": 0.19997420475990063,
      "op_margin": 0.02663019129207,
      "fcf_margin": -0.20940304383833172,
      "incr_op_margin_yoy": 0.5351514761690358,
      "rev_growth_yoy": -0.09546177415096309,
      "rev_growth_yoy_accel": 0.036279380951156584,
      "op_leverage_ratio": 0.5294676188045042,
      "fcf_margin_change": -0.3145104211611313
    },
    {
      "date": "2022-07-31T00:00:00",
      "quarter_label": "2022-07 (Q3)",
      "revenue": 152908000,
      "gross_profit": 31055000,
      "operating_income": 7291000,
      "net_income": 5543000,
      "opex": 23764000,
      "cogs": 121853000,
      "rd": null,
      "sga": 22886000,
      "fcf": -19580000,
      "ocf": -18463000,
      "capex": -1117000,
      "gross_margin": 0.20309597928165957,
      "op_margin": 0.047682266460878434,
      "fcf_margin": -0.12805085410835274,
      "incr_op_margin_yoy": 0.24659244615544687,
      "rev_growth_yoy": -0.05913770082267304,
      "rev_growth_yoy_accel": 0.036324073328290046,
      "op_leverage_ratio": Infinity,
      "fcf_margin_change": 0.08135218972997899
    },
    {
      "date": "2022-10-30T00:00:00",
      "quarter_label": "2022-10 (Q4)",
      "revenue": 151580000,
      "gross_profit": 32008000,
      "operating_income": 6418000,
      "net_income": 4841000,
      "opex": 25590000,
      "cogs": 119572000,
      "rd": null,
      "sga": 24712000,
      "fcf": 5810000,
      "ocf": 7332000,
      "capex": -1522000,
      "gross_margin": 0.2111624224831772,
      "op_margin": 0.0423406781897348,
      "fcf_margin": 0.038329594933368516,
      "incr_op_margin_yoy": 0.4487659762009696,
      "rev_growth_yoy": 0.13604340917948257,
      "rev_growth_yoy_accel": 0.1951811100021556,
      "fcf_margin_change": 0.16638044904172125
    },
    {
      "date": "2023-01-29T00:00:00",
      "quarter_label": "2023-01 (Q1)",
      "revenue": 131299000,
      "gross_profit": 772000,
      "operating_income": -23679000,
      "net_income": -17878000,
      "opex": 24451000,
      "cogs": 101775000,
      "rd": null,
      "sga": 23560000,
      "fcf": 18701000,
      "ocf": 19431000,
      "capex": -730000,
      "gross_margin": 0.005879709670294519,
      "op_margin": -0.18034410010738847,
      "fcf_margin": 0.14243063541991943,
      "incr_op_margin_yoy": 5.233029092983457,
      "rev_growth_yoy": -0.026007937391046326,
      "rev_growth_yoy_accel": -0.1620513465705289,
      "fcf_margin_change": 0.10410104048655092
    },
    {
      "date": "2023-04-30T00:00:00",
      "quarter_label": "2023-04 (Q2)",
      "revenue": 121815000,
      "gross_profit": 27906000,
      "operating_income": 1975000,
      "net_income": 1450000,
      "opex": 25931000,
      "cogs": 93909000,
      "rd": null,
      "sga": 25048000,
      "fcf": 19192000,
      "ocf": 22350000,
      "capex": -3158000,
      "gross_margin": 0.2290850880433444,
      "op_margin": 0.01621311004391906,
      "fcf_margin": 0.15755038377868077,
      "incr_op_margin_yoy": 0.07639515275108828,
      "rev_growth_yoy": -0.1730928492879156,
      "rev_growth_yoy_accel": -0.14708491189686929,
      "fcf_margin_change": 0.015119748358761342
    },
    {
      "date": "2023-07-30T00:00:00",
      "quarter_label": "2023-07 (Q3)",
      "revenue": 97806000,
      "gross_profit": 23341000,
      "operating_income": 1273000,
      "net_income": 785000,
      "opex": 22068000,
      "cogs": 74465000,
      "rd": null,
      "sga": 21144000,
      "fcf": 28255000,
      "ocf": 29062000,
      "capex": -807000,
      "gross_margin": 0.23864589084514243,
      "op_margin": 0.01301556141749995,
      "fcf_margin": 0.2888882072674478,
      "incr_op_margin_yoy": 0.109215636456027,
      "rev_growth_yoy": -0.36036047819603945,
      "rev_growth_yoy_accel": -0.18726762890812385,
      "fcf_margin_change": 0.13133782348876702
    },
    {
      "date": "2023-10-29T00:00:00",
      "quarter_label": "2023-10 (Q4)",
      "revenue": 116831000,
      "gross_profit": 33710000,
      "operating_income": 8770000,
      "net_income": 7038000,
      "opex": 24940000,
      "cogs": 83121000,
      "rd": null,
      "sga": 24016000,
      "fcf": -4395000,
      "ocf": -2642000,
      "capex": -1753000,
      "gross_margin": 0.28853643296727755,
      "op_margin": 0.07506569318074827,
      "fcf_margin": -0.03761844031121877,
      "incr_op_margin_yoy": -0.06768540101873435,
      "rev_growth_yoy": -0.22924528301886793,
      "rev_growth_yoy_accel": 0.13111519517717152,
      "op_leverage_ratio": 1.494643808273293,
      "fcf_margin_change": -0.32650664757866654
    },
    {
      "date": "2024-01-28T00:00:00",
      "quarter_label": "2024-01 (Q1)",
      "revenue": 96774000,
      "gross_profit": 23735000,
      "operating_income": 340000,
      "net_income": 593000,
      "opex": 23395000,
      "cogs": 71210000,
      "rd": null,
      "sga": 22471000,
      "fcf": 5604000,
      "ocf": 6701000,
      "capex": -1097000,
      "gross_margin": 0.24526215719098104,
      "op_margin": 0.0035133403600140535,
      "fcf_margin": 0.057908115816231634,
      "incr_op_margin_yoy": -0.6956987690079652,
      "rev_growth_yoy": -0.2629494512524848,
      "rev_growth_yoy_accel": -0.03370416823361688,
      "fcf_margin_change": 0.0955265561274504
    },
    {
      "date": "2024-04-28T00:00:00",
      "quarter_label": "2024-04 (Q2)",
      "revenue": 93571000,
      "gross_profit": 19221000,
      "operating_income": -5170000,
      "net_income": -4091000,
      "opex": 24391000,
      "cogs": 74350000,
      "rd": null,
      "sga": 23467000,
      "fcf": 634000,
      "ocf": 1477000,
      "capex": -843000,
      "gross_margin": 0.20541620801316648,
      "op_margin": -0.055252161460281494,
      "fcf_margin": 0.006775603552382683,
      "incr_op_margin_yoy": 0.25297408299107776,
      "rev_growth_yoy": -0.23185978738250626,
      "rev_growth_yoy_accel": 0.03108966386997855,
      "fcf_margin_change": -0.05113251226384895
    },
    {
      "date": "2024-07-28T00:00:00",
      "quarter_label": "2024-07 (Q3)",
      "revenue": 95081000,
      "gross_profit": 20922000,
      "operating_income": -3149000,
      "net_income": -1951000,
      "opex": 24071000,
      "cogs": 74159000,
      "rd": null,
      "sga": 23147000,
      "fcf": 3259000,
      "ocf": 3837000,
      "capex": -578000,
      "gross_margin": 0.22004396251617042,
      "op_margin": -0.033119130004943154,
      "fcf_margin": 0.034276038325217445,
      "incr_op_margin_yoy": 1.6227522935779817,
      "rev_growth_yoy": -0.027861276404310575,
      "rev_growth_yoy_accel": 0.20399851097819569,
      "op_leverage_ratio": Infinity,
      "fcf_margin_change": 0.027500434772834762
    },
    {
      "date": "2024-10-27T00:00:00",
      "quarter_label": "2024-10 (Q4)",
      "revenue": 82670000,
      "gross_profit": 20464000,
      "operating_income": -5104000,
      "net_income": -4131000,
      "opex": 25568000,
      "cogs": 62206000,
      "rd": null,
      "sga": 24100000,
      "fcf": -18883000,
      "ocf": -17648000,
      "capex": -1235000,
      "gross_margin": 0.2475384057094472,
      "op_margin": -0.06173944599008104,
      "fcf_margin": -0.22841417684770776,
      "incr_op_margin_yoy": 0.40613565176663446,
      "rev_growth_yoy": -0.29239670977737076,
      "rev_growth_yoy_accel": -0.2645354333730602,
      "fcf_margin_change": -0.26269021517292523
    },
    {
      "date": "2025-02-02T00:00:00",
      "quarter_label": "2025-02 (Q1)",
      "revenue": 164337000,
      "gross_profit": 32967000,
      "operating_income": -8504000,
      "net_income": -2333000,
      "opex": 41471000,
      "cogs": 130748000,
      "rd": null,
      "sga": 37807000,
      "fcf": -11269000,
      "ocf": -10682000,
      "capex": -587000,
      "gross_margin": 0.20060607166980046,
      "op_margin": -0.05174732409621692,
      "fcf_margin": -0.06857250649579827,
      "incr_op_margin_yoy": -0.1309000488433018,
      "rev_growth_yoy": 0.6981523963047926,
      "rev_growth_yoy_accel": 0.9905491060821634,
      "op_leverage_ratio": 1.5882408548541391,
      "fcf_margin_change": 0.1598416703519095
    },
    {
      "date": "2025-05-04T00:00:00",
      "quarter_label": "2025-05 (Q2)",
      "revenue": 85316000,
      "gross_profit": 19002000,
      "operating_income": -3564000,
      "net_income": -3052000,
      "opex": 22566000,
      "cogs": 66314000,
      "rd": null,
      "sga": 21653000,
      "fcf": 13812000,
      "ocf": 14663000,
      "capex": -851000,
      "gross_margin": 0.2227249285011018,
      "op_margin": -0.04177411036616813,
      "fcf_margin": 0.16189225936518356,
      "incr_op_margin_yoy": -0.1945487583282859,
      "rev_growth_yoy": -0.08822177811501426,
      "rev_growth_yoy_accel": -0.786374174419807,
      "fcf_margin_change": 0.23046476586098183
    },
    {
      "date": "2025-08-03T00:00:00",
      "quarter_label": "2025-08 (Q3)",
      "revenue": 82149000,
      "gross_profit": 16837000,
      "operating_income": -4401000,
      "net_income": -3277000,
      "opex": 21238000,
      "cogs": 65312000,
      "rd": null,
      "sga": 20366000,
      "fcf": null,
      "ocf": null,
      "capex": null,
      "gross_margin": 0.2049568467053768,
      "op_margin": -0.053573384946864845,
      "fcf_margin": null,
      "incr_op_margin_yoy": 0.0968141045468605,
      "rev_growth_yoy": -0.13601034907079226,
      "rev_growth_yoy_accel": -0.047788570955778
    },
    {
      "date": "2025-11-02T00:00:00",
      "quarter_label": "2025-11 (Q4)",
      "revenue": 70730000,
      "gross_profit": 18088000,
      "operating_income": -16315000,
      "net_income": -21174000,
      "opex": 34403000,
      "cogs": 52642000,
      "rd": null,
      "sga": 18204000,
      "fcf": null,
      "ocf": null,
      "capex": -819000,
      "gross_margin": 0.255733069418917,
      "op_margin": -0.23066591262547717,
      "fcf_margin": null,
      "incr_op_margin_yoy": 0.9389447236180904,
      "rev_growth_yoy": -0.14442966009435104,
      "rev_growth_yoy_accel": -0.008419311023558779
    }
  ],
  "signals": [
    {
      "quarter": "2025-11 (Q4)",
      "signal": "GROSS MARGIN INFLECTION",
      "detail": "GM: +22.3% -> +20.5% -> +25.6% (reversal +5.1%)",
      "severity": "HIGH"
    },
    {
      "quarter": "2025-05 (Q2)",
      "signal": "FCF TURNED POSITIVE",
      "detail": "FCF margin: -6.9% -> +16.2%",
      "severity": "HIGH"
    },
    {
      "quarter": "2025-05 (Q2)",
      "signal": "GROSS MARGIN INFLECTION",
      "detail": "GM: +24.8% -> +20.1% -> +22.3% (reversal +2.2%)",
      "severity": "MEDIUM"
    },
    {
      "quarter": "2025-05 (Q2)",
      "signal": "YoY REVENUE GROWTH DECELERATION",
      "detail": "YoY growth: -8.8% vs prior quarter YoY: +69.8% (decel: -78.6%)",
      "severity": "WARNING"
    },
    {
      "quarter": "2025-02 (Q1)",
      "signal": "FCF MARGIN EXPANSION",
      "detail": "FCF margin: -22.8% -> -6.9% (+16.0%)",
      "severity": "MEDIUM"
    },
    {
      "quarter": "2025-02 (Q1)",
      "signal": "OPERATING LEVERAGE",
      "detail": "Rev growth +98.8% vs OpEx growth +62.2% (leverage: 1.6x)",
      "severity": "MEDIUM"
    },
    {
      "quarter": "2025-02 (Q1)",
      "signal": "YoY REVENUE GROWTH ACCELERATION",
      "detail": "YoY growth: +69.8% vs prior quarter YoY: -29.2% (accel: +99.1%)",
      "severity": "HIGH"
    },
    {
      "quarter": "2024-10 (Q4)",
      "signal": "YoY REVENUE GROWTH DECELERATION",
      "detail": "YoY growth: -29.2% vs prior quarter YoY: -2.8% (decel: -26.5%)",
      "severity": "WARNING"
    },
    {
      "quarter": "2024-07 (Q3)",
      "signal": "YoY REVENUE GROWTH ACCELERATION",
      "detail": "YoY growth: -2.8% vs prior quarter YoY: -23.2% (accel: +20.4%)",
      "severity": "HIGH"
    },
    {
      "quarter": "2024-01 (Q1)",
      "signal": "FCF TURNED POSITIVE",
      "detail": "FCF margin: -3.8% -> +5.8%",
      "severity": "HIGH"
    },
    {
      "quarter": "2024-01 (Q1)",
      "signal": "OP MARGIN TURNED POSITIVE (YoY)",
      "detail": "Op margin: -18.0% (year-ago) -> +0.4%",
      "severity": "HIGH"
    },
    {
      "quarter": "2023-10 (Q4)",
      "signal": "YoY REVENUE GROWTH ACCELERATION",
      "detail": "YoY growth: -22.9% vs prior quarter YoY: -36.0% (accel: +13.1%)",
      "severity": "MEDIUM"
    },
    {
      "quarter": "2023-07 (Q3)",
      "signal": "FCF MARGIN EXPANSION",
      "detail": "FCF margin: +15.8% -> +28.9% (+13.1%)",
      "severity": "MEDIUM"
    },
    {
      "quarter": "2023-07 (Q3)",
      "signal": "YoY REVENUE GROWTH DECELERATION",
      "detail": "YoY growth: -36.0% vs prior quarter YoY: -17.3% (decel: -18.7%)",
      "severity": "WARNING"
    },
    {
      "quarter": "2023-04 (Q2)",
      "signal": "GROSS MARGIN INFLECTION",
      "detail": "GM: +21.1% -> +0.6% -> +22.9% (reversal +22.3%)",
      "severity": "HIGH"
    },
    {
      "quarter": "2023-04 (Q2)",
      "signal": "YoY REVENUE GROWTH DECELERATION",
      "detail": "YoY growth: -17.3% vs prior quarter YoY: -2.6% (decel: -14.7%)",
      "severity": "WARNING"
    },
    {
      "quarter": "2023-04 (Q2)",
      "signal": "OP MARGIN TURNED POSITIVE (QoQ)",
      "detail": "Op margin: -18.0% -> +1.6%",
      "severity": "HIGH"
    },
    {
      "quarter": "2023-01 (Q1)",
      "signal": "FCF MARGIN EXPANSION",
      "detail": "FCF margin: +3.8% -> +14.2% (+10.4%)",
      "severity": "MEDIUM"
    },
    {
      "quarter": "2023-01 (Q1)",
      "signal": "YoY REVENUE GROWTH DECELERATION",
      "detail": "YoY growth: -2.6% vs prior quarter YoY: +13.6% (decel: -16.2%)",
      "severity": "WARNING"
    },
    {
      "quarter": "2022-10 (Q4)",
      "signal": "FCF TURNED POSITIVE",
      "detail": "FCF margin: -12.8% -> +3.8%",
      "severity": "HIGH"
    },
    {
      "quarter": "2022-10 (Q4)",
      "signal": "YoY REVENUE GROWTH ACCELERATION",
      "detail": "YoY growth: +13.6% vs prior quarter YoY: -5.9% (accel: +19.5%)",
      "severity": "HIGH"
    },
    {
      "quarter": "2022-10 (Q4)",
      "signal": "OP MARGIN TURNED POSITIVE (YoY)",
      "detail": "Op margin: -1.3% (year-ago) -> +4.2%",
      "severity": "HIGH"
    },
    {
      "quarter": "2022-07 (Q3)",
      "signal": "FCF MARGIN EXPANSION",
      "detail": "FCF margin: -20.9% -> -12.8% (+8.1%)",
      "severity": "MEDIUM"
    },
    {
      "quarter": "2022-07 (Q3)",
      "signal": "INCREMENTAL MARGIN (YoY)",
      "detail": "YoY Incr OPM: +24.7% vs year-ago OPM: +5.9%",
      "severity": "MEDIUM"
    },
    {
      "quarter": "2022-05 (Q2)",
      "signal": "GROSS MARGIN INFLECTION",
      "detail": "GM: +15.0% -> +12.2% -> +20.0% (reversal +7.8%)",
      "severity": "HIGH"
    },
    {
      "quarter": "2022-05 (Q2)",
      "signal": "INCREMENTAL MARGIN (YoY)",
      "detail": "YoY Incr OPM: +53.5% vs year-ago OPM: +7.5%",
      "severity": "HIGH"
    },
    {
      "quarter": "2022-05 (Q2)",
      "signal": "OP MARGIN TURNED POSITIVE (QoQ)",
      "detail": "Op margin: -4.0% -> +2.7%",
      "severity": "HIGH"
    },
    {
      "quarter": "2021-10 (Q4)",
      "signal": "FCF TURNED POSITIVE",
      "detail": "FCF margin: -13.4% -> +16.5%",
      "severity": "HIGH"
    }
  ],
  "data_quality": {
    "n_quarters": 20,
    "coverage": {
      "revenue": [
        20,
        20
      ],
      "gross_profit": [
        20,
        20
      ],
      "op_income": [
        20,
        20
      ],
      "fcf": [
        18,
        20
      ]
    },
    "gaps": [],
    "warnings": []
  },
  "market_cap": null,
  "source": "SEC EDGAR",
  "last_updated": "2026-02-02T23:11:12.485955",
  "sector": "Consumer Cyclical",
  "industry": "Furnishings, Fixtures & Appliances"
}