{
  "ticker": "HOG",
  "name": "Harley-Davidson, Inc.",
  "quarters": [
    {
      "date": "2020-12-31T00:00:00",
      "quarter_label": "2020-12 (Q4)",
      "revenue": 725222000,
      "gross_profit": 308787000,
      "operating_income": -119619000,
      "net_income": -96398000,
      "opex": 844841000,
      "cogs": 416435000,
      "rd": null,
      "sga": 316570000,
      "fcf": 4067000,
      "ocf": 42822000,
      "capex": -38755000,
      "gross_margin": 0.4257827258411907,
      "op_margin": -0.16494121799945397,
      "fcf_margin": 0.005607937983127925
    },
    {
      "date": "2021-03-28T00:00:00",
      "quarter_label": "2021-03 (Q1)",
      "revenue": 1422507000,
      "gross_profit": 610885000,
      "operating_income": 346174000,
      "net_income": 259144000,
      "opex": 1076333000,
      "cogs": 811622000,
      "rd": null,
      "sga": 231844000,
      "fcf": 143968000,
      "ocf": 162781000,
      "capex": -18813000,
      "gross_margin": 0.429442526469114,
      "op_margin": 0.24335486574055523,
      "fcf_margin": 0.10120723483258783,
      "op_leverage_ratio": 3.508959433556016,
      "fcf_margin_change": 0.0955992968494599
    },
    {
      "date": "2021-06-27T00:00:00",
      "quarter_label": "2021-06 (Q2)",
      "revenue": 1532058000,
      "gross_profit": 607609000,
      "operating_income": 280360000,
      "net_income": 206340000,
      "opex": 1251698000,
      "cogs": 924449000,
      "rd": null,
      "sga": 261509000,
      "fcf": 462764000,
      "ocf": 481519000,
      "capex": -18755000,
      "gross_margin": 0.39659660404501657,
      "op_margin": 0.18299568293106397,
      "fcf_margin": 0.302053838692791,
      "op_leverage_ratio": 0.47267830583786064,
      "fcf_margin_change": 0.2008466038602032
    },
    {
      "date": "2021-09-26T00:00:00",
      "quarter_label": "2021-09 (Q3)",
      "revenue": 1365310000,
      "gross_profit": 515117000,
      "operating_income": 204212000,
      "net_income": 162973000,
      "opex": 1161098000,
      "cogs": 850193000,
      "rd": null,
      "sga": 254312000,
      "fcf": 257343000,
      "ocf": 281251000,
      "capex": -23908000,
      "gross_margin": 0.3772894068013858,
      "op_margin": 0.14957189209776534,
      "fcf_margin": 0.1884868637891761,
      "fcf_margin_change": -0.11356697490361492
    },
    {
      "date": "2021-12-31T00:00:00",
      "quarter_label": "2021-12 (Q4)",
      "revenue": 1016433000,
      "gross_profit": 359410000,
      "operating_income": -7307000,
      "net_income": 21567000,
      "opex": 1023740000,
      "cogs": 657023000,
      "rd": null,
      "sga": 300509000,
      "fcf": -8555000,
      "ocf": 50150000,
      "capex": -58705000,
      "gross_margin": 0.3535993026593981,
      "op_margin": -0.007188865375287894,
      "fcf_margin": -0.008416688556943743,
      "incr_op_margin_yoy": 0.3856722445237302,
      "rev_growth_yoy": 0.40154738824801234,
      "fcf_margin_change": -0.19690355234611984
    },
    {
      "date": "2022-03-27T00:00:00",
      "quarter_label": "2022-03 (Q1)",
      "revenue": 1495186000,
      "gross_profit": 599650000,
      "operating_income": 289232000,
      "net_income": 222502000,
      "opex": 1205954000,
      "cogs": 895536000,
      "rd": null,
      "sga": 239625000,
      "fcf": 111322000,
      "ocf": 139321000,
      "capex": -27999000,
      "gross_margin": 0.4010537819374981,
      "op_margin": 0.19344215368522713,
      "fcf_margin": 0.0744536131290689,
      "incr_op_margin_yoy": -0.7834725298917157,
      "rev_growth_yoy": 0.05109219146197523,
      "rev_growth_yoy_accel": -0.3504551967860371,
      "op_leverage_ratio": 2.646309783359211,
      "fcf_margin_change": 0.08287030168601264
    },
    {
      "date": "2022-06-26T00:00:00",
      "quarter_label": "2022-06 (Q2)",
      "revenue": 1469087000,
      "gross_profit": 589366000,
      "operating_income": 277615000,
      "net_income": 215849000,
      "opex": 1191472000,
      "cogs": 879721000,
      "rd": null,
      "sga": 235233000,
      "fcf": 77849000,
      "ocf": 104865000,
      "capex": -27016000,
      "gross_margin": 0.4011784189772287,
      "op_margin": 0.1889711092671843,
      "fcf_margin": 0.05299141575686123,
      "incr_op_margin_yoy": 0.04359149449746709,
      "rev_growth_yoy": -0.04110222981114292,
      "rev_growth_yoy_accel": -0.09219442127311815,
      "fcf_margin_change": -0.021462197372207663
    },
    {
      "date": "2022-09-25T00:00:00",
      "quarter_label": "2022-09 (Q3)",
      "revenue": 1648575000,
      "gross_profit": 701919000,
      "operating_income": 338718000,
      "net_income": 261186000,
      "opex": 1309857000,
      "cogs": 946656000,
      "rd": null,
      "sga": 265841000,
      "fcf": 300586000,
      "ocf": 330518000,
      "capex": -29932000,
      "gross_margin": 0.4257731677357718,
      "op_margin": 0.2054610800236568,
      "fcf_margin": 0.18233080084315242,
      "incr_op_margin_yoy": 0.47484157943974725,
      "rev_growth_yoy": 0.20747302810350762,
      "rev_growth_yoy_accel": 0.24857525791465054,
      "op_leverage_ratio": 1.2296317399995913,
      "fcf_margin_change": 0.1293393850862912
    },
    {
      "date": "2022-12-31T00:00:00",
      "quarter_label": "2022-12 (Q4)",
      "revenue": 1142282000,
      "gross_profit": 460467000,
      "operating_income": 3713000,
      "net_income": 41871000,
      "opex": 1138569000,
      "cogs": 681815000,
      "rd": null,
      "sga": 339183000,
      "fcf": -92965000,
      "ocf": -26243000,
      "capex": -66722000,
      "gross_margin": 0.4031114908577742,
      "op_margin": 0.0032505108195699487,
      "fcf_margin": -0.08138533216841376,
      "incr_op_margin_yoy": 0.08756525677597755,
      "rev_growth_yoy": 0.12381435864439663,
      "rev_growth_yoy_accel": -0.08365866945911099,
      "fcf_margin_change": -0.26371613301156616
    },
    {
      "date": "2023-03-31T00:00:00",
      "quarter_label": "2023-03 (Q1)",
      "revenue": 1788686000,
      "gross_profit": 781385000,
      "operating_income": 369609000,
      "net_income": 304090000,
      "opex": 1419077000,
      "cogs": 1007301000,
      "rd": null,
      "sga": 285863000,
      "fcf": 1563000,
      "ocf": 46677000,
      "capex": -45114000,
      "gross_margin": 0.4368486140105083,
      "op_margin": 0.2066371626993223,
      "fcf_margin": 0.0008738258140333183,
      "incr_op_margin_yoy": 0.2738568994889267,
      "rev_growth_yoy": 0.1962966480424509,
      "rev_growth_yoy_accel": 0.07248228939805426,
      "op_leverage_ratio": 2.2969143725105403,
      "fcf_margin_change": 0.08225915798244708
    },
    {
      "date": "2023-06-30T00:00:00",
      "quarter_label": "2023-06 (Q2)",
      "revenue": 1445523000,
      "gross_profit": 654895000,
      "operating_income": 221338000,
      "net_income": 178039000,
      "opex": 1224185000,
      "cogs": 790628000,
      "rd": null,
      "sga": 290274000,
      "fcf": 322431000,
      "ocf": 363843000,
      "capex": -41412000,
      "gross_margin": 0.45305055678809675,
      "op_margin": 0.15311966672270175,
      "fcf_margin": 0.22305490815434967,
      "incr_op_margin_yoy": 2.3882617552198266,
      "rev_growth_yoy": -0.01603989416555997,
      "rev_growth_yoy_accel": -0.21233654220801088,
      "fcf_margin_change": 0.22218108234031636
    },
    {
      "date": "2023-09-30T00:00:00",
      "quarter_label": "2023-09 (Q3)",
      "revenue": 1549059000,
      "gross_profit": 655716000,
      "operating_income": 209285000,
      "net_income": 198649000,
      "opex": 1339774000,
      "cogs": 893343000,
      "rd": null,
      "sga": 301454000,
      "fcf": 243871000,
      "ocf": 296247000,
      "capex": -52376000,
      "gross_margin": 0.4232995644452535,
      "op_margin": 0.13510460221334372,
      "fcf_margin": 0.1574317053127092,
      "incr_op_margin_yoy": 1.3006250251215885,
      "rev_growth_yoy": -0.06036486056139393,
      "rev_growth_yoy_accel": -0.044324966395833956,
      "op_leverage_ratio": 0.758572201387661,
      "fcf_margin_change": -0.06562320284164047
    },
    {
      "date": "2023-12-31T00:00:00",
      "quarter_label": "2023-12 (Q4)",
      "revenue": 1053210000,
      "gross_profit": 422176000,
      "operating_income": -21148000,
      "net_income": 25808000,
      "opex": 1074358000,
      "cogs": 631034000,
      "rd": null,
      "sga": 297959000,
      "fcf": -20382000,
      "ocf": 48120000,
      "capex": -68502000,
      "gross_margin": 0.4008469346094321,
      "op_margin": -0.020079566278330057,
      "fcf_margin": -0.019352265929871534,
      "incr_op_margin_yoy": 0.27911128076163105,
      "rev_growth_yoy": -0.07797724204706018,
      "rev_growth_yoy_accel": -0.017612381485666247,
      "fcf_margin_change": -0.17678397124258072
    },
    {
      "date": "2024-03-31T00:00:00",
      "quarter_label": "2024-03 (Q1)",
      "revenue": 1729607000,
      "gross_profit": 705926000,
      "operating_income": 263079000,
      "net_income": 234941000,
      "opex": 1466528000,
      "cogs": 1023681000,
      "rd": null,
      "sga": 293098000,
      "fcf": 57641000,
      "ocf": 103997000,
      "capex": -46356000,
      "gross_margin": 0.4081424277306926,
      "op_margin": 0.1521033390822308,
      "fcf_margin": 0.033326067713648246,
      "incr_op_margin_yoy": 1.803178794495506,
      "rev_growth_yoy": -0.03302927400337454,
      "rev_growth_yoy_accel": 0.044947968043685636,
      "op_leverage_ratio": 1.7593868944385436,
      "fcf_margin_change": 0.05267833364351978
    },
    {
      "date": "2024-06-30T00:00:00",
      "quarter_label": "2024-06 (Q2)",
      "revenue": 1618893000,
      "gross_profit": 694881000,
      "operating_income": 241102000,
      "net_income": 218269000,
      "opex": 1377791000,
      "cogs": 924012000,
      "rd": null,
      "sga": 304008000,
      "fcf": 432166000,
      "ocf": 473645000,
      "capex": -41479000,
      "gross_margin": 0.42923219755721964,
      "op_margin": 0.14893016400713327,
      "fcf_margin": 0.266951552696812,
      "incr_op_margin_yoy": 0.11399896175808963,
      "rev_growth_yoy": 0.11993582945411453,
      "rev_growth_yoy_accel": 0.15296510345748907,
      "fcf_margin_change": 0.23362548498316374
    },
    {
      "date": "2024-09-30T00:00:00",
      "quarter_label": "2024-09 (Q3)",
      "revenue": 1150695000,
      "gross_profit": 532115000,
      "operating_income": 105796000,
      "net_income": 119040000,
      "opex": 1044899000,
      "cogs": 618580000,
      "rd": null,
      "sga": 273879000,
      "fcf": 300424000,
      "ocf": 353013000,
      "capex": -52589000,
      "gross_margin": 0.46242922755378274,
      "op_margin": 0.09194095742138447,
      "fcf_margin": 0.2610804774505842,
      "incr_op_margin_yoy": 0.25978502073480536,
      "rev_growth_yoy": -0.25716515639494686,
      "rev_growth_yoy_accel": -0.3771009858490614,
      "fcf_margin_change": -0.005871075246227764
    },
    {
      "date": "2024-12-31T00:00:00",
      "quarter_label": "2024-12 (Q4)",
      "revenue": 687609000,
      "gross_profit": 247941000,
      "operating_income": -193349000,
      "net_income": -116892000,
      "opex": 880958000,
      "cogs": 439668000,
      "rd": null,
      "sga": 274259000,
      "fcf": 77039000,
      "ocf": 133178000,
      "capex": -56139000,
      "gross_margin": 0.3605842855460007,
      "op_margin": -0.2811903276425992,
      "fcf_margin": 0.11203896400425242,
      "incr_op_margin_yoy": 0.4710080114660518,
      "rev_growth_yoy": -0.3471302019540263,
      "rev_growth_yoy_accel": -0.08996504555907942,
      "fcf_margin_change": -0.1490415134463318
    },
    {
      "date": "2025-03-31T00:00:00",
      "quarter_label": "2025-03 (Q1)",
      "revenue": 1329209000,
      "gross_profit": 558424000,
      "operating_income": 160499000,
      "net_income": 133104000,
      "opex": 1168710000,
      "cogs": 770785000,
      "rd": null,
      "sga": 255657000,
      "fcf": 111561000,
      "ocf": 141534000,
      "capex": -29973000,
      "gross_margin": 0.42011752854517237,
      "op_margin": 0.12074775298692682,
      "fcf_margin": 0.08393036760960843,
      "incr_op_margin_yoy": 0.25619508588953993,
      "rev_growth_yoy": -0.2314965191514604,
      "rev_growth_yoy_accel": 0.11563368280256586,
      "op_leverage_ratio": 2.8566672489348175,
      "fcf_margin_change": -0.028108596394643998
    },
    {
      "date": "2025-06-30T00:00:00",
      "quarter_label": "2025-06 (Q2)",
      "revenue": 1307098000,
      "gross_profit": 556305000,
      "operating_income": 112436000,
      "net_income": 107569000,
      "opex": 1194662000,
      "cogs": 750793000,
      "rd": null,
      "sga": 300557000,
      "fcf": 332371000,
      "ocf": 367958000,
      "capex": -35587000,
      "gross_margin": 0.425603129987193,
      "op_margin": 0.08601956395006342,
      "fcf_margin": 0.2542816223420126,
      "incr_op_margin_yoy": 0.4126621658461489,
      "rev_growth_yoy": -0.19259765778220056,
      "rev_growth_yoy_accel": 0.03889886136925985,
      "fcf_margin_change": 0.1703512547324042
    },
    {
      "date": "2025-09-30T00:00:00",
      "quarter_label": "2025-09 (Q3)",
      "revenue": 1340710000,
      "gross_profit": 542027000,
      "operating_income": 474758000,
      "net_income": 377366000,
      "opex": 865952000,
      "cogs": 798683000,
      "rd": null,
      "sga": 292885000,
      "fcf": -129119000,
      "ocf": -92589000,
      "capex": -36530000,
      "gross_margin": 0.4042835512526945,
      "op_margin": 0.3541093898009264,
      "fcf_margin": -0.09630643465029723,
      "incr_op_margin_yoy": 1.9417519669499776,
      "rev_growth_yoy": 0.16513063844024697,
      "rev_growth_yoy_accel": 0.3577282962224475,
      "op_leverage_ratio": Infinity,
      "fcf_margin_change": -0.3505880569923099
    }
  ],
  "signals": [
    {
      "quarter": "2025-09 (Q3)",
      "signal": "YoY REVENUE GROWTH ACCELERATION",
      "detail": "YoY growth: +16.5% vs prior quarter YoY: -19.3% (accel: +35.8%)",
      "severity": "HIGH"
    },
    {
      "quarter": "2025-09 (Q3)",
      "signal": "INCREMENTAL MARGIN (YoY)",
      "detail": "YoY Incr OPM: +194.2% vs year-ago OPM: +9.2%",
      "severity": "HIGH"
    },
    {
      "quarter": "2025-06 (Q2)",
      "signal": "FCF MARGIN EXPANSION",
      "detail": "FCF margin: +8.4% -> +25.4% (+17.0%)",
      "severity": "MEDIUM"
    },
    {
      "quarter": "2025-06 (Q2)",
      "signal": "INCREMENTAL MARGIN (YoY)",
      "detail": "YoY Incr OPM: +41.3% vs year-ago OPM: +14.9%",
      "severity": "HIGH"
    },
    {
      "quarter": "2025-03 (Q1)",
      "signal": "OPERATING LEVERAGE",
      "detail": "Rev growth +93.3% vs OpEx growth +32.7% (leverage: 2.9x)",
      "severity": "MEDIUM"
    },
    {
      "quarter": "2025-03 (Q1)",
      "signal": "GROSS MARGIN INFLECTION",
      "detail": "GM: +46.2% -> +36.1% -> +42.0% (reversal +6.0%)",
      "severity": "HIGH"
    },
    {
      "quarter": "2025-03 (Q1)",
      "signal": "YoY REVENUE GROWTH ACCELERATION",
      "detail": "YoY growth: -23.1% vs prior quarter YoY: -34.7% (accel: +11.6%)",
      "severity": "MEDIUM"
    },
    {
      "quarter": "2025-03 (Q1)",
      "signal": "INCREMENTAL MARGIN (YoY)",
      "detail": "YoY Incr OPM: +25.6% vs year-ago OPM: +15.2%",
      "severity": "MEDIUM"
    },
    {
      "quarter": "2025-03 (Q1)",
      "signal": "OP MARGIN TURNED POSITIVE (QoQ)",
      "detail": "Op margin: -28.1% -> +12.1%",
      "severity": "HIGH"
    },
    {
      "quarter": "2024-12 (Q4)",
      "signal": "YoY REVENUE GROWTH DECELERATION",
      "detail": "YoY growth: -34.7% vs prior quarter YoY: -25.7% (decel: -9.0%)",
      "severity": "WARNING"
    },
    {
      "quarter": "2024-09 (Q3)",
      "signal": "YoY REVENUE GROWTH DECELERATION",
      "detail": "YoY growth: -25.7% vs prior quarter YoY: +12.0% (decel: -37.7%)",
      "severity": "WARNING"
    },
    {
      "quarter": "2024-09 (Q3)",
      "signal": "INCREMENTAL MARGIN (YoY)",
      "detail": "YoY Incr OPM: +26.0% vs year-ago OPM: +13.5%",
      "severity": "MEDIUM"
    },
    {
      "quarter": "2024-06 (Q2)",
      "signal": "FCF MARGIN EXPANSION",
      "detail": "FCF margin: +3.3% -> +26.7% (+23.4%)",
      "severity": "MEDIUM"
    },
    {
      "quarter": "2024-06 (Q2)",
      "signal": "YoY REVENUE GROWTH ACCELERATION",
      "detail": "YoY growth: +12.0% vs prior quarter YoY: -3.3% (accel: +15.3%)",
      "severity": "HIGH"
    },
    {
      "quarter": "2024-03 (Q1)",
      "signal": "FCF TURNED POSITIVE",
      "detail": "FCF margin: -1.9% -> +3.3%",
      "severity": "HIGH"
    },
    {
      "quarter": "2024-03 (Q1)",
      "signal": "OPERATING LEVERAGE",
      "detail": "Rev growth +64.2% vs OpEx growth +36.5% (leverage: 1.8x)",
      "severity": "MEDIUM"
    },
    {
      "quarter": "2024-03 (Q1)",
      "signal": "INCREMENTAL MARGIN (YoY)",
      "detail": "YoY Incr OPM: +180.3% vs year-ago OPM: +20.7%",
      "severity": "HIGH"
    },
    {
      "quarter": "2024-03 (Q1)",
      "signal": "OP MARGIN TURNED POSITIVE (QoQ)",
      "detail": "Op margin: -2.0% -> +15.2%",
      "severity": "HIGH"
    },
    {
      "quarter": "2023-09 (Q3)",
      "signal": "INCREMENTAL MARGIN (YoY)",
      "detail": "YoY Incr OPM: +130.1% vs year-ago OPM: +20.5%",
      "severity": "HIGH"
    },
    {
      "quarter": "2023-06 (Q2)",
      "signal": "FCF MARGIN EXPANSION",
      "detail": "FCF margin: +0.1% -> +22.3% (+22.2%)",
      "severity": "MEDIUM"
    },
    {
      "quarter": "2023-06 (Q2)",
      "signal": "YoY REVENUE GROWTH DECELERATION",
      "detail": "YoY growth: -1.6% vs prior quarter YoY: +19.6% (decel: -21.2%)",
      "severity": "WARNING"
    },
    {
      "quarter": "2023-06 (Q2)",
      "signal": "INCREMENTAL MARGIN (YoY)",
      "detail": "YoY Incr OPM: +238.8% vs year-ago OPM: +18.9%",
      "severity": "HIGH"
    },
    {
      "quarter": "2023-03 (Q1)",
      "signal": "FCF TURNED POSITIVE",
      "detail": "FCF margin: -8.1% -> +0.1%",
      "severity": "HIGH"
    },
    {
      "quarter": "2023-03 (Q1)",
      "signal": "OPERATING LEVERAGE",
      "detail": "Rev growth +56.6% vs OpEx growth +24.6% (leverage: 2.3x)",
      "severity": "MEDIUM"
    },
    {
      "quarter": "2023-03 (Q1)",
      "signal": "GROSS MARGIN INFLECTION",
      "detail": "GM: +42.6% -> +40.3% -> +43.7% (reversal +3.4%)",
      "severity": "MEDIUM"
    },
    {
      "quarter": "2023-03 (Q1)",
      "signal": "YoY REVENUE GROWTH ACCELERATION",
      "detail": "YoY growth: +19.6% vs prior quarter YoY: +12.4% (accel: +7.2%)",
      "severity": "MEDIUM"
    },
    {
      "quarter": "2022-12 (Q4)",
      "signal": "YoY REVENUE GROWTH DECELERATION",
      "detail": "YoY growth: +12.4% vs prior quarter YoY: +20.7% (decel: -8.4%)",
      "severity": "WARNING"
    },
    {
      "quarter": "2022-12 (Q4)",
      "signal": "OP MARGIN TURNED POSITIVE (YoY)",
      "detail": "Op margin: -0.7% (year-ago) -> +0.3%",
      "severity": "HIGH"
    },
    {
      "quarter": "2022-09 (Q3)",
      "signal": "FCF MARGIN EXPANSION",
      "detail": "FCF margin: +5.3% -> +18.2% (+12.9%)",
      "severity": "MEDIUM"
    },
    {
      "quarter": "2022-09 (Q3)",
      "signal": "YoY REVENUE GROWTH ACCELERATION",
      "detail": "YoY growth: +20.7% vs prior quarter YoY: -4.1% (accel: +24.9%)",
      "severity": "HIGH"
    },
    {
      "quarter": "2022-09 (Q3)",
      "signal": "INCREMENTAL MARGIN (YoY)",
      "detail": "YoY Incr OPM: +47.5% vs year-ago OPM: +15.0%",
      "severity": "HIGH"
    },
    {
      "quarter": "2022-06 (Q2)",
      "signal": "YoY REVENUE GROWTH DECELERATION",
      "detail": "YoY growth: -4.1% vs prior quarter YoY: +5.1% (decel: -9.2%)",
      "severity": "WARNING"
    },
    {
      "quarter": "2022-03 (Q1)",
      "signal": "FCF TURNED POSITIVE",
      "detail": "FCF margin: -0.8% -> +7.4%",
      "severity": "HIGH"
    },
    {
      "quarter": "2022-03 (Q1)",
      "signal": "OPERATING LEVERAGE",
      "detail": "Rev growth +47.1% vs OpEx growth +17.8% (leverage: 2.6x)",
      "severity": "MEDIUM"
    },
    {
      "quarter": "2022-03 (Q1)",
      "signal": "GROSS MARGIN INFLECTION",
      "detail": "GM: +37.7% -> +35.4% -> +40.1% (reversal +4.7%)",
      "severity": "MEDIUM"
    },
    {
      "quarter": "2022-03 (Q1)",
      "signal": "YoY REVENUE GROWTH DECELERATION",
      "detail": "YoY growth: +5.1% vs prior quarter YoY: +40.2% (decel: -35.0%)",
      "severity": "WARNING"
    },
    {
      "quarter": "2022-03 (Q1)",
      "signal": "OP MARGIN TURNED POSITIVE (QoQ)",
      "detail": "Op margin: -0.7% -> +19.3%",
      "severity": "HIGH"
    },
    {
      "quarter": "2021-06 (Q2)",
      "signal": "FCF MARGIN EXPANSION",
      "detail": "FCF margin: +10.1% -> +30.2% (+20.1%)",
      "severity": "MEDIUM"
    },
    {
      "quarter": "2021-03 (Q1)",
      "signal": "FCF MARGIN EXPANSION",
      "detail": "FCF margin: +0.6% -> +10.1% (+9.6%)",
      "severity": "MEDIUM"
    },
    {
      "quarter": "2021-03 (Q1)",
      "signal": "OPERATING LEVERAGE",
      "detail": "Rev growth +96.1% vs OpEx growth +27.4% (leverage: 3.5x)",
      "severity": "MEDIUM"
    },
    {
      "quarter": "2021-03 (Q1)",
      "signal": "OP MARGIN TURNED POSITIVE (QoQ)",
      "detail": "Op margin: -16.5% -> +24.3%",
      "severity": "HIGH"
    }
  ],
  "data_quality": {
    "n_quarters": 20,
    "coverage": {
      "revenue": [
        20,
        20
      ],
      "gross_profit": [
        20,
        20
      ],
      "op_income": [
        20,
        20
      ],
      "fcf": [
        20,
        20
      ]
    },
    "gaps": [],
    "warnings": []
  },
  "market_cap": null,
  "source": "SEC EDGAR",
  "last_updated": "2026-02-02T21:29:56.834038"
}