{
  "ticker": "HOLX",
  "name": "HOLOGIC, INC.",
  "quarters": [
    {
      "date": "2021-03-27T00:00:00",
      "quarter_label": "2021-03 (Q1)",
      "revenue": 1537600000,
      "gross_profit": 1085800000,
      "operating_income": 796800000,
      "net_income": 619400000,
      "opex": 289000000,
      "cogs": 300700000,
      "rd": 71500000,
      "sga": null,
      "fcf": 532900000,
      "ocf": 552200000,
      "capex": -19300000,
      "gross_margin": 0.706165452653486,
      "op_margin": 0.518210197710718,
      "fcf_margin": 0.34657908428720086
    },
    {
      "date": "2021-06-26T00:00:00",
      "quarter_label": "2021-06 (Q2)",
      "revenue": 1168300000,
      "gross_profit": 701600000,
      "operating_income": 358600000,
      "net_income": 268100000,
      "opex": 343000000,
      "cogs": 303900000,
      "rd": 69000000,
      "sga": null,
      "fcf": 643300000,
      "ocf": 662800000,
      "capex": -19500000,
      "gross_margin": 0.6005306856115724,
      "op_margin": 0.3069417101771805,
      "fcf_margin": 0.5506291192330737,
      "fcf_margin_change": 0.20405003494587282
    },
    {
      "date": "2021-09-25T00:00:00",
      "quarter_label": "2021-09 (Q3)",
      "revenue": 1316600000,
      "gross_profit": 828100000,
      "operating_income": 439500000,
      "net_income": 328800000,
      "opex": 388600000,
      "cogs": null,
      "rd": 76500000,
      "sga": null,
      "fcf": 418300000,
      "ocf": 465400000,
      "capex": -47100000,
      "gross_margin": 0.6289685553698922,
      "op_margin": 0.3338143703478657,
      "fcf_margin": 0.3177122892298344,
      "op_leverage_ratio": 0.9548080056342174,
      "fcf_margin_change": -0.23291683000323926
    },
    {
      "date": "2021-12-25T00:00:00",
      "quarter_label": "2021-12 (Q4)",
      "revenue": 1471100000,
      "gross_profit": 986300000,
      "operating_income": 641300000,
      "net_income": 499200000,
      "opex": 345000000,
      "cogs": 318100000,
      "rd": 72800000,
      "sga": null,
      "fcf": 564200000,
      "ocf": 564200000,
      "capex": null,
      "gross_margin": 0.6704506831622595,
      "op_margin": 0.4359322955611447,
      "fcf_margin": 0.383522534158113,
      "op_leverage_ratio": Infinity,
      "fcf_margin_change": 0.06581024492827858
    },
    {
      "date": "2022-03-26T00:00:00",
      "quarter_label": "2022-03 (Q1)",
      "revenue": 1435700000,
      "gross_profit": 946600000,
      "operating_income": 594100000,
      "net_income": 455700000,
      "opex": 352500000,
      "cogs": 322600000,
      "rd": 69500000,
      "sga": null,
      "fcf": 1062200000,
      "ocf": 1062200000,
      "capex": null,
      "gross_margin": 0.6593299435815282,
      "op_margin": 0.41380511248868146,
      "fcf_margin": 0.7398481576931114,
      "incr_op_margin_yoy": 1.9892051030421982,
      "rev_growth_yoy": -0.06627211238293444,
      "fcf_margin_change": 0.3563256235349984
    },
    {
      "date": "2022-06-25T00:00:00",
      "quarter_label": "2022-06 (Q2)",
      "revenue": 1002700000,
      "gross_profit": 549800000,
      "operating_income": 263900000,
      "net_income": 228400000,
      "opex": 285900000,
      "cogs": 266300000,
      "rd": 65100000,
      "sga": null,
      "fcf": 330700000,
      "ocf": 330700000,
      "capex": null,
      "gross_margin": 0.5483195372494265,
      "op_margin": 0.2631893886506433,
      "fcf_margin": 0.32980951431135935,
      "incr_op_margin_yoy": 0.5718599033816425,
      "rev_growth_yoy": -0.14174441496191048,
      "rev_growth_yoy_accel": -0.07547230257897604,
      "fcf_margin_change": -0.41003864338175205
    },
    {
      "date": "2022-09-24T00:00:00",
      "quarter_label": "2022-09 (Q3)",
      "revenue": 953200000,
      "gross_profit": 514700000,
      "operating_income": 140900000,
      "net_income": 118700000,
      "opex": 373800000,
      "cogs": null,
      "rd": 76000000,
      "sga": null,
      "fcf": 168600000,
      "ocf": 168600000,
      "capex": null,
      "gross_margin": 0.5399706252622745,
      "op_margin": 0.14781787662610155,
      "fcf_margin": 0.17687788501888377,
      "incr_op_margin_yoy": 0.82168409466153,
      "rev_growth_yoy": -0.27601397539115907,
      "rev_growth_yoy_accel": -0.1342695604292486,
      "fcf_margin_change": -0.15293162929247558
    },
    {
      "date": "2022-12-31T00:00:00",
      "quarter_label": "2022-12 (Q4)",
      "revenue": 1074200000,
      "gross_profit": 617900000,
      "operating_income": 262400000,
      "net_income": 187400000,
      "opex": 355500000,
      "cogs": 296200000,
      "rd": 74800000,
      "sga": null,
      "fcf": 253400000,
      "ocf": 253400000,
      "capex": null,
      "gross_margin": 0.5752187674548501,
      "op_margin": 0.24427480916030533,
      "fcf_margin": 0.23589648110221562,
      "incr_op_margin_yoy": 0.9546485260770975,
      "rev_growth_yoy": -0.26979811025763034,
      "rev_growth_yoy_accel": 0.006215865133528731,
      "op_leverage_ratio": Infinity,
      "fcf_margin_change": 0.05901859608333185
    },
    {
      "date": "2023-04-01T00:00:00",
      "quarter_label": "2023-04 (Q2)",
      "revenue": 1026500000,
      "gross_profit": 585800000,
      "operating_income": 272100000,
      "net_income": 218500000,
      "opex": 313700000,
      "cogs": 292100000,
      "rd": 74000000,
      "sga": null,
      "fcf": 206300000,
      "ocf": 206300000,
      "capex": null,
      "gross_margin": 0.5706770579639552,
      "op_margin": 0.2650754992693619,
      "fcf_margin": 0.20097418412079884,
      "incr_op_margin_yoy": 0.7869012707722385,
      "rev_growth_yoy": -0.2850177613707599,
      "rev_growth_yoy_accel": -0.015219651113129562,
      "fcf_margin_change": -0.03492229698141677
    },
    {
      "date": "2023-07-01T00:00:00",
      "quarter_label": "2023-07 (Q3)",
      "revenue": 984400000,
      "gross_profit": 367500000,
      "operating_income": 1400000,
      "net_income": -40500000,
      "opex": 366100000,
      "cogs": 291000000,
      "rd": 72600000,
      "sga": null,
      "fcf": 332800000,
      "ocf": 332800000,
      "capex": null,
      "gross_margin": 0.3733238520926453,
      "op_margin": 0.0014221861032100772,
      "fcf_margin": 0.3380739536773669,
      "incr_op_margin_yoy": 14.344262295081966,
      "rev_growth_yoy": -0.01825072304777102,
      "rev_growth_yoy_accel": 0.26676703832298887,
      "fcf_margin_change": 0.13709976955656808
    },
    {
      "date": "2023-09-30T00:00:00",
      "quarter_label": "2023-09 (Q3)",
      "revenue": 945300000,
      "gross_profit": 500300000,
      "operating_income": 132500000,
      "net_income": 90600000,
      "opex": 367800000,
      "cogs": 669800000,
      "rd": 72900000,
      "sga": null,
      "fcf": 222400000,
      "ocf": 258700000,
      "capex": -36300000,
      "gross_margin": 0.5292499735533693,
      "op_margin": 0.14016714270601927,
      "fcf_margin": 0.23526922670051836,
      "incr_op_margin_yoy": 1.0632911392405062,
      "rev_growth_yoy": -0.00828787242971045,
      "rev_growth_yoy_accel": 0.00996285061806057,
      "fcf_margin_change": -0.10280472697684856
    },
    {
      "date": "2023-12-30T00:00:00",
      "quarter_label": "2023-12 (Q4)",
      "revenue": 1013100000,
      "gross_profit": 567500000,
      "operating_income": 198200000,
      "net_income": 246500000,
      "opex": 369300000,
      "cogs": 307200000,
      "rd": 66800000,
      "sga": null,
      "fcf": 197300000,
      "ocf": 220000000,
      "capex": -22700000,
      "gross_margin": 0.5601618793801204,
      "op_margin": 0.19563715329187642,
      "fcf_margin": 0.19474879083999605,
      "incr_op_margin_yoy": 1.0507364975450082,
      "rev_growth_yoy": -0.05687953826103147,
      "rev_growth_yoy_accel": -0.04859166583132102,
      "op_leverage_ratio": 17.58654395430022,
      "fcf_margin_change": -0.040520435860522314
    },
    {
      "date": "2024-03-30T00:00:00",
      "quarter_label": "2024-03 (Q1)",
      "revenue": 1017800000,
      "gross_profit": 542300000,
      "operating_income": 210400000,
      "net_income": 169900000,
      "opex": 331900000,
      "cogs": 308600000,
      "rd": 74600000,
      "sga": null,
      "fcf": 279600000,
      "ocf": 292400000,
      "capex": -12800000,
      "gross_margin": 0.53281587738259,
      "op_margin": 0.20672037728433876,
      "fcf_margin": 0.2747101591668304,
      "incr_op_margin_yoy": 7.091954022988506,
      "rev_growth_yoy": -0.00847540185094983,
      "rev_growth_yoy_accel": 0.048404136410081636,
      "fcf_margin_change": 0.07996136832683434
    },
    {
      "date": "2024-06-29T00:00:00",
      "quarter_label": "2024-06 (Q2)",
      "revenue": 1011400000,
      "gross_profit": 560300000,
      "operating_income": 244000000,
      "net_income": 194500000,
      "opex": 316300000,
      "cogs": null,
      "rd": 64100000,
      "sga": null,
      "fcf": 385300000,
      "ocf": 405800000,
      "capex": -20500000,
      "gross_margin": 0.5539845758354756,
      "op_margin": 0.24124975281787622,
      "fcf_margin": 0.3809570891833103,
      "incr_op_margin_yoy": 8.985185185185186,
      "rev_growth_yoy": 0.027427874847622918,
      "rev_growth_yoy_accel": 0.035903276698572746,
      "fcf_margin_change": 0.10624693001647989
    },
    {
      "date": "2024-09-28T00:00:00",
      "quarter_label": "2024-09 (Q3)",
      "revenue": 988000000,
      "gross_profit": 557700000,
      "operating_income": 230000000,
      "net_income": 178600000,
      "opex": 327700000,
      "cogs": null,
      "rd": 67300000,
      "sga": null,
      "fcf": 350600000,
      "ocf": 367000000,
      "capex": -16400000,
      "gross_margin": 0.5644736842105263,
      "op_margin": 0.23279352226720648,
      "fcf_margin": 0.3548582995951417,
      "incr_op_margin_yoy": 2.2833723653395785,
      "rev_growth_yoy": 0.04517084523431715,
      "rev_growth_yoy_accel": 0.017742970386694232,
      "fcf_margin_change": -0.02609878958816858
    },
    {
      "date": "2024-12-28T00:00:00",
      "quarter_label": "2024-12 (Q4)",
      "revenue": 1021800000,
      "gross_profit": 580500000,
      "operating_income": 229800000,
      "net_income": 201000000,
      "opex": 350700000,
      "cogs": 392000000,
      "rd": 60300000,
      "sga": null,
      "fcf": 172500000,
      "ocf": 189300000,
      "capex": -16800000,
      "gross_margin": 0.5681150910158543,
      "op_margin": 0.22489724016441573,
      "fcf_margin": 0.1688197298884322,
      "incr_op_margin_yoy": 3.632183908045977,
      "rev_growth_yoy": 0.008587503701510216,
      "rev_growth_yoy_accel": -0.036583341532806936,
      "op_leverage_ratio": 0.4874256292906179,
      "fcf_margin_change": -0.1860385697067095
    },
    {
      "date": "2025-03-29T00:00:00",
      "quarter_label": "2025-03 (Q1)",
      "revenue": 1005300000,
      "gross_profit": 377300000,
      "operating_income": -7000000,
      "net_income": -17400000,
      "opex": 384300000,
      "cogs": null,
      "rd": 61500000,
      "sga": null,
      "fcf": 153900000,
      "ocf": 169400000,
      "capex": -15500000,
      "gross_margin": 0.3753108524818462,
      "op_margin": -0.006963095593355217,
      "fcf_margin": 0.153088630259624,
      "incr_op_margin_yoy": 17.392,
      "rev_growth_yoy": -0.012281391235999214,
      "rev_growth_yoy_accel": -0.02086889493750943,
      "fcf_margin_change": -0.0157310996288082
    },
    {
      "date": "2025-06-28T00:00:00",
      "quarter_label": "2025-06 (Q2)",
      "revenue": 1023800000,
      "gross_profit": 576600000,
      "operating_income": 254600000,
      "net_income": 194900000,
      "opex": 322000000,
      "cogs": null,
      "rd": 61400000,
      "sga": null,
      "fcf": 330500000,
      "ocf": 343300000,
      "capex": -12800000,
      "gross_margin": 0.563195936706388,
      "op_margin": 0.24868138308263332,
      "fcf_margin": 0.3228169564368041,
      "incr_op_margin_yoy": 0.8548387096774194,
      "rev_growth_yoy": 0.012260233339924856,
      "rev_growth_yoy_accel": 0.02454162457592407,
      "op_leverage_ratio": Infinity,
      "fcf_margin_change": 0.1697283261771801
    },
    {
      "date": "2025-09-27T00:00:00",
      "quarter_label": "2025-09 (Q3)",
      "revenue": 1049600000,
      "gross_profit": 583500000,
      "operating_income": 236900000,
      "net_income": 187200000,
      "opex": 346600000,
      "cogs": null,
      "rd": 65100000,
      "sga": null,
      "fcf": 341400000,
      "ocf": 355100000,
      "capex": -13700000,
      "gross_margin": 0.5559260670731707,
      "op_margin": 0.22570503048780488,
      "fcf_margin": 0.3252667682926829,
      "incr_op_margin_yoy": 0.11201298701298701,
      "rev_growth_yoy": 0.062348178137651825,
      "rev_growth_yoy_accel": 0.05008794479772697,
      "op_leverage_ratio": 0.3298567269712549,
      "fcf_margin_change": 0.002449811855878836
    },
    {
      "date": "2025-12-27T00:00:00",
      "quarter_label": "2025-12 (Q4)",
      "revenue": 1047800000,
      "gross_profit": 586400000,
      "operating_income": 237000000,
      "net_income": 179100000,
      "opex": 349400000,
      "cogs": 417600000,
      "rd": 60500000,
      "sga": null,
      "fcf": 215200000,
      "ocf": 229900000,
      "capex": -14700000,
      "gross_margin": 0.5596487879366291,
      "op_margin": 0.22618820385569766,
      "fcf_margin": 0.2053827066234014,
      "incr_op_margin_yoy": 0.27692307692307694,
      "rev_growth_yoy": 0.02544529262086514,
      "rev_growth_yoy_accel": -0.036902885516786686,
      "fcf_margin_change": -0.1198840616692815
    }
  ],
  "signals": [
    {
      "quarter": "2025-09 (Q3)",
      "signal": "YoY REVENUE GROWTH ACCELERATION",
      "detail": "YoY growth: +6.2% vs prior quarter YoY: +1.2% (accel: +5.0%)",
      "severity": "MEDIUM"
    },
    {
      "quarter": "2025-06 (Q2)",
      "signal": "FCF MARGIN EXPANSION",
      "detail": "FCF margin: +15.3% -> +32.3% (+17.0%)",
      "severity": "MEDIUM"
    },
    {
      "quarter": "2025-06 (Q2)",
      "signal": "GROSS MARGIN INFLECTION",
      "detail": "GM: +56.8% -> +37.5% -> +56.3% (reversal +18.8%)",
      "severity": "HIGH"
    },
    {
      "quarter": "2025-06 (Q2)",
      "signal": "INCREMENTAL MARGIN (YoY)",
      "detail": "YoY Incr OPM: +85.5% vs year-ago OPM: +24.1%",
      "severity": "HIGH"
    },
    {
      "quarter": "2025-06 (Q2)",
      "signal": "OP MARGIN TURNED POSITIVE (QoQ)",
      "detail": "Op margin: -0.7% -> +24.9%",
      "severity": "HIGH"
    },
    {
      "quarter": "2024-12 (Q4)",
      "signal": "INCREMENTAL MARGIN (YoY)",
      "detail": "YoY Incr OPM: +363.2% vs year-ago OPM: +19.6%",
      "severity": "HIGH"
    },
    {
      "quarter": "2024-09 (Q3)",
      "signal": "INCREMENTAL MARGIN (YoY)",
      "detail": "YoY Incr OPM: +228.3% vs year-ago OPM: +14.0%",
      "severity": "HIGH"
    },
    {
      "quarter": "2024-06 (Q2)",
      "signal": "FCF MARGIN EXPANSION",
      "detail": "FCF margin: +27.5% -> +38.1% (+10.6%)",
      "severity": "MEDIUM"
    },
    {
      "quarter": "2024-06 (Q2)",
      "signal": "GROSS MARGIN INFLECTION",
      "detail": "GM: +56.0% -> +53.3% -> +55.4% (reversal +2.1%)",
      "severity": "MEDIUM"
    },
    {
      "quarter": "2024-06 (Q2)",
      "signal": "INCREMENTAL MARGIN (YoY)",
      "detail": "YoY Incr OPM: +898.5% vs year-ago OPM: +0.1%",
      "severity": "HIGH"
    },
    {
      "quarter": "2024-03 (Q1)",
      "signal": "FCF MARGIN EXPANSION",
      "detail": "FCF margin: +19.5% -> +27.5% (+8.0%)",
      "severity": "MEDIUM"
    },
    {
      "quarter": "2024-03 (Q1)",
      "signal": "INCREMENTAL MARGIN (YoY)",
      "detail": "YoY Incr OPM: +709.2% vs year-ago OPM: +26.5%",
      "severity": "HIGH"
    },
    {
      "quarter": "2023-12 (Q4)",
      "signal": "OPERATING LEVERAGE",
      "detail": "Rev growth +7.2% vs OpEx growth +0.4% (leverage: 17.6x)",
      "severity": "MEDIUM"
    },
    {
      "quarter": "2023-12 (Q4)",
      "signal": "INCREMENTAL MARGIN (YoY)",
      "detail": "YoY Incr OPM: +105.1% vs year-ago OPM: +24.4%",
      "severity": "HIGH"
    },
    {
      "quarter": "2023-09 (Q3)",
      "signal": "GROSS MARGIN INFLECTION",
      "detail": "GM: +57.1% -> +37.3% -> +52.9% (reversal +15.6%)",
      "severity": "HIGH"
    },
    {
      "quarter": "2023-09 (Q3)",
      "signal": "INCREMENTAL MARGIN (YoY)",
      "detail": "YoY Incr OPM: +106.3% vs year-ago OPM: +14.8%",
      "severity": "HIGH"
    },
    {
      "quarter": "2023-07 (Q3)",
      "signal": "FCF MARGIN EXPANSION",
      "detail": "FCF margin: +20.1% -> +33.8% (+13.7%)",
      "severity": "MEDIUM"
    },
    {
      "quarter": "2023-07 (Q3)",
      "signal": "YoY REVENUE GROWTH ACCELERATION",
      "detail": "YoY growth: -1.8% vs prior quarter YoY: -28.5% (accel: +26.7%)",
      "severity": "HIGH"
    },
    {
      "quarter": "2023-07 (Q3)",
      "signal": "INCREMENTAL MARGIN (YoY)",
      "detail": "YoY Incr OPM: +1434.4% vs year-ago OPM: +26.3%",
      "severity": "HIGH"
    },
    {
      "quarter": "2023-04 (Q2)",
      "signal": "INCREMENTAL MARGIN (YoY)",
      "detail": "YoY Incr OPM: +78.7% vs year-ago OPM: +41.4%",
      "severity": "HIGH"
    },
    {
      "quarter": "2022-12 (Q4)",
      "signal": "FCF MARGIN EXPANSION",
      "detail": "FCF margin: +17.7% -> +23.6% (+5.9%)",
      "severity": "MEDIUM"
    },
    {
      "quarter": "2022-12 (Q4)",
      "signal": "GROSS MARGIN INFLECTION",
      "detail": "GM: +54.8% -> +54.0% -> +57.5% (reversal +3.5%)",
      "severity": "MEDIUM"
    },
    {
      "quarter": "2022-12 (Q4)",
      "signal": "INCREMENTAL MARGIN (YoY)",
      "detail": "YoY Incr OPM: +95.5% vs year-ago OPM: +43.6%",
      "severity": "HIGH"
    },
    {
      "quarter": "2022-09 (Q3)",
      "signal": "YoY REVENUE GROWTH DECELERATION",
      "detail": "YoY growth: -27.6% vs prior quarter YoY: -14.2% (decel: -13.4%)",
      "severity": "WARNING"
    },
    {
      "quarter": "2022-09 (Q3)",
      "signal": "INCREMENTAL MARGIN (YoY)",
      "detail": "YoY Incr OPM: +82.2% vs year-ago OPM: +33.4%",
      "severity": "HIGH"
    },
    {
      "quarter": "2022-06 (Q2)",
      "signal": "YoY REVENUE GROWTH DECELERATION",
      "detail": "YoY growth: -14.2% vs prior quarter YoY: -6.6% (decel: -7.5%)",
      "severity": "WARNING"
    },
    {
      "quarter": "2022-06 (Q2)",
      "signal": "INCREMENTAL MARGIN (YoY)",
      "detail": "YoY Incr OPM: +57.2% vs year-ago OPM: +30.7%",
      "severity": "HIGH"
    },
    {
      "quarter": "2022-03 (Q1)",
      "signal": "FCF MARGIN EXPANSION",
      "detail": "FCF margin: +38.4% -> +74.0% (+35.6%)",
      "severity": "MEDIUM"
    },
    {
      "quarter": "2022-03 (Q1)",
      "signal": "INCREMENTAL MARGIN (YoY)",
      "detail": "YoY Incr OPM: +198.9% vs year-ago OPM: +51.8%",
      "severity": "HIGH"
    },
    {
      "quarter": "2021-12 (Q4)",
      "signal": "FCF MARGIN EXPANSION",
      "detail": "FCF margin: +31.8% -> +38.4% (+6.6%)",
      "severity": "MEDIUM"
    },
    {
      "quarter": "2021-09 (Q3)",
      "signal": "GROSS MARGIN INFLECTION",
      "detail": "GM: +70.6% -> +60.1% -> +62.9% (reversal +2.8%)",
      "severity": "MEDIUM"
    },
    {
      "quarter": "2021-06 (Q2)",
      "signal": "FCF MARGIN EXPANSION",
      "detail": "FCF margin: +34.7% -> +55.1% (+20.4%)",
      "severity": "MEDIUM"
    }
  ],
  "data_quality": {
    "n_quarters": 20,
    "coverage": {
      "revenue": [
        20,
        20
      ],
      "gross_profit": [
        20,
        20
      ],
      "op_income": [
        20,
        20
      ],
      "fcf": [
        20,
        20
      ]
    },
    "gaps": [],
    "warnings": []
  },
  "market_cap": null,
  "source": "SEC EDGAR",
  "last_updated": "2026-02-02T20:22:56.471027"
}