{
  "ticker": "HON",
  "name": "HONEYWELL INTERNATIONAL INC",
  "quarters": [
    {
      "date": "2020-12-31T00:00:00",
      "quarter_label": "2020-12 (Q4)",
      "revenue": 8900000000,
      "gross_profit": 2924000000,
      "operating_income": null,
      "net_income": 1359000000,
      "opex": null,
      "cogs": 5976000000,
      "rd": null,
      "sga": 1248000000,
      "fcf": 2491000000,
      "ocf": 2782000000,
      "capex": -291000000,
      "gross_margin": 0.32853932584269663,
      "op_margin": null,
      "fcf_margin": 0.2798876404494382
    },
    {
      "date": "2021-03-31T00:00:00",
      "quarter_label": "2021-03 (Q1)",
      "revenue": 8454000000,
      "gross_profit": 2745000000,
      "operating_income": 1775000000,
      "net_income": 1427000000,
      "opex": 970000000,
      "cogs": 5709000000,
      "rd": null,
      "sga": 1236000000,
      "fcf": 757000000,
      "ocf": 978000000,
      "capex": -221000000,
      "gross_margin": 0.32469836763662174,
      "op_margin": 0.20995978235154955,
      "fcf_margin": 0.08954341140288621,
      "fcf_margin_change": -0.190344229046552
    },
    {
      "date": "2021-06-30T00:00:00",
      "quarter_label": "2021-06 (Q2)",
      "revenue": 8808000000,
      "gross_profit": 2805000000,
      "operating_income": 1793000000,
      "net_income": 1430000000,
      "opex": 1012000000,
      "cogs": 6003000000,
      "rd": null,
      "sga": 1207000000,
      "fcf": 1093000000,
      "ocf": 1278000000,
      "capex": -185000000,
      "gross_margin": 0.3184604904632153,
      "op_margin": 0.20356494096276112,
      "fcf_margin": 0.12409173478655768,
      "op_leverage_ratio": 0.9670823616884653,
      "fcf_margin_change": 0.03454832338367146
    },
    {
      "date": "2021-09-30T00:00:00",
      "quarter_label": "2021-09 (Q3)",
      "revenue": 8473000000,
      "gross_profit": 2727000000,
      "operating_income": 1793000000,
      "net_income": 1257000000,
      "opex": 934000000,
      "cogs": 5746000000,
      "rd": null,
      "sga": 1152000000,
      "fcf": 911000000,
      "ocf": 1119000000,
      "capex": -208000000,
      "gross_margin": 0.32184586333057946,
      "op_margin": 0.2116133600849758,
      "fcf_margin": 0.10751799834769267,
      "fcf_margin_change": -0.016573736438865005
    },
    {
      "date": "2021-12-31T00:00:00",
      "quarter_label": "2021-12 (Q4)",
      "revenue": 8657000000,
      "gross_profit": 2721000000,
      "operating_income": null,
      "net_income": 1428000000,
      "opex": null,
      "cogs": 5936000000,
      "rd": null,
      "sga": 1203000000,
      "fcf": 2382000000,
      "ocf": 2663000000,
      "capex": -281000000,
      "gross_margin": 0.31431211736167264,
      "op_margin": null,
      "fcf_margin": 0.27515305533094603,
      "rev_growth_yoy": -0.027303370786516856,
      "fcf_margin_change": 0.16763505698325337
    },
    {
      "date": "2022-03-31T00:00:00",
      "quarter_label": "2022-03 (Q1)",
      "revenue": 8376000000,
      "gross_profit": 2702000000,
      "operating_income": 1766000000,
      "net_income": 1134000000,
      "opex": 936000000,
      "cogs": 5674000000,
      "rd": 350000000,
      "sga": 1431000000,
      "fcf": -147000000,
      "ocf": 36000000,
      "capex": -183000000,
      "gross_margin": 0.3225883476599809,
      "op_margin": 0.21084049665711557,
      "fcf_margin": -0.017550143266475644,
      "incr_op_margin_yoy": 0.11538461538461539,
      "rev_growth_yoy": -0.009226401703335699,
      "rev_growth_yoy_accel": 0.018076969083181155,
      "fcf_margin_change": -0.29270319859742167
    },
    {
      "date": "2022-06-30T00:00:00",
      "quarter_label": "2022-06 (Q2)",
      "revenue": 8953000000,
      "gross_profit": 2907000000,
      "operating_income": 1867000000,
      "net_income": 1261000000,
      "opex": 1040000000,
      "cogs": 6046000000,
      "rd": 386000000,
      "sga": 1306000000,
      "fcf": 631000000,
      "ocf": 789000000,
      "capex": -158000000,
      "gross_margin": 0.3246956327487993,
      "op_margin": 0.20853345247403104,
      "fcf_margin": 0.07047916899363342,
      "incr_op_margin_yoy": 0.5103448275862069,
      "rev_growth_yoy": 0.016462306993642144,
      "rev_growth_yoy_accel": 0.02568870869697784,
      "op_leverage_ratio": 0.6199856733524356,
      "fcf_margin_change": 0.08802931226010907
    },
    {
      "date": "2022-09-30T00:00:00",
      "quarter_label": "2022-09 (Q3)",
      "revenue": 8951000000,
      "gross_profit": 2970000000,
      "operating_income": 1952000000,
      "net_income": 1552000000,
      "opex": 1018000000,
      "cogs": 5981000000,
      "rd": 387000000,
      "sga": 1228000000,
      "fcf": 1899000000,
      "ocf": 2083000000,
      "capex": -184000000,
      "gross_margin": 0.3318065020668082,
      "op_margin": 0.2180761926041783,
      "fcf_margin": 0.21215506647301977,
      "incr_op_margin_yoy": 0.33263598326359833,
      "rev_growth_yoy": 0.056414493095715806,
      "rev_growth_yoy_accel": 0.03995218610207366,
      "fcf_margin_change": 0.14167589747938636
    },
    {
      "date": "2022-12-31T00:00:00",
      "quarter_label": "2022-12 (Q4)",
      "revenue": 9186000000,
      "gross_profit": 3062000000,
      "operating_income": 2437000000,
      "net_income": 1019000000,
      "opex": 625000000,
      "cogs": 6124000000,
      "rd": 355000000,
      "sga": 1249000000,
      "fcf": 2125000000,
      "ocf": 2366000000,
      "capex": -241000000,
      "gross_margin": 0.3333333333333333,
      "op_margin": 0.2652950141519704,
      "fcf_margin": 0.231330285216634,
      "rev_growth_yoy": 0.061106618921104305,
      "rev_growth_yoy_accel": 0.004692125825388499,
      "op_leverage_ratio": Infinity,
      "fcf_margin_change": 0.019175218743614247
    },
    {
      "date": "2023-03-31T00:00:00",
      "quarter_label": "2023-03 (Q1)",
      "revenue": 8864000000,
      "gross_profit": 3366000000,
      "operating_income": 1947000000,
      "net_income": 1394000000,
      "opex": 1419000000,
      "cogs": 5498000000,
      "rd": 357000000,
      "sga": 1317000000,
      "fcf": -977000000,
      "ocf": -784000000,
      "capex": -193000000,
      "gross_margin": 0.37973826714801445,
      "op_margin": 0.2196525270758123,
      "fcf_margin": -0.110221119133574,
      "incr_op_margin_yoy": 0.3709016393442623,
      "rev_growth_yoy": 0.05826170009551098,
      "rev_growth_yoy_accel": -0.0028449188255933247,
      "fcf_margin_change": -0.34155140435020803
    },
    {
      "date": "2023-06-30T00:00:00",
      "quarter_label": "2023-06 (Q2)",
      "revenue": 9146000000,
      "gross_profit": 3520000000,
      "operating_income": 2052000000,
      "net_income": 1487000000,
      "opex": 1468000000,
      "cogs": 5626000000,
      "rd": 375000000,
      "sga": 1262000000,
      "fcf": 1127000000,
      "ocf": 1360000000,
      "capex": -233000000,
      "gross_margin": 0.38486770172753115,
      "op_margin": 0.2243603761207085,
      "fcf_margin": 0.12322326700196808,
      "incr_op_margin_yoy": 0.9585492227979274,
      "rev_growth_yoy": 0.021557019993298336,
      "rev_growth_yoy_accel": -0.036704680102212645,
      "op_leverage_ratio": 0.9213097693951227,
      "fcf_margin_change": 0.23344438613554208
    },
    {
      "date": "2023-09-30T00:00:00",
      "quarter_label": "2023-09 (Q3)",
      "revenue": 9212000000,
      "gross_profit": 3542000000,
      "operating_income": 2082000000,
      "net_income": 1514000000,
      "opex": 1460000000,
      "cogs": 5670000000,
      "rd": 364000000,
      "sga": 1252000000,
      "fcf": 1560000000,
      "ocf": 1809000000,
      "capex": -249000000,
      "gross_margin": 0.3844984802431611,
      "op_margin": 0.22600955275727314,
      "fcf_margin": 0.16934433347807207,
      "incr_op_margin_yoy": 0.49808429118773945,
      "rev_growth_yoy": 0.029158753211931628,
      "rev_growth_yoy_accel": 0.007601733218633291,
      "fcf_margin_change": 0.04612106647610399
    },
    {
      "date": "2023-12-31T00:00:00",
      "quarter_label": "2023-12 (Q4)",
      "revenue": 9440000000,
      "gross_profit": 3239000000,
      "operating_income": 2517000000,
      "net_income": 1263000000,
      "opex": 722000000,
      "cogs": 6201000000,
      "rd": 360000000,
      "sga": 1296000000,
      "fcf": 2591000000,
      "ocf": 2955000000,
      "capex": -364000000,
      "gross_margin": 0.34311440677966104,
      "op_margin": 0.2666313559322034,
      "fcf_margin": 0.27447033898305084,
      "incr_op_margin_yoy": 0.31496062992125984,
      "rev_growth_yoy": 0.0276507729153059,
      "rev_growth_yoy_accel": -0.0015079802966257265,
      "op_leverage_ratio": Infinity,
      "fcf_margin_change": 0.10512600550497878
    },
    {
      "date": "2024-03-31T00:00:00",
      "quarter_label": "2024-03 (Q1)",
      "revenue": 9105000000,
      "gross_profit": 3522000000,
      "operating_income": 2021000000,
      "net_income": 1463000000,
      "opex": 1501000000,
      "cogs": 5583000000,
      "rd": 360000000,
      "sga": 1302000000,
      "fcf": 215000000,
      "ocf": 448000000,
      "capex": -233000000,
      "gross_margin": 0.3868204283360791,
      "op_margin": 0.22196595277320152,
      "fcf_margin": 0.023613399231191653,
      "incr_op_margin_yoy": 0.3070539419087137,
      "rev_growth_yoy": 0.027188628158844767,
      "rev_growth_yoy_accel": -0.00046214475646113445,
      "fcf_margin_change": -0.2508569397518592
    },
    {
      "date": "2024-06-30T00:00:00",
      "quarter_label": "2024-06 (Q2)",
      "revenue": 9577000000,
      "gross_profit": 3721000000,
      "operating_income": 2199000000,
      "net_income": 1544000000,
      "opex": 1522000000,
      "cogs": 5856000000,
      "rd": 382000000,
      "sga": 1361000000,
      "fcf": 1112000000,
      "ocf": 1371000000,
      "capex": -259000000,
      "gross_margin": 0.3885350318471338,
      "op_margin": 0.22961261355330478,
      "fcf_margin": 0.11611151717656887,
      "incr_op_margin_yoy": 0.34106728538283065,
      "rev_growth_yoy": 0.04712442597856987,
      "rev_growth_yoy_accel": 0.019935797819725102,
      "op_leverage_ratio": 3.7053005936037238,
      "fcf_margin_change": 0.09249811794537721
    },
    {
      "date": "2024-09-30T00:00:00",
      "quarter_label": "2024-09 (Q3)",
      "revenue": 9728000000,
      "gross_profit": 3749000000,
      "operating_income": 2296000000,
      "net_income": 1413000000,
      "opex": 1453000000,
      "cogs": 5979000000,
      "rd": 368000000,
      "sga": 1398000000,
      "fcf": 1718000000,
      "ocf": 1997000000,
      "capex": -279000000,
      "gross_margin": 0.3853824013157895,
      "op_margin": 0.23601973684210525,
      "fcf_margin": 0.17660361842105263,
      "incr_op_margin_yoy": 0.41472868217054265,
      "rev_growth_yoy": 0.056013894919669995,
      "rev_growth_yoy_accel": 0.008889468941100126,
      "op_leverage_ratio": Infinity,
      "fcf_margin_change": 0.06049210124448376
    },
    {
      "date": "2024-12-31T00:00:00",
      "quarter_label": "2024-12 (Q4)",
      "revenue": 10088000000,
      "gross_profit": 3670000000,
      "operating_income": 2110000000,
      "net_income": 1285000000,
      "opex": 1560000000,
      "cogs": 6418000000,
      "rd": 426000000,
      "sga": 1405000000,
      "fcf": 1888000000,
      "ocf": 2281000000,
      "capex": -393000000,
      "gross_margin": 0.36379857256145914,
      "op_margin": 0.2091593973037272,
      "fcf_margin": 0.18715305313243458,
      "incr_op_margin_yoy": -0.6280864197530864,
      "rev_growth_yoy": 0.06864406779661017,
      "rev_growth_yoy_accel": 0.012630172876940175,
      "op_leverage_ratio": 0.5025285907525823,
      "fcf_margin_change": 0.01054943471138195
    },
    {
      "date": "2025-03-31T00:00:00",
      "quarter_label": "2025-03 (Q1)",
      "revenue": 9822000000,
      "gross_profit": 3785000000,
      "operating_income": 2258000000,
      "net_income": 1449000000,
      "opex": 1527000000,
      "cogs": 6037000000,
      "rd": 439000000,
      "sga": 1361000000,
      "fcf": 346000000,
      "ocf": 597000000,
      "capex": -251000000,
      "gross_margin": 0.3853593972714315,
      "op_margin": 0.22989207900631237,
      "fcf_margin": 0.03522704133577683,
      "incr_op_margin_yoy": 0.3305439330543933,
      "rev_growth_yoy": 0.07874794069192752,
      "rev_growth_yoy_accel": 0.010103872895317348,
      "fcf_margin_change": -0.15192601179665774
    },
    {
      "date": "2025-06-30T00:00:00",
      "quarter_label": "2025-06 (Q2)",
      "revenue": 10352000000,
      "gross_profit": 4023000000,
      "operating_income": 2366000000,
      "net_income": 1570000000,
      "opex": 1657000000,
      "cogs": 6329000000,
      "rd": 481000000,
      "sga": 1428000000,
      "fcf": 1016000000,
      "ocf": 1319000000,
      "capex": -303000000,
      "gross_margin": 0.3886205564142195,
      "op_margin": 0.2285548686244204,
      "fcf_margin": 0.09814528593508501,
      "incr_op_margin_yoy": 0.21548387096774194,
      "rev_growth_yoy": 0.08092304479482093,
      "rev_growth_yoy_accel": 0.002175104102893413,
      "op_leverage_ratio": 0.6338282975424088,
      "fcf_margin_change": 0.06291824459930817
    },
    {
      "date": "2025-09-30T00:00:00",
      "quarter_label": "2025-09 (Q3)",
      "revenue": 10408000000,
      "gross_profit": 3547000000,
      "operating_income": 2407000000,
      "net_income": 1825000000,
      "opex": 1140000000,
      "cogs": 6861000000,
      "rd": 497000000,
      "sga": 1296000000,
      "fcf": 2914000000,
      "ocf": 3288000000,
      "capex": -374000000,
      "gross_margin": 0.3407955418908532,
      "op_margin": 0.23126441199077633,
      "fcf_margin": 0.2799769408147579,
      "incr_op_margin_yoy": 0.16323529411764706,
      "rev_growth_yoy": 0.06990131578947369,
      "rev_growth_yoy_accel": -0.011021729005347244,
      "fcf_margin_change": 0.18183165487967287
    }
  ],
  "signals": [
    {
      "quarter": "2025-09 (Q3)",
      "signal": "FCF MARGIN EXPANSION",
      "detail": "FCF margin: +9.8% -> +28.0% (+18.2%)",
      "severity": "MEDIUM"
    },
    {
      "quarter": "2025-06 (Q2)",
      "signal": "FCF MARGIN EXPANSION",
      "detail": "FCF margin: +3.5% -> +9.8% (+6.3%)",
      "severity": "MEDIUM"
    },
    {
      "quarter": "2025-03 (Q1)",
      "signal": "GROSS MARGIN INFLECTION",
      "detail": "GM: +38.5% -> +36.4% -> +38.5% (reversal +2.2%)",
      "severity": "MEDIUM"
    },
    {
      "quarter": "2025-03 (Q1)",
      "signal": "INCREMENTAL MARGIN (YoY)",
      "detail": "YoY Incr OPM: +33.1% vs year-ago OPM: +22.2%",
      "severity": "MEDIUM"
    },
    {
      "quarter": "2024-09 (Q3)",
      "signal": "FCF MARGIN EXPANSION",
      "detail": "FCF margin: +11.6% -> +17.7% (+6.0%)",
      "severity": "MEDIUM"
    },
    {
      "quarter": "2024-09 (Q3)",
      "signal": "INCREMENTAL MARGIN (YoY)",
      "detail": "YoY Incr OPM: +41.5% vs year-ago OPM: +22.6%",
      "severity": "MEDIUM"
    },
    {
      "quarter": "2024-06 (Q2)",
      "signal": "FCF MARGIN EXPANSION",
      "detail": "FCF margin: +2.4% -> +11.6% (+9.2%)",
      "severity": "MEDIUM"
    },
    {
      "quarter": "2024-06 (Q2)",
      "signal": "OPERATING LEVERAGE",
      "detail": "Rev growth +5.2% vs OpEx growth +1.4% (leverage: 3.7x)",
      "severity": "MEDIUM"
    },
    {
      "quarter": "2024-06 (Q2)",
      "signal": "INCREMENTAL MARGIN (YoY)",
      "detail": "YoY Incr OPM: +34.1% vs year-ago OPM: +22.4%",
      "severity": "MEDIUM"
    },
    {
      "quarter": "2024-03 (Q1)",
      "signal": "GROSS MARGIN INFLECTION",
      "detail": "GM: +38.4% -> +34.3% -> +38.7% (reversal +4.4%)",
      "severity": "MEDIUM"
    },
    {
      "quarter": "2023-12 (Q4)",
      "signal": "FCF MARGIN EXPANSION",
      "detail": "FCF margin: +16.9% -> +27.4% (+10.5%)",
      "severity": "MEDIUM"
    },
    {
      "quarter": "2023-09 (Q3)",
      "signal": "INCREMENTAL MARGIN (YoY)",
      "detail": "YoY Incr OPM: +49.8% vs year-ago OPM: +21.8%",
      "severity": "HIGH"
    },
    {
      "quarter": "2023-06 (Q2)",
      "signal": "FCF TURNED POSITIVE",
      "detail": "FCF margin: -11.0% -> +12.3%",
      "severity": "HIGH"
    },
    {
      "quarter": "2023-06 (Q2)",
      "signal": "INCREMENTAL MARGIN (YoY)",
      "detail": "YoY Incr OPM: +95.9% vs year-ago OPM: +20.9%",
      "severity": "HIGH"
    },
    {
      "quarter": "2023-03 (Q1)",
      "signal": "INCREMENTAL MARGIN (YoY)",
      "detail": "YoY Incr OPM: +37.1% vs year-ago OPM: +21.1%",
      "severity": "MEDIUM"
    },
    {
      "quarter": "2022-09 (Q3)",
      "signal": "FCF MARGIN EXPANSION",
      "detail": "FCF margin: +7.0% -> +21.2% (+14.2%)",
      "severity": "MEDIUM"
    },
    {
      "quarter": "2022-09 (Q3)",
      "signal": "INCREMENTAL MARGIN (YoY)",
      "detail": "YoY Incr OPM: +33.3% vs year-ago OPM: +21.2%",
      "severity": "MEDIUM"
    },
    {
      "quarter": "2022-06 (Q2)",
      "signal": "FCF TURNED POSITIVE",
      "detail": "FCF margin: -1.8% -> +7.0%",
      "severity": "HIGH"
    },
    {
      "quarter": "2022-06 (Q2)",
      "signal": "INCREMENTAL MARGIN (YoY)",
      "detail": "YoY Incr OPM: +51.0% vs year-ago OPM: +20.4%",
      "severity": "HIGH"
    },
    {
      "quarter": "2021-12 (Q4)",
      "signal": "FCF MARGIN EXPANSION",
      "detail": "FCF margin: +10.8% -> +27.5% (+16.8%)",
      "severity": "MEDIUM"
    }
  ],
  "data_quality": {
    "n_quarters": 20,
    "coverage": {
      "revenue": [
        20,
        20
      ],
      "gross_profit": [
        20,
        20
      ],
      "op_income": [
        18,
        20
      ],
      "fcf": [
        20,
        20
      ]
    },
    "gaps": [],
    "warnings": []
  },
  "market_cap": null,
  "source": "SEC EDGAR",
  "last_updated": "2026-02-02T19:47:06.265997",
  "sector": "Industrials",
  "industry": "Conglomerates"
}