{
  "ticker": "HOUR",
  "name": "Hour Loop, Inc.",
  "quarters": [
    {
      "date": "2021-03-31T00:00:00",
      "quarter_label": "2021-03 (Q1)",
      "revenue": 9322913,
      "gross_profit": 5228361,
      "operating_income": 864358,
      "net_income": 865894,
      "opex": 4364003,
      "cogs": 4094552,
      "rd": null,
      "sga": null,
      "fcf": -1155965,
      "ocf": -1155965,
      "capex": null,
      "gross_margin": 0.560807657434967,
      "op_margin": 0.0927132967989726,
      "fcf_margin": -0.12399182530181285
    },
    {
      "date": "2021-06-30T00:00:00",
      "quarter_label": "2021-06 (Q2)",
      "revenue": 11643230,
      "gross_profit": 6797789,
      "operating_income": 1068493,
      "net_income": 1106509,
      "opex": 5729296,
      "cogs": 4845441,
      "rd": null,
      "sga": null,
      "fcf": 936243,
      "ocf": 936243,
      "capex": null,
      "gross_margin": 0.5838404806913545,
      "op_margin": 0.09176946603305097,
      "fcf_margin": 0.080410934079289,
      "op_leverage_ratio": 0.7955268961225381,
      "fcf_margin_change": 0.20440275938110186
    },
    {
      "date": "2021-09-30T00:00:00",
      "quarter_label": "2021-09 (Q3)",
      "revenue": 10425111,
      "gross_profit": 5509995,
      "operating_income": 185228,
      "net_income": 296106,
      "opex": 5324767,
      "cogs": 4915116,
      "rd": null,
      "sga": null,
      "fcf": 1794186,
      "ocf": 1794186,
      "capex": null,
      "gross_margin": 0.5285310631224934,
      "op_margin": 0.01776748468193768,
      "fcf_margin": 0.17210234020529852,
      "fcf_margin_change": 0.09169140612600953
    },
    {
      "date": "2021-12-31T00:00:00",
      "quarter_label": "2021-12 (Q4)",
      "revenue": 31401727,
      "gross_profit": 17272501,
      "operating_income": 3356070,
      "net_income": 2515264,
      "opex": 13916431,
      "cogs": 14129226,
      "rd": null,
      "sga": null,
      "fcf": 6189593,
      "ocf": 6189593,
      "capex": null,
      "gross_margin": 0.5500493969646956,
      "op_margin": 0.10687533204782017,
      "fcf_margin": 0.19710995513081175,
      "op_leverage_ratio": 1.2470333397271374,
      "fcf_margin_change": 0.025007614925513233
    },
    {
      "date": "2022-03-31T00:00:00",
      "quarter_label": "2022-03 (Q1)",
      "revenue": 12353983,
      "gross_profit": 6456714,
      "operating_income": -745352,
      "net_income": -644888,
      "opex": 7202066,
      "cogs": 5897269,
      "rd": null,
      "sga": null,
      "fcf": -8049939,
      "ocf": -7924471,
      "capex": -125468,
      "gross_margin": 0.522642292773108,
      "op_margin": -0.0603329306831651,
      "fcf_margin": -0.6516067732973244,
      "incr_op_margin_yoy": -0.5310698862117998,
      "rev_growth_yoy": 0.3251204854105149,
      "fcf_margin_change": -0.8487167284281362
    },
    {
      "date": "2022-06-30T00:00:00",
      "quarter_label": "2022-06 (Q2)",
      "revenue": 14800518,
      "gross_profit": 8356608,
      "operating_income": -399659,
      "net_income": -313407,
      "opex": 8756267,
      "cogs": 6443910,
      "rd": null,
      "sga": null,
      "fcf": -4785093,
      "ocf": -4746387,
      "capex": -38706,
      "gross_margin": 0.5646159141186815,
      "op_margin": -0.027003041380038187,
      "fcf_margin": -0.32330577889233336,
      "incr_op_margin_yoy": -0.4650041427959692,
      "rev_growth_yoy": 0.27116942635334007,
      "rev_growth_yoy_accel": -0.053951059057174844,
      "op_leverage_ratio": 0.9176865079346838,
      "fcf_margin_change": 0.32830099440499105
    },
    {
      "date": "2022-09-30T00:00:00",
      "quarter_label": "2022-09 (Q3)",
      "revenue": 17556053,
      "gross_profit": 9556284,
      "operating_income": 36712,
      "net_income": 150205,
      "opex": 9519572,
      "cogs": 7999769,
      "rd": null,
      "sga": null,
      "fcf": -1959141,
      "ocf": -1854973,
      "capex": -104168,
      "gross_margin": 0.5443298673112914,
      "op_margin": 0.002091130620305145,
      "fcf_margin": -0.11159347718989,
      "incr_op_margin_yoy": -0.020826981905055462,
      "rev_growth_yoy": 0.6840159303819403,
      "rev_growth_yoy_accel": 0.41284650402860024,
      "op_leverage_ratio": 2.1357474908983494,
      "fcf_margin_change": 0.21171230170244337
    },
    {
      "date": "2022-12-31T00:00:00",
      "quarter_label": "2022-12 (Q4)",
      "revenue": 51219537,
      "gross_profit": 24617715,
      "operating_income": -811059,
      "net_income": -669533,
      "opex": 25428774,
      "cogs": 26601822,
      "rd": null,
      "sga": null,
      "fcf": 2851479,
      "ocf": 2922655,
      "capex": -71176,
      "gross_margin": 0.48063134580853395,
      "op_margin": -0.015834953759929535,
      "fcf_margin": 0.055671705896131005,
      "incr_op_margin_yoy": -0.21027192207413434,
      "rev_growth_yoy": 0.6311057350444451,
      "rev_growth_yoy_accel": -0.05291019533749519,
      "op_leverage_ratio": 1.1473639618616465,
      "fcf_margin_change": 0.167265183086021
    },
    {
      "date": "2023-03-31T00:00:00",
      "quarter_label": "2023-03 (Q1)",
      "revenue": 21067609,
      "gross_profit": 9615702,
      "operating_income": -1604455,
      "net_income": -1235244,
      "opex": 11220157,
      "cogs": 11451907,
      "rd": null,
      "sga": null,
      "fcf": -3292455,
      "ocf": -3289076,
      "capex": -3379,
      "gross_margin": 0.4564211344533687,
      "op_margin": -0.07615743200853975,
      "fcf_margin": -0.15628043030416977,
      "incr_op_margin_yoy": -0.09859305414301693,
      "rev_growth_yoy": 0.7053292853001336,
      "rev_growth_yoy_accel": 0.0742235502556885,
      "fcf_margin_change": -0.2119521362003008
    },
    {
      "date": "2023-06-30T00:00:00",
      "quarter_label": "2023-06 (Q2)",
      "revenue": 22417448,
      "gross_profit": 11357549,
      "operating_income": -846338,
      "net_income": -769368,
      "opex": 12203887,
      "cogs": 11059899,
      "rd": null,
      "sga": null,
      "fcf": -137866,
      "ocf": -135364,
      "capex": -2502,
      "gross_margin": 0.5066388020616798,
      "op_margin": -0.03775353911827965,
      "fcf_margin": -0.006149941777494031,
      "incr_op_margin_yoy": -0.058642917815970474,
      "rev_growth_yoy": 0.5146394200527306,
      "rev_growth_yoy_accel": -0.19068986524740306,
      "op_leverage_ratio": 0.7307851946920151,
      "fcf_margin_change": 0.15013048852667574
    },
    {
      "date": "2023-09-30T00:00:00",
      "quarter_label": "2023-09 (Q3)",
      "revenue": 29152360,
      "gross_profit": 15332562,
      "operating_income": 17987,
      "net_income": -15056,
      "opex": 15314575,
      "cogs": 13819798,
      "rd": null,
      "sga": null,
      "fcf": -530983,
      "ocf": -522840,
      "capex": -8143,
      "gross_margin": 0.5259458239401544,
      "op_margin": 0.0006169997900684541,
      "fcf_margin": -0.018214065687992328,
      "incr_op_margin_yoy": -0.0016147382093281938,
      "rev_growth_yoy": 0.6605304164894011,
      "rev_growth_yoy_accel": 0.14589099643667058,
      "op_leverage_ratio": 1.1786571045765448,
      "fcf_margin_change": -0.012064123910498298
    },
    {
      "date": "2023-12-31T00:00:00",
      "quarter_label": "2023-12 (Q4)",
      "revenue": 59486785,
      "gross_profit": 30211442,
      "operating_income": -570617,
      "net_income": -410026,
      "opex": 30782059,
      "cogs": 29275343,
      "rd": null,
      "sga": null,
      "fcf": 1883106,
      "ocf": 1883905,
      "capex": -799,
      "gross_margin": 0.5078681256685834,
      "op_margin": -0.009592332145702613,
      "fcf_margin": 0.03165587113171438,
      "incr_op_margin_yoy": 0.029083680566979485,
      "rev_growth_yoy": 0.16140809707045967,
      "rev_growth_yoy_accel": -0.4991223194189415,
      "op_leverage_ratio": 1.0302611476125638,
      "fcf_margin_change": 0.04986993681970671
    },
    {
      "date": "2024-03-31T00:00:00",
      "quarter_label": "2024-03 (Q1)",
      "revenue": 24681122,
      "gross_profit": 14452206,
      "operating_income": 1538172,
      "net_income": 1065814,
      "opex": 12914034,
      "cogs": 10228916,
      "rd": null,
      "sga": null,
      "fcf": 475145,
      "ocf": 492943,
      "capex": -17798,
      "gross_margin": 0.5855570909620721,
      "op_margin": 0.06232180206394183,
      "fcf_margin": 0.019251353321781725,
      "incr_op_margin_yoy": 0.8696874758718178,
      "rev_growth_yoy": 0.1715198435664911,
      "rev_growth_yoy_accel": 0.010111746496031443,
      "fcf_margin_change": -0.012404517809932653
    },
    {
      "date": "2024-06-30T00:00:00",
      "quarter_label": "2024-06 (Q2)",
      "revenue": 28070707,
      "gross_profit": 15625410,
      "operating_income": 937196,
      "net_income": 649150,
      "opex": 14688214,
      "cogs": 12445297,
      "rd": null,
      "sga": null,
      "fcf": 439437,
      "ocf": 456232,
      "capex": -16795,
      "gross_margin": 0.5566446901390835,
      "op_margin": 0.03338697525502297,
      "fcf_margin": 0.01565464667491275,
      "incr_op_margin_yoy": 0.3154877567081218,
      "rev_growth_yoy": 0.2521812027845453,
      "rev_growth_yoy_accel": 0.0806613592180542,
      "op_leverage_ratio": 0.9996451807143406,
      "fcf_margin_change": -0.0035967066468689766
    },
    {
      "date": "2024-09-30T00:00:00",
      "quarter_label": "2024-09 (Q3)",
      "revenue": 31075498,
      "gross_profit": 17039311,
      "operating_income": 721843,
      "net_income": 469647,
      "opex": 16317468,
      "cogs": 14036187,
      "rd": null,
      "sga": null,
      "fcf": -2181498,
      "ocf": -2181060,
      "capex": -438,
      "gross_margin": 0.5483198048829339,
      "op_margin": 0.023228686471894997,
      "fcf_margin": -0.07019993694067268,
      "incr_op_margin_yoy": 0.36599349604656556,
      "rev_growth_yoy": 0.06596851850073202,
      "rev_growth_yoy_accel": -0.1862126842838133,
      "op_leverage_ratio": 0.9650306657919457,
      "fcf_margin_change": -0.08585458361558543
    },
    {
      "date": "2024-12-31T00:00:00",
      "quarter_label": "2024-12 (Q4)",
      "revenue": 54425534,
      "gross_profit": 24893781,
      "operating_income": -2466271,
      "net_income": -1527164,
      "opex": 27360052,
      "cogs": 29531753,
      "rd": null,
      "sga": null,
      "fcf": 1544060,
      "ocf": 1545025,
      "capex": -965,
      "gross_margin": 0.45739158020939213,
      "op_margin": -0.04531459443282633,
      "fcf_margin": 0.028370139648055636,
      "incr_op_margin_yoy": 0.3745425785048005,
      "rev_growth_yoy": -0.08508193878690873,
      "rev_growth_yoy_accel": -0.15105045728764074,
      "op_leverage_ratio": 1.110328571480916,
      "fcf_margin_change": 0.09857007658872832
    },
    {
      "date": "2025-03-31T00:00:00",
      "quarter_label": "2025-03 (Q1)",
      "revenue": 25837090,
      "gross_profit": 14145298,
      "operating_income": 920865,
      "net_income": 654517,
      "opex": 13224433,
      "cogs": 11691792,
      "rd": null,
      "sga": null,
      "fcf": -24611,
      "ocf": -23891,
      "capex": -720,
      "gross_margin": 0.5474803083474183,
      "op_margin": 0.03564120417585727,
      "fcf_margin": -0.000952545352437136,
      "incr_op_margin_yoy": -0.5340173776436717,
      "rev_growth_yoy": 0.04683612033521004,
      "rev_growth_yoy_accel": 0.13191805912211876,
      "fcf_margin_change": -0.029322685000492774
    },
    {
      "date": "2025-06-30T00:00:00",
      "quarter_label": "2025-06 (Q2)",
      "revenue": 27103106,
      "gross_profit": 15497352,
      "operating_income": 1620851,
      "net_income": 1177001,
      "opex": 13876501,
      "cogs": 11605754,
      "rd": null,
      "sga": null,
      "fcf": -901620,
      "ocf": -901539,
      "capex": -81,
      "gross_margin": 0.5717924727889121,
      "op_margin": 0.05980314580919249,
      "fcf_margin": -0.03326629796599696,
      "rev_growth_yoy": -0.034470132868402635,
      "rev_growth_yoy_accel": -0.08130625320361268,
      "op_leverage_ratio": 0.9937560121135574,
      "fcf_margin_change": -0.03231375261355983
    },
    {
      "date": "2025-09-30T00:00:00",
      "quarter_label": "2025-09 (Q3)",
      "revenue": 33424703,
      "gross_profit": 17175308,
      "operating_income": 742006,
      "net_income": 530591,
      "opex": 16433302,
      "cogs": 16249395,
      "rd": null,
      "sga": null,
      "fcf": 449252,
      "ocf": 500430,
      "capex": -51178,
      "gross_margin": 0.5138507289055044,
      "op_margin": 0.022199329639518414,
      "fcf_margin": 0.013440717782892492,
      "incr_op_margin_yoy": 0.008582903578018946,
      "rev_growth_yoy": 0.07559669679308116,
      "rev_growth_yoy_accel": 0.11006682966148379,
      "op_leverage_ratio": 1.2658748934574942,
      "fcf_margin_change": 0.046707015748889455
    }
  ],
  "signals": [
    {
      "quarter": "2025-09 (Q3)",
      "signal": "FCF TURNED POSITIVE",
      "detail": "FCF margin: -3.3% -> +1.3%",
      "severity": "HIGH"
    },
    {
      "quarter": "2025-09 (Q3)",
      "signal": "YoY REVENUE GROWTH ACCELERATION",
      "detail": "YoY growth: +7.6% vs prior quarter YoY: -3.4% (accel: +11.0%)",
      "severity": "MEDIUM"
    },
    {
      "quarter": "2025-06 (Q2)",
      "signal": "YoY REVENUE GROWTH DECELERATION",
      "detail": "YoY growth: -3.4% vs prior quarter YoY: +4.7% (decel: -8.1%)",
      "severity": "WARNING"
    },
    {
      "quarter": "2025-03 (Q1)",
      "signal": "GROSS MARGIN INFLECTION",
      "detail": "GM: +54.8% -> +45.7% -> +54.7% (reversal +9.0%)",
      "severity": "HIGH"
    },
    {
      "quarter": "2025-03 (Q1)",
      "signal": "YoY REVENUE GROWTH ACCELERATION",
      "detail": "YoY growth: +4.7% vs prior quarter YoY: -8.5% (accel: +13.2%)",
      "severity": "MEDIUM"
    },
    {
      "quarter": "2025-03 (Q1)",
      "signal": "OP MARGIN TURNED POSITIVE (QoQ)",
      "detail": "Op margin: -4.5% -> +3.6%",
      "severity": "HIGH"
    },
    {
      "quarter": "2024-12 (Q4)",
      "signal": "FCF TURNED POSITIVE",
      "detail": "FCF margin: -7.0% -> +2.8%",
      "severity": "HIGH"
    },
    {
      "quarter": "2024-12 (Q4)",
      "signal": "YoY REVENUE GROWTH DECELERATION",
      "detail": "YoY growth: -8.5% vs prior quarter YoY: +6.6% (decel: -15.1%)",
      "severity": "WARNING"
    },
    {
      "quarter": "2024-09 (Q3)",
      "signal": "YoY REVENUE GROWTH DECELERATION",
      "detail": "YoY growth: +6.6% vs prior quarter YoY: +25.2% (decel: -18.6%)",
      "severity": "WARNING"
    },
    {
      "quarter": "2024-09 (Q3)",
      "signal": "INCREMENTAL MARGIN (YoY)",
      "detail": "YoY Incr OPM: +36.6% vs year-ago OPM: +0.1%",
      "severity": "HIGH"
    },
    {
      "quarter": "2024-06 (Q2)",
      "signal": "YoY REVENUE GROWTH ACCELERATION",
      "detail": "YoY growth: +25.2% vs prior quarter YoY: +17.2% (accel: +8.1%)",
      "severity": "MEDIUM"
    },
    {
      "quarter": "2024-06 (Q2)",
      "signal": "OP MARGIN TURNED POSITIVE (YoY)",
      "detail": "Op margin: -3.8% (year-ago) -> +3.3%",
      "severity": "HIGH"
    },
    {
      "quarter": "2024-03 (Q1)",
      "signal": "GROSS MARGIN INFLECTION",
      "detail": "GM: +52.6% -> +50.8% -> +58.6% (reversal +7.8%)",
      "severity": "HIGH"
    },
    {
      "quarter": "2024-03 (Q1)",
      "signal": "OP MARGIN TURNED POSITIVE (YoY)",
      "detail": "Op margin: -7.6% (year-ago) -> +6.2%",
      "severity": "HIGH"
    },
    {
      "quarter": "2024-03 (Q1)",
      "signal": "OP MARGIN TURNED POSITIVE (QoQ)",
      "detail": "Op margin: -1.0% -> +6.2%",
      "severity": "HIGH"
    },
    {
      "quarter": "2023-12 (Q4)",
      "signal": "FCF TURNED POSITIVE",
      "detail": "FCF margin: -1.8% -> +3.2%",
      "severity": "HIGH"
    },
    {
      "quarter": "2023-12 (Q4)",
      "signal": "YoY REVENUE GROWTH DECELERATION",
      "detail": "YoY growth: +16.1% vs prior quarter YoY: +66.1% (decel: -49.9%)",
      "severity": "WARNING"
    },
    {
      "quarter": "2023-09 (Q3)",
      "signal": "YoY REVENUE GROWTH ACCELERATION",
      "detail": "YoY growth: +66.1% vs prior quarter YoY: +51.5% (accel: +14.6%)",
      "severity": "MEDIUM"
    },
    {
      "quarter": "2023-09 (Q3)",
      "signal": "OP MARGIN TURNED POSITIVE (QoQ)",
      "detail": "Op margin: -3.8% -> +0.1%",
      "severity": "HIGH"
    },
    {
      "quarter": "2023-06 (Q2)",
      "signal": "FCF MARGIN EXPANSION",
      "detail": "FCF margin: -15.6% -> -0.6% (+15.0%)",
      "severity": "MEDIUM"
    },
    {
      "quarter": "2023-06 (Q2)",
      "signal": "GROSS MARGIN INFLECTION",
      "detail": "GM: +48.1% -> +45.6% -> +50.7% (reversal +5.0%)",
      "severity": "HIGH"
    },
    {
      "quarter": "2023-06 (Q2)",
      "signal": "YoY REVENUE GROWTH DECELERATION",
      "detail": "YoY growth: +51.5% vs prior quarter YoY: +70.5% (decel: -19.1%)",
      "severity": "WARNING"
    },
    {
      "quarter": "2023-03 (Q1)",
      "signal": "YoY REVENUE GROWTH ACCELERATION",
      "detail": "YoY growth: +70.5% vs prior quarter YoY: +63.1% (accel: +7.4%)",
      "severity": "MEDIUM"
    },
    {
      "quarter": "2022-12 (Q4)",
      "signal": "FCF TURNED POSITIVE",
      "detail": "FCF margin: -11.2% -> +5.6%",
      "severity": "HIGH"
    },
    {
      "quarter": "2022-12 (Q4)",
      "signal": "YoY REVENUE GROWTH DECELERATION",
      "detail": "YoY growth: +63.1% vs prior quarter YoY: +68.4% (decel: -5.3%)",
      "severity": "WARNING"
    },
    {
      "quarter": "2022-09 (Q3)",
      "signal": "FCF MARGIN EXPANSION",
      "detail": "FCF margin: -32.3% -> -11.2% (+21.2%)",
      "severity": "MEDIUM"
    },
    {
      "quarter": "2022-09 (Q3)",
      "signal": "OPERATING LEVERAGE",
      "detail": "Rev growth +18.6% vs OpEx growth +8.7% (leverage: 2.1x)",
      "severity": "MEDIUM"
    },
    {
      "quarter": "2022-09 (Q3)",
      "signal": "YoY REVENUE GROWTH ACCELERATION",
      "detail": "YoY growth: +68.4% vs prior quarter YoY: +27.1% (accel: +41.3%)",
      "severity": "HIGH"
    },
    {
      "quarter": "2022-09 (Q3)",
      "signal": "OP MARGIN TURNED POSITIVE (QoQ)",
      "detail": "Op margin: -2.7% -> +0.2%",
      "severity": "HIGH"
    },
    {
      "quarter": "2022-06 (Q2)",
      "signal": "FCF MARGIN EXPANSION",
      "detail": "FCF margin: -65.2% -> -32.3% (+32.8%)",
      "severity": "MEDIUM"
    },
    {
      "quarter": "2022-06 (Q2)",
      "signal": "GROSS MARGIN INFLECTION",
      "detail": "GM: +55.0% -> +52.3% -> +56.5% (reversal +4.2%)",
      "severity": "MEDIUM"
    },
    {
      "quarter": "2022-06 (Q2)",
      "signal": "YoY REVENUE GROWTH DECELERATION",
      "detail": "YoY growth: +27.1% vs prior quarter YoY: +32.5% (decel: -5.4%)",
      "severity": "WARNING"
    },
    {
      "quarter": "2021-12 (Q4)",
      "signal": "GROSS MARGIN INFLECTION",
      "detail": "GM: +58.4% -> +52.9% -> +55.0% (reversal +2.2%)",
      "severity": "MEDIUM"
    },
    {
      "quarter": "2021-09 (Q3)",
      "signal": "FCF MARGIN EXPANSION",
      "detail": "FCF margin: +8.0% -> +17.2% (+9.2%)",
      "severity": "MEDIUM"
    },
    {
      "quarter": "2021-06 (Q2)",
      "signal": "FCF TURNED POSITIVE",
      "detail": "FCF margin: -12.4% -> +8.0%",
      "severity": "HIGH"
    }
  ],
  "data_quality": {
    "n_quarters": 19,
    "coverage": {
      "revenue": [
        19,
        19
      ],
      "gross_profit": [
        19,
        19
      ],
      "op_income": [
        19,
        19
      ],
      "fcf": [
        19,
        19
      ]
    },
    "gaps": [],
    "warnings": []
  },
  "market_cap": null,
  "source": "SEC EDGAR",
  "last_updated": "2026-02-02T23:33:57.323887",
  "sector": "Consumer Cyclical",
  "industry": "Internet Retail"
}