{
  "ticker": "HP",
  "name": "HELMERICH\u00a0& PAYNE,\u00a0INC.",
  "quarters": [
    {
      "date": "2020-12-31T00:00:00",
      "quarter_label": "2020-12 (Q4)",
      "revenue": 246377000,
      "gross_profit": 47688000,
      "operating_income": -93223000,
      "net_income": -70431000,
      "opex": 339600000,
      "cogs": 198689000,
      "rd": null,
      "sga": 39303000,
      "fcf": -33589000,
      "ocf": -19604000,
      "capex": -13985000,
      "gross_margin": 0.19355702845639,
      "op_margin": -0.3783754165364462,
      "fcf_margin": -0.13633171927574408
    },
    {
      "date": "2021-03-31T00:00:00",
      "quarter_label": "2021-03 (Q1)",
      "revenue": 296171000,
      "gross_profit": 65858000,
      "operating_income": -160923000,
      "net_income": -121003000,
      "opex": 457094000,
      "cogs": 230313000,
      "rd": null,
      "sga": 39349000,
      "fcf": 61646000,
      "ocf": 78406000,
      "capex": -16760000,
      "gross_margin": 0.22236478250740283,
      "op_margin": -0.5433448919711923,
      "fcf_margin": 0.20814326858470275,
      "op_leverage_ratio": 0.5841560036343627,
      "fcf_margin_change": 0.34447498786044684
    },
    {
      "date": "2021-06-30T00:00:00",
      "quarter_label": "2021-06 (Q2)",
      "revenue": 332213000,
      "gross_profit": 76742000,
      "operating_income": -77367000,
      "net_income": -55555000,
      "opex": 409580000,
      "cogs": 255471000,
      "rd": null,
      "sga": 41719000,
      "fcf": 12591000,
      "ocf": 31019000,
      "capex": -18428000,
      "gross_margin": 0.2310023990632516,
      "op_margin": -0.23288372219028153,
      "fcf_margin": 0.037900383187894515,
      "op_leverage_ratio": Infinity,
      "fcf_margin_change": -0.17024288539680824
    },
    {
      "date": "2021-09-30T00:00:00",
      "quarter_label": "2021-09 (Q3)",
      "revenue": 343807000,
      "gross_profit": 75680000,
      "operating_income": -97036000,
      "net_income": -79161000,
      "opex": 440843000,
      "cogs": 268127000,
      "rd": null,
      "sga": 51824000,
      "fcf": 13644000,
      "ocf": 46619000,
      "capex": -32975000,
      "gross_margin": 0.22012349952153387,
      "op_margin": -0.28223974497319715,
      "fcf_margin": 0.03968505585982834,
      "op_leverage_ratio": 0.45721952068176835,
      "fcf_margin_change": 0.0017846726719338221
    },
    {
      "date": "2021-12-31T00:00:00",
      "quarter_label": "2021-12 (Q4)",
      "revenue": 409782000,
      "gross_profit": 110130000,
      "operating_income": -42611000,
      "net_income": -51362000,
      "opex": 452393000,
      "cogs": 299652000,
      "rd": null,
      "sga": 43715000,
      "fcf": -47732000,
      "ocf": -3718000,
      "capex": -44014000,
      "gross_margin": 0.2687526538500959,
      "op_margin": -0.10398455764284424,
      "fcf_margin": -0.11648144623238697,
      "incr_op_margin_yoy": 0.3097334842875065,
      "rev_growth_yoy": 0.6632315516464605,
      "op_leverage_ratio": 7.324308846286293,
      "fcf_margin_change": -0.1561665020922153
    },
    {
      "date": "2022-03-31T00:00:00",
      "quarter_label": "2022-03 (Q1)",
      "revenue": 467597000,
      "gross_profit": 127838000,
      "operating_income": -22617000,
      "net_income": -4976000,
      "opex": 490214000,
      "cogs": 339759000,
      "rd": null,
      "sga": 47051000,
      "fcf": -37854000,
      "ocf": 22614000,
      "capex": -60468000,
      "gross_margin": 0.273393541874734,
      "op_margin": -0.04836857379324504,
      "fcf_margin": -0.08095432605427323,
      "incr_op_margin_yoy": 0.8067971019565293,
      "rev_growth_yoy": 0.578807513227156,
      "rev_growth_yoy_accel": -0.08442403841930457,
      "op_leverage_ratio": 1.6876039025969976,
      "fcf_margin_change": 0.03552712017811374
    },
    {
      "date": "2022-06-30T00:00:00",
      "quarter_label": "2022-06 (Q2)",
      "revenue": 550233000,
      "gross_profit": 174023000,
      "operating_income": 33722000,
      "net_income": 17752000,
      "opex": 516511000,
      "cogs": 376210000,
      "rd": null,
      "sga": 44933000,
      "fcf": 27269000,
      "ocf": 97745000,
      "capex": -70476000,
      "gross_margin": 0.31627147044979126,
      "op_margin": 0.0612867639708996,
      "fcf_margin": 0.049559005003334954,
      "incr_op_margin_yoy": 0.5095358224016145,
      "rev_growth_yoy": 0.6562657090481107,
      "rev_growth_yoy_accel": 0.0774581958209547,
      "op_leverage_ratio": 3.29440565326762,
      "fcf_margin_change": 0.13051333105760818
    },
    {
      "date": "2022-09-30T00:00:00",
      "quarter_label": "2022-09 (Q3)",
      "revenue": 631332000,
      "gross_profit": 220364000,
      "operating_income": 76798000,
      "net_income": 45539000,
      "opex": 554534000,
      "cogs": 410968000,
      "rd": null,
      "sga": 46667000,
      "fcf": 41336000,
      "ocf": 117272000,
      "capex": -75936000,
      "gross_margin": 0.34904614370885684,
      "op_margin": 0.12164439629228362,
      "fcf_margin": 0.06547426710510476,
      "incr_op_margin_yoy": 0.6045874271802452,
      "rev_growth_yoy": 0.8362976902739037,
      "rev_growth_yoy_accel": 0.180031981225793,
      "op_leverage_ratio": 2.0021751237073353,
      "fcf_margin_change": 0.015915262101769807
    },
    {
      "date": "2022-12-31T00:00:00",
      "quarter_label": "2022-12 (Q4)",
      "revenue": 719637000,
      "gross_profit": 291386000,
      "operating_income": 144223000,
      "net_income": 97145000,
      "opex": 575414000,
      "cogs": 428251000,
      "rd": null,
      "sga": 48455000,
      "fcf": 89348000,
      "ocf": 185375000,
      "capex": -96027000,
      "gross_margin": 0.40490691834911213,
      "op_margin": 0.20041076264839078,
      "fcf_margin": 0.12415704028558842,
      "incr_op_margin_yoy": 0.6029723580384373,
      "rev_growth_yoy": 0.7561459507738261,
      "rev_growth_yoy_accel": -0.08015173950007759,
      "op_leverage_ratio": 3.7147122406805506,
      "fcf_margin_change": 0.05868277318048366
    },
    {
      "date": "2023-03-31T00:00:00",
      "quarter_label": "2023-03 (Q1)",
      "revenue": 769222000,
      "gross_profit": 320112000,
      "operating_income": 175205000,
      "net_income": 164040000,
      "opex": 594017000,
      "cogs": 449110000,
      "rd": null,
      "sga": 52855000,
      "fcf": 55427000,
      "ocf": 140879000,
      "capex": -85452000,
      "gross_margin": 0.4161503441139229,
      "op_margin": 0.22776909656770086,
      "fcf_margin": 0.07205592143750439,
      "incr_op_margin_yoy": 0.6558541234977207,
      "rev_growth_yoy": 0.6450533258339981,
      "rev_growth_yoy_accel": -0.11109262493982797,
      "op_leverage_ratio": 2.1312493863398134,
      "fcf_margin_change": -0.052101118848084035
    },
    {
      "date": "2023-06-30T00:00:00",
      "quarter_label": "2023-06 (Q2)",
      "revenue": 723956000,
      "gross_profit": 294774000,
      "operating_income": 148742000,
      "net_income": 95293000,
      "opex": 575214000,
      "cogs": 429182000,
      "rd": null,
      "sga": 49271000,
      "fcf": 192435000,
      "ocf": 292746000,
      "capex": -100311000,
      "gross_margin": 0.40717115404803605,
      "op_margin": 0.20545723773267988,
      "fcf_margin": 0.2658103531153827,
      "incr_op_margin_yoy": 0.6620884972053211,
      "rev_growth_yoy": 0.3157262468808668,
      "rev_growth_yoy_accel": -0.3293270789531313,
      "fcf_margin_change": 0.1937544316778783
    },
    {
      "date": "2023-09-30T00:00:00",
      "quarter_label": "2023-09 (Q3)",
      "revenue": 659606000,
      "gross_profit": 251051000,
      "operating_income": 93719000,
      "net_income": 77622000,
      "opex": 565887000,
      "cogs": 408555000,
      "rd": null,
      "sga": 56076000,
      "fcf": 101012000,
      "ocf": 214682000,
      "capex": -113670000,
      "gross_margin": 0.38060751418270905,
      "op_margin": 0.1420833042755827,
      "fcf_margin": 0.15313990473100608,
      "incr_op_margin_yoy": 0.5984650208672279,
      "rev_growth_yoy": 0.04478467747555961,
      "rev_growth_yoy_accel": -0.2709415694053072,
      "fcf_margin_change": -0.11267044838437662
    },
    {
      "date": "2023-12-31T00:00:00",
      "quarter_label": "2023-12 (Q4)",
      "revenue": 677147000,
      "gross_profit": 273844000,
      "operating_income": 123468000,
      "net_income": 95173000,
      "opex": 553679000,
      "cogs": 403303000,
      "rd": null,
      "sga": 56577000,
      "fcf": 38387000,
      "ocf": 174798000,
      "capex": -136411000,
      "gross_margin": 0.40440849623493863,
      "op_margin": 0.1823355933054418,
      "fcf_margin": 0.056689315613891816,
      "incr_op_margin_yoy": 0.48846787479406917,
      "rev_growth_yoy": -0.05904365673249152,
      "rev_growth_yoy_accel": -0.10382833420805113,
      "op_leverage_ratio": Infinity,
      "fcf_margin_change": -0.09645058911711427
    },
    {
      "date": "2024-03-31T00:00:00",
      "quarter_label": "2024-03 (Q1)",
      "revenue": 687943000,
      "gross_profit": 286092000,
      "operating_income": 110572000,
      "net_income": 84831000,
      "opex": 577371000,
      "cogs": 401851000,
      "rd": null,
      "sga": 62037000,
      "fcf": 25419000,
      "ocf": 143719000,
      "capex": -118300000,
      "gross_margin": 0.415865849350891,
      "op_margin": 0.16072843244280413,
      "fcf_margin": 0.036949282135293186,
      "incr_op_margin_yoy": 0.7951992519593006,
      "rev_growth_yoy": -0.10566390456851209,
      "rev_growth_yoy_accel": -0.04662024783602057,
      "op_leverage_ratio": 0.3725943328834396,
      "fcf_margin_change": -0.01974003347859863
    },
    {
      "date": "2024-06-30T00:00:00",
      "quarter_label": "2024-06 (Q2)",
      "revenue": 697724000,
      "gross_profit": 280696000,
      "operating_income": 111313000,
      "net_income": 88685000,
      "opex": 586411000,
      "cogs": 417028000,
      "rd": null,
      "sga": 66870000,
      "fcf": 63006000,
      "ocf": 197390000,
      "capex": -134384000,
      "gross_margin": 0.40230234304682083,
      "op_margin": 0.1595372955495296,
      "fcf_margin": 0.09030218252489523,
      "incr_op_margin_yoy": 1.4268450747179018,
      "rev_growth_yoy": -0.03623424628016067,
      "rev_growth_yoy_accel": 0.06942965828835142,
      "op_leverage_ratio": 0.9080658409598377,
      "fcf_margin_change": 0.05335290038960205
    },
    {
      "date": "2024-09-30T00:00:00",
      "quarter_label": "2024-09 (Q3)",
      "revenue": 693793000,
      "gross_profit": 285750000,
      "operating_income": 106546000,
      "net_income": 75476000,
      "opex": 587247000,
      "cogs": 408043000,
      "rd": null,
      "sga": 59393000,
      "fcf": 62779000,
      "ocf": 168756000,
      "capex": -105977000,
      "gross_margin": 0.41186636359836437,
      "op_margin": 0.15357030122817614,
      "fcf_margin": 0.09048664371073216,
      "incr_op_margin_yoy": 0.37520109983326994,
      "rev_growth_yoy": 0.0518294254448868,
      "rev_growth_yoy_accel": 0.08806367172504748,
      "fcf_margin_change": 0.00018446118583692606
    },
    {
      "date": "2024-12-31T00:00:00",
      "quarter_label": "2024-12 (Q4)",
      "revenue": 677302000,
      "gross_profit": 265445000,
      "operating_income": 89983000,
      "net_income": 54772000,
      "opex": 587319000,
      "cogs": 411857000,
      "rd": null,
      "sga": 63062000,
      "fcf": 51873000,
      "ocf": 158358000,
      "capex": -106485000,
      "gross_margin": 0.39191527560822204,
      "op_margin": 0.13285506317713516,
      "fcf_margin": 0.07658769647808511,
      "rev_growth_yoy": 0.00022890155313395763,
      "rev_growth_yoy_accel": -0.05160052389175284,
      "fcf_margin_change": -0.01389894723264705
    },
    {
      "date": "2025-03-31T00:00:00",
      "quarter_label": "2025-03 (Q1)",
      "revenue": 1016039000,
      "gross_profit": 314382000,
      "operating_income": 42163000,
      "net_income": 1654000,
      "opex": 973876000,
      "cogs": 701657000,
      "rd": null,
      "sga": 80802000,
      "fcf": -102703000,
      "ocf": 56046000,
      "capex": -158749000,
      "gross_margin": 0.30941922504943215,
      "op_margin": 0.041497422835147076,
      "fcf_margin": -0.10108174981472168,
      "incr_op_margin_yoy": -0.20850299912220813,
      "rev_growth_yoy": 0.47692323346556326,
      "rev_growth_yoy_accel": 0.4766943319124293,
      "op_leverage_ratio": 0.7598726047247024,
      "fcf_margin_change": -0.1776694462928068
    },
    {
      "date": "2025-06-30T00:00:00",
      "quarter_label": "2025-06 (Q2)",
      "revenue": 1040924000,
      "gross_profit": 336700000,
      "operating_income": -128269000,
      "net_income": -162758000,
      "opex": 1169193000,
      "cogs": 704224000,
      "rd": null,
      "sga": 65506000,
      "fcf": 24598000,
      "ocf": 121596000,
      "capex": -96998000,
      "gross_margin": 0.3234626159066368,
      "op_margin": -0.12322609527688862,
      "fcf_margin": 0.02363092790636012,
      "incr_op_margin_yoy": -0.6980827505827506,
      "rev_growth_yoy": 0.49188504336958455,
      "rev_growth_yoy_accel": 0.014961809904021295,
      "op_leverage_ratio": 0.1221211498883731,
      "fcf_margin_change": 0.1247126777210818
    },
    {
      "date": "2025-09-30T00:00:00",
      "quarter_label": "2025-09 (Q3)",
      "revenue": 1011748000,
      "gross_profit": 317137000,
      "operating_income": -1462000,
      "net_income": -57363000,
      "opex": 1013210000,
      "cogs": 694611000,
      "rd": null,
      "sga": 77645000,
      "fcf": 142809000,
      "ocf": 206950000,
      "capex": -64141000,
      "gross_margin": 0.3134545361097823,
      "op_margin": -0.001445023859696288,
      "fcf_margin": 0.14115076086140027,
      "incr_op_margin_yoy": -0.33969586891226744,
      "rev_growth_yoy": 0.45828510809420103,
      "rev_growth_yoy_accel": -0.03359993527538352,
      "fcf_margin_change": 0.11751983295504015
    }
  ],
  "signals": [
    {
      "quarter": "2025-09 (Q3)",
      "signal": "FCF MARGIN EXPANSION",
      "detail": "FCF margin: +2.4% -> +14.1% (+11.8%)",
      "severity": "MEDIUM"
    },
    {
      "quarter": "2025-06 (Q2)",
      "signal": "FCF TURNED POSITIVE",
      "detail": "FCF margin: -10.1% -> +2.4%",
      "severity": "HIGH"
    },
    {
      "quarter": "2025-03 (Q1)",
      "signal": "YoY REVENUE GROWTH ACCELERATION",
      "detail": "YoY growth: +47.7% vs prior quarter YoY: +0.0% (accel: +47.7%)",
      "severity": "HIGH"
    },
    {
      "quarter": "2024-12 (Q4)",
      "signal": "YoY REVENUE GROWTH DECELERATION",
      "detail": "YoY growth: +0.0% vs prior quarter YoY: +5.2% (decel: -5.2%)",
      "severity": "WARNING"
    },
    {
      "quarter": "2024-09 (Q3)",
      "signal": "YoY REVENUE GROWTH ACCELERATION",
      "detail": "YoY growth: +5.2% vs prior quarter YoY: -3.6% (accel: +8.8%)",
      "severity": "MEDIUM"
    },
    {
      "quarter": "2024-09 (Q3)",
      "signal": "INCREMENTAL MARGIN (YoY)",
      "detail": "YoY Incr OPM: +37.5% vs year-ago OPM: +14.2%",
      "severity": "HIGH"
    },
    {
      "quarter": "2024-06 (Q2)",
      "signal": "FCF MARGIN EXPANSION",
      "detail": "FCF margin: +3.7% -> +9.0% (+5.3%)",
      "severity": "MEDIUM"
    },
    {
      "quarter": "2024-06 (Q2)",
      "signal": "YoY REVENUE GROWTH ACCELERATION",
      "detail": "YoY growth: -3.6% vs prior quarter YoY: -10.6% (accel: +6.9%)",
      "severity": "MEDIUM"
    },
    {
      "quarter": "2024-06 (Q2)",
      "signal": "INCREMENTAL MARGIN (YoY)",
      "detail": "YoY Incr OPM: +142.7% vs year-ago OPM: +20.5%",
      "severity": "HIGH"
    },
    {
      "quarter": "2024-03 (Q1)",
      "signal": "INCREMENTAL MARGIN (YoY)",
      "detail": "YoY Incr OPM: +79.5% vs year-ago OPM: +22.8%",
      "severity": "HIGH"
    },
    {
      "quarter": "2023-12 (Q4)",
      "signal": "GROSS MARGIN INFLECTION",
      "detail": "GM: +40.7% -> +38.1% -> +40.4% (reversal +2.4%)",
      "severity": "MEDIUM"
    },
    {
      "quarter": "2023-12 (Q4)",
      "signal": "YoY REVENUE GROWTH DECELERATION",
      "detail": "YoY growth: -5.9% vs prior quarter YoY: +4.5% (decel: -10.4%)",
      "severity": "WARNING"
    },
    {
      "quarter": "2023-12 (Q4)",
      "signal": "INCREMENTAL MARGIN (YoY)",
      "detail": "YoY Incr OPM: +48.8% vs year-ago OPM: +20.0%",
      "severity": "HIGH"
    },
    {
      "quarter": "2023-09 (Q3)",
      "signal": "YoY REVENUE GROWTH DECELERATION",
      "detail": "YoY growth: +4.5% vs prior quarter YoY: +31.6% (decel: -27.1%)",
      "severity": "WARNING"
    },
    {
      "quarter": "2023-09 (Q3)",
      "signal": "INCREMENTAL MARGIN (YoY)",
      "detail": "YoY Incr OPM: +59.8% vs year-ago OPM: +12.2%",
      "severity": "HIGH"
    },
    {
      "quarter": "2023-06 (Q2)",
      "signal": "FCF MARGIN EXPANSION",
      "detail": "FCF margin: +7.2% -> +26.6% (+19.4%)",
      "severity": "MEDIUM"
    },
    {
      "quarter": "2023-06 (Q2)",
      "signal": "YoY REVENUE GROWTH DECELERATION",
      "detail": "YoY growth: +31.6% vs prior quarter YoY: +64.5% (decel: -32.9%)",
      "severity": "WARNING"
    },
    {
      "quarter": "2023-06 (Q2)",
      "signal": "INCREMENTAL MARGIN (YoY)",
      "detail": "YoY Incr OPM: +66.2% vs year-ago OPM: +6.1%",
      "severity": "HIGH"
    },
    {
      "quarter": "2023-03 (Q1)",
      "signal": "OPERATING LEVERAGE",
      "detail": "Rev growth +6.9% vs OpEx growth +3.2% (leverage: 2.1x)",
      "severity": "MEDIUM"
    },
    {
      "quarter": "2023-03 (Q1)",
      "signal": "YoY REVENUE GROWTH DECELERATION",
      "detail": "YoY growth: +64.5% vs prior quarter YoY: +75.6% (decel: -11.1%)",
      "severity": "WARNING"
    },
    {
      "quarter": "2023-03 (Q1)",
      "signal": "OP MARGIN TURNED POSITIVE (YoY)",
      "detail": "Op margin: -4.8% (year-ago) -> +22.8%",
      "severity": "HIGH"
    },
    {
      "quarter": "2022-12 (Q4)",
      "signal": "FCF MARGIN EXPANSION",
      "detail": "FCF margin: +6.5% -> +12.4% (+5.9%)",
      "severity": "MEDIUM"
    },
    {
      "quarter": "2022-12 (Q4)",
      "signal": "OPERATING LEVERAGE",
      "detail": "Rev growth +14.0% vs OpEx growth +3.8% (leverage: 3.7x)",
      "severity": "MEDIUM"
    },
    {
      "quarter": "2022-12 (Q4)",
      "signal": "YoY REVENUE GROWTH DECELERATION",
      "detail": "YoY growth: +75.6% vs prior quarter YoY: +83.6% (decel: -8.0%)",
      "severity": "WARNING"
    },
    {
      "quarter": "2022-12 (Q4)",
      "signal": "OP MARGIN TURNED POSITIVE (YoY)",
      "detail": "Op margin: -10.4% (year-ago) -> +20.0%",
      "severity": "HIGH"
    },
    {
      "quarter": "2022-09 (Q3)",
      "signal": "OPERATING LEVERAGE",
      "detail": "Rev growth +14.7% vs OpEx growth +7.4% (leverage: 2.0x)",
      "severity": "MEDIUM"
    },
    {
      "quarter": "2022-09 (Q3)",
      "signal": "YoY REVENUE GROWTH ACCELERATION",
      "detail": "YoY growth: +83.6% vs prior quarter YoY: +65.6% (accel: +18.0%)",
      "severity": "HIGH"
    },
    {
      "quarter": "2022-09 (Q3)",
      "signal": "OP MARGIN TURNED POSITIVE (YoY)",
      "detail": "Op margin: -28.2% (year-ago) -> +12.2%",
      "severity": "HIGH"
    },
    {
      "quarter": "2022-06 (Q2)",
      "signal": "FCF TURNED POSITIVE",
      "detail": "FCF margin: -8.1% -> +5.0%",
      "severity": "HIGH"
    },
    {
      "quarter": "2022-06 (Q2)",
      "signal": "OPERATING LEVERAGE",
      "detail": "Rev growth +17.7% vs OpEx growth +5.4% (leverage: 3.3x)",
      "severity": "MEDIUM"
    },
    {
      "quarter": "2022-06 (Q2)",
      "signal": "YoY REVENUE GROWTH ACCELERATION",
      "detail": "YoY growth: +65.6% vs prior quarter YoY: +57.9% (accel: +7.7%)",
      "severity": "MEDIUM"
    },
    {
      "quarter": "2022-06 (Q2)",
      "signal": "OP MARGIN TURNED POSITIVE (YoY)",
      "detail": "Op margin: -23.3% (year-ago) -> +6.1%",
      "severity": "HIGH"
    },
    {
      "quarter": "2022-06 (Q2)",
      "signal": "OP MARGIN TURNED POSITIVE (QoQ)",
      "detail": "Op margin: -4.8% -> +6.1%",
      "severity": "HIGH"
    },
    {
      "quarter": "2022-03 (Q1)",
      "signal": "OPERATING LEVERAGE",
      "detail": "Rev growth +14.1% vs OpEx growth +8.4% (leverage: 1.7x)",
      "severity": "MEDIUM"
    },
    {
      "quarter": "2022-03 (Q1)",
      "signal": "YoY REVENUE GROWTH DECELERATION",
      "detail": "YoY growth: +57.9% vs prior quarter YoY: +66.3% (decel: -8.4%)",
      "severity": "WARNING"
    },
    {
      "quarter": "2021-12 (Q4)",
      "signal": "OPERATING LEVERAGE",
      "detail": "Rev growth +19.2% vs OpEx growth +2.6% (leverage: 7.3x)",
      "severity": "MEDIUM"
    },
    {
      "quarter": "2021-12 (Q4)",
      "signal": "GROSS MARGIN INFLECTION",
      "detail": "GM: +23.1% -> +22.0% -> +26.9% (reversal +4.9%)",
      "severity": "MEDIUM"
    },
    {
      "quarter": "2021-03 (Q1)",
      "signal": "FCF TURNED POSITIVE",
      "detail": "FCF margin: -13.6% -> +20.8%",
      "severity": "HIGH"
    }
  ],
  "data_quality": {
    "n_quarters": 20,
    "coverage": {
      "revenue": [
        20,
        20
      ],
      "gross_profit": [
        20,
        20
      ],
      "op_income": [
        20,
        20
      ],
      "fcf": [
        20,
        20
      ]
    },
    "gaps": [],
    "warnings": []
  },
  "market_cap": null,
  "source": "SEC EDGAR",
  "last_updated": "2026-02-02T21:19:27.951633"
}