{
  "ticker": "HPQ",
  "name": "HP Inc.",
  "quarters": [
    {
      "date": "2021-01-31T00:00:00",
      "quarter_label": "2021-01 (Q1)",
      "revenue": 15646000000,
      "gross_profit": 3324000000,
      "operating_income": 1321000000,
      "net_income": 1068000000,
      "opex": 14325000000,
      "cogs": 12322000000,
      "rd": 471000000,
      "sga": 1376000000,
      "fcf": 1022000000,
      "ocf": 1022000000,
      "capex": null,
      "gross_margin": 0.212450466572926,
      "op_margin": 0.08443052537389749,
      "fcf_margin": 0.0653202096382462
    },
    {
      "date": "2021-04-30T00:00:00",
      "quarter_label": "2021-04 (Q2)",
      "revenue": 15877000000,
      "gross_profit": 3440000000,
      "operating_income": 1362000000,
      "net_income": 1228000000,
      "opex": 14515000000,
      "cogs": 12437000000,
      "rd": 514000000,
      "sga": 1483000000,
      "fcf": 1446000000,
      "ocf": 1446000000,
      "capex": null,
      "gross_margin": 0.21666561693015055,
      "op_margin": 0.08578446809850727,
      "fcf_margin": 0.0910751401398249,
      "op_leverage_ratio": 1.1131397296769983,
      "fcf_margin_change": 0.025754930501578704
    },
    {
      "date": "2021-07-31T00:00:00",
      "quarter_label": "2021-07 (Q3)",
      "revenue": 15289000000,
      "gross_profit": 3388000000,
      "operating_income": 1381000000,
      "net_income": 1108000000,
      "opex": 13908000000,
      "cogs": 11901000000,
      "rd": 477000000,
      "sga": 1408000000,
      "fcf": 1093000000,
      "ocf": 1093000000,
      "capex": null,
      "gross_margin": 0.22159722676434038,
      "op_margin": 0.09032637844201713,
      "fcf_margin": 0.07148930603702008,
      "fcf_margin_change": -0.019585834102804817
    },
    {
      "date": "2021-10-31T00:00:00",
      "quarter_label": "2021-10 (Q4)",
      "revenue": 16675000000,
      "gross_profit": 3265000000,
      "operating_income": 1238000000,
      "net_income": 3099000000,
      "opex": 15437000000,
      "cogs": 13410000000,
      "rd": 445000000,
      "sga": 1474000000,
      "fcf": 2848000000,
      "ocf": 2848000000,
      "capex": null,
      "gross_margin": 0.19580209895052475,
      "op_margin": 0.07424287856071964,
      "fcf_margin": 0.17079460269865068,
      "op_leverage_ratio": 0.8245962324914089,
      "fcf_margin_change": 0.0993052966616306
    },
    {
      "date": "2022-01-31T00:00:00",
      "quarter_label": "2022-01 (Q1)",
      "revenue": 17028000000,
      "gross_profit": 3385000000,
      "operating_income": 1359000000,
      "net_income": 1086000000,
      "opex": 15669000000,
      "cogs": 13643000000,
      "rd": 418000000,
      "sga": 1468000000,
      "fcf": 1657000000,
      "ocf": 1657000000,
      "capex": null,
      "gross_margin": 0.1987902278599953,
      "op_margin": 0.07980972515856237,
      "fcf_margin": 0.0973103124265915,
      "incr_op_margin_yoy": 0.027496382054992764,
      "rev_growth_yoy": 0.08832928544036815,
      "op_leverage_ratio": 1.408587344258905,
      "fcf_margin_change": -0.07348429027205919
    },
    {
      "date": "2022-04-30T00:00:00",
      "quarter_label": "2022-04 (Q2)",
      "revenue": 16490000000,
      "gross_profit": 3333000000,
      "operating_income": 1278000000,
      "net_income": 1000000000,
      "opex": 15212000000,
      "cogs": 13157000000,
      "rd": 425000000,
      "sga": 1464000000,
      "fcf": 508000000,
      "ocf": 508000000,
      "capex": null,
      "gross_margin": 0.20212249848392966,
      "op_margin": 0.07750151607034567,
      "fcf_margin": 0.03080654942389327,
      "incr_op_margin_yoy": -0.1370309951060359,
      "rev_growth_yoy": 0.03860930906342508,
      "rev_growth_yoy_accel": -0.04971997637694307,
      "fcf_margin_change": -0.06650376300269822
    },
    {
      "date": "2022-07-31T00:00:00",
      "quarter_label": "2022-07 (Q3)",
      "revenue": 14664000000,
      "gross_profit": 2900000000,
      "operating_income": 1272000000,
      "net_income": 1119000000,
      "opex": 13392000000,
      "cogs": 11764000000,
      "rd": 368000000,
      "sga": 1143000000,
      "fcf": 394000000,
      "ocf": 394000000,
      "capex": null,
      "gross_margin": 0.1977632296781233,
      "op_margin": 0.0867430441898527,
      "fcf_margin": 0.026868521549372613,
      "incr_op_margin_yoy": 0.1744,
      "rev_growth_yoy": -0.04087906337889986,
      "rev_growth_yoy_accel": -0.07948837244232494,
      "fcf_margin_change": -0.0039380278745206575
    },
    {
      "date": "2022-10-31T00:00:00",
      "quarter_label": "2022-10 (Q4)",
      "revenue": 14801000000,
      "gross_profit": 2717000000,
      "operating_income": 767000000,
      "net_income": -2000000,
      "opex": 14034000000,
      "cogs": 12084000000,
      "rd": 382000000,
      "sga": 1189000000,
      "fcf": 1904000000,
      "ocf": 1904000000,
      "capex": null,
      "gross_margin": 0.18356867779204109,
      "op_margin": 0.051820822917370446,
      "fcf_margin": 0.1286399567596784,
      "incr_op_margin_yoy": 0.2513340448239061,
      "rev_growth_yoy": -0.11238380809595203,
      "rev_growth_yoy_accel": -0.07150474471705216,
      "fcf_margin_change": 0.1017714352103058
    },
    {
      "date": "2023-01-31T00:00:00",
      "quarter_label": "2023-01 (Q1)",
      "revenue": 13828000000,
      "gross_profit": 2787000000,
      "operating_income": 765000000,
      "net_income": 487000000,
      "opex": 13063000000,
      "cogs": 11019000000,
      "rd": 403000000,
      "sga": 1331000000,
      "fcf": -16000000,
      "ocf": -16000000,
      "capex": null,
      "gross_margin": 0.20154758461093433,
      "op_margin": 0.05532253398900781,
      "fcf_margin": -0.0011570726063060456,
      "incr_op_margin_yoy": 0.185625,
      "rev_growth_yoy": -0.18792576932111815,
      "rev_growth_yoy_accel": -0.07554196122516613,
      "fcf_margin_change": -0.12979702936598445
    },
    {
      "date": "2023-04-30T00:00:00",
      "quarter_label": "2023-04 (Q2)",
      "revenue": 12913000000,
      "gross_profit": 2914000000,
      "operating_income": 762000000,
      "net_income": 1066000000,
      "opex": 12151000000,
      "cogs": 9984000000,
      "rd": 410000000,
      "sga": 1398000000,
      "fcf": 636000000,
      "ocf": 636000000,
      "capex": null,
      "gross_margin": 0.22566405947494772,
      "op_margin": 0.05901029969797878,
      "fcf_margin": 0.049252691086501973,
      "incr_op_margin_yoy": 0.14425496225887616,
      "rev_growth_yoy": -0.21691934505761068,
      "rev_growth_yoy_accel": -0.028993575736492527,
      "fcf_margin_change": 0.050409763692808016
    },
    {
      "date": "2023-07-31T00:00:00",
      "quarter_label": "2023-07 (Q3)",
      "revenue": 13196000000,
      "gross_profit": 2822000000,
      "operating_income": 952000000,
      "net_income": 766000000,
      "opex": 12244000000,
      "cogs": 10374000000,
      "rd": 354000000,
      "sga": 1302000000,
      "fcf": 976000000,
      "ocf": 976000000,
      "capex": null,
      "gross_margin": 0.21385268263110033,
      "op_margin": 0.07214307365868446,
      "fcf_margin": 0.07396180660806305,
      "incr_op_margin_yoy": 0.21798365122615804,
      "rev_growth_yoy": -0.10010911074740862,
      "rev_growth_yoy_accel": 0.11681023431020206,
      "op_leverage_ratio": 2.863441776187871,
      "fcf_margin_change": 0.024709115521561076
    },
    {
      "date": "2023-10-31T00:00:00",
      "quarter_label": "2023-10 (Q4)",
      "revenue": 13817000000,
      "gross_profit": 2985000000,
      "operating_income": 1014000000,
      "net_income": 974000000,
      "opex": 12803000000,
      "cogs": 10832000000,
      "rd": 411000000,
      "sga": 1326000000,
      "fcf": 1975000000,
      "ocf": 1975000000,
      "capex": null,
      "gross_margin": 0.21603821379460086,
      "op_margin": 0.07338785554027646,
      "fcf_margin": 0.14293985669827025,
      "incr_op_margin_yoy": -0.25101626016260165,
      "rev_growth_yoy": -0.0664819944598338,
      "rev_growth_yoy_accel": 0.033627116287574824,
      "op_leverage_ratio": 1.0307677124471502,
      "fcf_margin_change": 0.0689780500902072
    },
    {
      "date": "2024-01-31T00:00:00",
      "quarter_label": "2024-01 (Q1)",
      "revenue": 13185000000,
      "gross_profit": 2888000000,
      "operating_income": 935000000,
      "net_income": 622000000,
      "opex": 1953000000,
      "cogs": 10297000000,
      "rd": 399000000,
      "sga": 1383000000,
      "fcf": 121000000,
      "ocf": 121000000,
      "capex": null,
      "gross_margin": 0.21903678422449754,
      "op_margin": 0.07091391733029959,
      "fcf_margin": 0.009177095183921123,
      "incr_op_margin_yoy": -0.2643856920684292,
      "rev_growth_yoy": -0.046499855365924214,
      "rev_growth_yoy_accel": 0.019982139093909584,
      "fcf_margin_change": -0.13376276151434913
    },
    {
      "date": "2024-04-30T00:00:00",
      "quarter_label": "2024-04 (Q2)",
      "revenue": 12800000000,
      "gross_profit": 3023000000,
      "operating_income": 952000000,
      "net_income": 607000000,
      "opex": 2071000000,
      "cogs": 9777000000,
      "rd": 436000000,
      "sga": 1462000000,
      "fcf": 581000000,
      "ocf": 581000000,
      "capex": null,
      "gross_margin": 0.236171875,
      "op_margin": 0.074375,
      "fcf_margin": 0.045390625,
      "incr_op_margin_yoy": -1.6814159292035398,
      "rev_growth_yoy": -0.008750871215054596,
      "rev_growth_yoy_accel": 0.03774898415086962,
      "fcf_margin_change": 0.03621352981607887
    },
    {
      "date": "2024-07-31T00:00:00",
      "quarter_label": "2024-07 (Q3)",
      "revenue": 13519000000,
      "gross_profit": 2906000000,
      "operating_income": 940000000,
      "net_income": 640000000,
      "opex": 1966000000,
      "cogs": 10613000000,
      "rd": 413000000,
      "sga": 1404000000,
      "fcf": 1424000000,
      "ocf": 1424000000,
      "capex": null,
      "gross_margin": 0.21495672756860715,
      "op_margin": 0.06953177010133886,
      "fcf_margin": 0.10533323470670908,
      "incr_op_margin_yoy": -0.03715170278637771,
      "rev_growth_yoy": 0.024477114277053652,
      "rev_growth_yoy_accel": 0.033227985492108245,
      "op_leverage_ratio": Infinity,
      "fcf_margin_change": 0.05994260970670908
    },
    {
      "date": "2024-10-31T00:00:00",
      "quarter_label": "2024-10 (Q4)",
      "revenue": 14055000000,
      "gross_profit": 3001000000,
      "operating_income": 991000000,
      "net_income": 906000000,
      "opex": 2010000000,
      "cogs": 11054000000,
      "rd": 392000000,
      "sga": 1409000000,
      "fcf": 1623000000,
      "ocf": 1623000000,
      "capex": null,
      "gross_margin": 0.2135183208822483,
      "op_margin": 0.07050871575951619,
      "fcf_margin": 0.11547491995731056,
      "incr_op_margin_yoy": -0.09663865546218488,
      "rev_growth_yoy": 0.017225157414778897,
      "rev_growth_yoy_accel": -0.0072519568622747554,
      "op_leverage_ratio": 1.7715403909649048,
      "fcf_margin_change": 0.010141685250601482
    },
    {
      "date": "2025-01-31T00:00:00",
      "quarter_label": "2025-01 (Q1)",
      "revenue": 13504000000,
      "gross_profit": 2840000000,
      "operating_income": 845000000,
      "net_income": 565000000,
      "opex": 1995000000,
      "cogs": 10664000000,
      "rd": 397000000,
      "sga": 1459000000,
      "fcf": 374000000,
      "ocf": 374000000,
      "capex": null,
      "gross_margin": 0.2103080568720379,
      "op_margin": 0.06257405213270142,
      "fcf_margin": 0.027695497630331755,
      "incr_op_margin_yoy": -0.28213166144200624,
      "rev_growth_yoy": 0.024194160030337506,
      "rev_growth_yoy_accel": 0.0069690026155586095,
      "fcf_margin_change": -0.0877794223269788
    },
    {
      "date": "2025-04-30T00:00:00",
      "quarter_label": "2025-04 (Q2)",
      "revenue": 13220000000,
      "gross_profit": 2739000000,
      "operating_income": 654000000,
      "net_income": 406000000,
      "opex": 2085000000,
      "cogs": 10481000000,
      "rd": 401000000,
      "sga": 1480000000,
      "fcf": 38000000,
      "ocf": 38000000,
      "capex": null,
      "gross_margin": 0.20718608169440242,
      "op_margin": 0.049470499243570346,
      "fcf_margin": 0.002874432677760968,
      "incr_op_margin_yoy": -0.7095238095238096,
      "rev_growth_yoy": 0.0328125,
      "rev_growth_yoy_accel": 0.008618339969662495,
      "fcf_margin_change": -0.024821064952570786
    },
    {
      "date": "2025-07-31T00:00:00",
      "quarter_label": "2025-07 (Q3)",
      "revenue": 13932000000,
      "gross_profit": 2851000000,
      "operating_income": 716000000,
      "net_income": 763000000,
      "opex": 2135000000,
      "cogs": 11081000000,
      "rd": 406000000,
      "sga": 1452000000,
      "fcf": 1661000000,
      "ocf": 1661000000,
      "capex": null,
      "gross_margin": 0.20463680734998566,
      "op_margin": 0.0513924777490669,
      "fcf_margin": 0.11922193511340798,
      "incr_op_margin_yoy": -0.5423728813559322,
      "rev_growth_yoy": 0.03054959686367335,
      "rev_growth_yoy_accel": -0.0022629031363266515,
      "op_leverage_ratio": 2.2458698940998487,
      "fcf_margin_change": 0.11634750243564701
    },
    {
      "date": "2025-10-31T00:00:00",
      "quarter_label": "2025-10 (Q4)",
      "revenue": 14639000000,
      "gross_profit": 2962000000,
      "operating_income": 959000000,
      "net_income": 795000000,
      "opex": 2003000000,
      "cogs": 11677000000,
      "rd": 398000000,
      "sga": 1430000000,
      "fcf": 1624000000,
      "ocf": 1624000000,
      "capex": null,
      "gross_margin": 0.20233622515199126,
      "op_margin": 0.0655099392034975,
      "fcf_margin": 0.11093653938110527,
      "incr_op_margin_yoy": -0.0547945205479452,
      "rev_growth_yoy": 0.04155104944859481,
      "rev_growth_yoy_accel": 0.011001452584921457,
      "op_leverage_ratio": Infinity,
      "fcf_margin_change": -0.008285395732302706
    }
  ],
  "signals": [
    {
      "quarter": "2025-07 (Q3)",
      "signal": "FCF MARGIN EXPANSION",
      "detail": "FCF margin: +0.3% -> +11.9% (+11.6%)",
      "severity": "MEDIUM"
    },
    {
      "quarter": "2025-07 (Q3)",
      "signal": "OPERATING LEVERAGE",
      "detail": "Rev growth +5.4% vs OpEx growth +2.4% (leverage: 2.2x)",
      "severity": "MEDIUM"
    },
    {
      "quarter": "2024-10 (Q4)",
      "signal": "OPERATING LEVERAGE",
      "detail": "Rev growth +4.0% vs OpEx growth +2.2% (leverage: 1.8x)",
      "severity": "MEDIUM"
    },
    {
      "quarter": "2024-07 (Q3)",
      "signal": "FCF MARGIN EXPANSION",
      "detail": "FCF margin: +4.5% -> +10.5% (+6.0%)",
      "severity": "MEDIUM"
    },
    {
      "quarter": "2023-10 (Q4)",
      "signal": "FCF MARGIN EXPANSION",
      "detail": "FCF margin: +7.4% -> +14.3% (+6.9%)",
      "severity": "MEDIUM"
    },
    {
      "quarter": "2023-07 (Q3)",
      "signal": "OPERATING LEVERAGE",
      "detail": "Rev growth +2.2% vs OpEx growth +0.8% (leverage: 2.9x)",
      "severity": "MEDIUM"
    },
    {
      "quarter": "2023-07 (Q3)",
      "signal": "YoY REVENUE GROWTH ACCELERATION",
      "detail": "YoY growth: -10.0% vs prior quarter YoY: -21.7% (accel: +11.7%)",
      "severity": "MEDIUM"
    },
    {
      "quarter": "2023-07 (Q3)",
      "signal": "INCREMENTAL MARGIN (YoY)",
      "detail": "YoY Incr OPM: +21.8% vs year-ago OPM: +8.7%",
      "severity": "MEDIUM"
    },
    {
      "quarter": "2023-04 (Q2)",
      "signal": "FCF TURNED POSITIVE",
      "detail": "FCF margin: -0.1% -> +4.9%",
      "severity": "HIGH"
    },
    {
      "quarter": "2023-01 (Q1)",
      "signal": "YoY REVENUE GROWTH DECELERATION",
      "detail": "YoY growth: -18.8% vs prior quarter YoY: -11.2% (decel: -7.6%)",
      "severity": "WARNING"
    },
    {
      "quarter": "2023-01 (Q1)",
      "signal": "INCREMENTAL MARGIN (YoY)",
      "detail": "YoY Incr OPM: +18.6% vs year-ago OPM: +8.0%",
      "severity": "MEDIUM"
    },
    {
      "quarter": "2022-10 (Q4)",
      "signal": "FCF MARGIN EXPANSION",
      "detail": "FCF margin: +2.7% -> +12.9% (+10.2%)",
      "severity": "MEDIUM"
    },
    {
      "quarter": "2022-10 (Q4)",
      "signal": "YoY REVENUE GROWTH DECELERATION",
      "detail": "YoY growth: -11.2% vs prior quarter YoY: -4.1% (decel: -7.2%)",
      "severity": "WARNING"
    },
    {
      "quarter": "2022-10 (Q4)",
      "signal": "INCREMENTAL MARGIN (YoY)",
      "detail": "YoY Incr OPM: +25.1% vs year-ago OPM: +7.4%",
      "severity": "MEDIUM"
    },
    {
      "quarter": "2022-07 (Q3)",
      "signal": "YoY REVENUE GROWTH DECELERATION",
      "detail": "YoY growth: -4.1% vs prior quarter YoY: +3.9% (decel: -7.9%)",
      "severity": "WARNING"
    },
    {
      "quarter": "2021-10 (Q4)",
      "signal": "FCF MARGIN EXPANSION",
      "detail": "FCF margin: +7.1% -> +17.1% (+9.9%)",
      "severity": "MEDIUM"
    }
  ],
  "data_quality": {
    "n_quarters": 20,
    "coverage": {
      "revenue": [
        20,
        20
      ],
      "gross_profit": [
        20,
        20
      ],
      "op_income": [
        20,
        20
      ],
      "fcf": [
        20,
        20
      ]
    },
    "gaps": [],
    "warnings": []
  },
  "market_cap": null,
  "source": "SEC EDGAR",
  "last_updated": "2026-02-02T20:20:54.076867"
}