{
  "ticker": "HQY",
  "name": "HEALTHEQUITY, INC.",
  "quarters": [
    {
      "date": "2021-01-31T00:00:00",
      "quarter_label": "2021-01 (Q1)",
      "revenue": 188169000,
      "gross_profit": 100918000,
      "operating_income": -1587000,
      "net_income": 5367000,
      "opex": 102505000,
      "cogs": 87251000,
      "rd": 32319000,
      "sga": null,
      "fcf": 59197000,
      "ocf": 60902000,
      "capex": -1705000,
      "gross_margin": 0.5363157587062694,
      "op_margin": -0.008433907816909269,
      "fcf_margin": 0.3145948588768607
    },
    {
      "date": "2021-04-30T00:00:00",
      "quarter_label": "2021-04 (Q2)",
      "revenue": 184202000,
      "gross_profit": 103116000,
      "operating_income": 4253000,
      "net_income": -2615000,
      "opex": 98863000,
      "cogs": 81086000,
      "rd": 35469000,
      "sga": null,
      "fcf": 28428000,
      "ocf": 30918000,
      "capex": -2490000,
      "gross_margin": 0.5597984821011716,
      "op_margin": 0.02308878296652588,
      "fcf_margin": 0.1543305718721838,
      "fcf_margin_change": -0.16026428700467688
    },
    {
      "date": "2021-07-31T00:00:00",
      "quarter_label": "2021-07 (Q3)",
      "revenue": 189103000,
      "gross_profit": 111971000,
      "operating_income": -875000,
      "net_income": -3818000,
      "opex": 112846000,
      "cogs": 77132000,
      "rd": 37898000,
      "sga": null,
      "fcf": 33386000,
      "ocf": 37248000,
      "capex": -3862000,
      "gross_margin": 0.592116465629842,
      "op_margin": -0.004627107978191779,
      "fcf_margin": 0.1765492879541837,
      "op_leverage_ratio": 0.18811515665156964,
      "fcf_margin_change": 0.022218716081999906
    },
    {
      "date": "2021-10-31T00:00:00",
      "quarter_label": "2021-10 (Q4)",
      "revenue": 179954000,
      "gross_profit": 103320000,
      "operating_income": -366000,
      "net_income": -5038000,
      "opex": 103686000,
      "cogs": 76634000,
      "rd": 38070000,
      "sga": null,
      "fcf": 21340000,
      "ocf": 22272000,
      "capex": -932000,
      "gross_margin": 0.5741467263856319,
      "op_margin": -0.0020338530957911467,
      "fcf_margin": 0.11858586083110129,
      "fcf_margin_change": -0.05796342712308242
    },
    {
      "date": "2022-01-31T00:00:00",
      "quarter_label": "2022-01 (Q1)",
      "revenue": 203297000,
      "gross_profit": 105614000,
      "operating_income": -27250000,
      "net_income": -32818000,
      "opex": 132864000,
      "cogs": 97683000,
      "rd": 45927000,
      "sga": null,
      "fcf": 48933000,
      "ocf": 50557000,
      "capex": -1624000,
      "gross_margin": 0.5195059445048378,
      "op_margin": -0.1340403449140912,
      "fcf_margin": 0.24069710817178808,
      "incr_op_margin_yoy": -1.6963907985193019,
      "rev_growth_yoy": 0.08039581440088431,
      "op_leverage_ratio": 0.46095631183888064,
      "fcf_margin_change": 0.12211124734068679
    },
    {
      "date": "2022-04-30T00:00:00",
      "quarter_label": "2022-04 (Q2)",
      "revenue": 205679000,
      "gross_profit": 111173000,
      "operating_income": -7289000,
      "net_income": -13639000,
      "opex": 118462000,
      "cogs": 94506000,
      "rd": 45183000,
      "sga": null,
      "fcf": 5922000,
      "ocf": 7077000,
      "capex": -1155000,
      "gross_margin": 0.5405170192387166,
      "op_margin": -0.035438717613368406,
      "fcf_margin": 0.028792438703027532,
      "incr_op_margin_yoy": -0.53741211528612,
      "rev_growth_yoy": 0.1165948252461971,
      "rev_growth_yoy_accel": 0.036199010845312796,
      "op_leverage_ratio": Infinity,
      "fcf_margin_change": -0.21190466946876055
    },
    {
      "date": "2022-07-31T00:00:00",
      "quarter_label": "2022-07 (Q3)",
      "revenue": 206142000,
      "gross_profit": 117812000,
      "operating_income": -2412000,
      "net_income": -10654000,
      "opex": 120224000,
      "cogs": 88330000,
      "rd": 46580000,
      "sga": null,
      "fcf": 38920000,
      "ocf": 40149000,
      "capex": -1229000,
      "gross_margin": 0.5715089598432149,
      "op_margin": -0.011700672352067992,
      "fcf_margin": 0.18880189384016843,
      "incr_op_margin_yoy": -0.09020482422677387,
      "rev_growth_yoy": 0.09010433467475397,
      "rev_growth_yoy_accel": -0.026490490571443134,
      "fcf_margin_change": 0.1600094551371409
    },
    {
      "date": "2022-10-31T00:00:00",
      "quarter_label": "2022-10 (Q4)",
      "revenue": 216086000,
      "gross_profit": 126858000,
      "operating_income": 5542000,
      "net_income": -1641000,
      "opex": 121316000,
      "cogs": 89228000,
      "rd": 48890000,
      "sga": null,
      "fcf": 47346000,
      "ocf": 47933000,
      "capex": -587000,
      "gross_margin": 0.5870718139999815,
      "op_margin": 0.025647196023805337,
      "fcf_margin": 0.21910720731560582,
      "incr_op_margin_yoy": 0.1635115686925717,
      "rev_growth_yoy": 0.20078464496482434,
      "rev_growth_yoy_accel": 0.11068031029007037,
      "op_leverage_ratio": 5.310839361309426,
      "fcf_margin_change": 0.030305313475437384
    },
    {
      "date": "2023-01-31T00:00:00",
      "quarter_label": "2023-01 (Q1)",
      "revenue": 233841000,
      "gross_profit": 134773000,
      "operating_income": 13216000,
      "net_income": -209000,
      "opex": 121557000,
      "cogs": 99068000,
      "rd": 52722000,
      "sga": null,
      "fcf": 55091000,
      "ocf": 55491000,
      "capex": -400000,
      "gross_margin": 0.576344610226607,
      "op_margin": 0.05651703507939155,
      "fcf_margin": 0.2355917054750878,
      "incr_op_margin_yoy": 1.3248428496595075,
      "rev_growth_yoy": 0.15024324018554136,
      "rev_growth_yoy_accel": -0.050541404779282983,
      "op_leverage_ratio": 41.361386274551904,
      "fcf_margin_change": 0.01648449815948197
    },
    {
      "date": "2023-04-30T00:00:00",
      "quarter_label": "2023-04 (Q2)",
      "revenue": 244432000,
      "gross_profit": 147826000,
      "operating_income": 23181000,
      "net_income": 4094000,
      "opex": 124645000,
      "cogs": 96606000,
      "rd": 53192000,
      "sga": null,
      "fcf": 31406000,
      "ocf": 31538000,
      "capex": -132000,
      "gross_margin": 0.6047735157426196,
      "op_margin": 0.09483619166066636,
      "fcf_margin": 0.1284856319958107,
      "incr_op_margin_yoy": 0.7862617087709338,
      "rev_growth_yoy": 0.18841495728781257,
      "rev_growth_yoy_accel": 0.03817171710227121,
      "op_leverage_ratio": 1.7828671788808805,
      "fcf_margin_change": -0.10710607347927709
    },
    {
      "date": "2023-07-31T00:00:00",
      "quarter_label": "2023-07 (Q3)",
      "revenue": 243549000,
      "gross_profit": 150930000,
      "operating_income": 24740000,
      "net_income": 10581000,
      "opex": 126190000,
      "cogs": 92619000,
      "rd": 54767000,
      "sga": null,
      "fcf": 76649000,
      "ocf": 77107000,
      "capex": -458000,
      "gross_margin": 0.6197110232437826,
      "op_margin": 0.10158120131883112,
      "fcf_margin": 0.3147169563414344,
      "incr_op_margin_yoy": 0.7258534498890582,
      "rev_growth_yoy": 0.1814622929825072,
      "rev_growth_yoy_accel": -0.006952664305305362,
      "fcf_margin_change": 0.18623132434562367
    },
    {
      "date": "2023-10-31T00:00:00",
      "quarter_label": "2023-10 (Q4)",
      "revenue": 249219000,
      "gross_profit": 158408000,
      "operating_income": 30891000,
      "net_income": 14673000,
      "opex": 127517000,
      "cogs": 90811000,
      "rd": 55614000,
      "sga": null,
      "fcf": 56564000,
      "ocf": 57108000,
      "capex": -544000,
      "gross_margin": 0.6356176695998299,
      "op_margin": 0.12395122362259699,
      "fcf_margin": 0.22696503878115232,
      "incr_op_margin_yoy": 0.7650680590347991,
      "rev_growth_yoy": 0.1533324694797442,
      "rev_growth_yoy_accel": -0.028129823502763024,
      "op_leverage_ratio": 2.2138629165896564,
      "fcf_margin_change": -0.08775191756028206
    },
    {
      "date": "2024-01-31T00:00:00",
      "quarter_label": "2024-01 (Q1)",
      "revenue": 262387000,
      "gross_profit": 163320000,
      "operating_income": 38887000,
      "net_income": 26364000,
      "opex": 124433000,
      "cogs": 99067000,
      "rd": 55238000,
      "sga": null,
      "fcf": 76513000,
      "ocf": 77073000,
      "capex": -560000,
      "gross_margin": 0.6224393739019083,
      "op_margin": 0.1482047509975723,
      "fcf_margin": 0.29160362365513537,
      "incr_op_margin_yoy": 0.8992853639739368,
      "rev_growth_yoy": 0.12207440098186374,
      "rev_growth_yoy_accel": -0.031258068497880445,
      "op_leverage_ratio": Infinity,
      "fcf_margin_change": 0.06463858487398305
    },
    {
      "date": "2024-04-30T00:00:00",
      "quarter_label": "2024-04 (Q2)",
      "revenue": 287597000,
      "gross_profit": 187138000,
      "operating_income": 41630000,
      "net_income": 28813000,
      "opex": 145508000,
      "cogs": 100459000,
      "rd": 56090000,
      "sga": null,
      "fcf": 64708000,
      "ocf": 65429000,
      "capex": -721000,
      "gross_margin": 0.6506952436916936,
      "op_margin": 0.1447511622165739,
      "fcf_margin": 0.22499539285875722,
      "incr_op_margin_yoy": 0.427406463570022,
      "rev_growth_yoy": 0.17659308110231067,
      "rev_growth_yoy_accel": 0.05451868012044693,
      "op_leverage_ratio": 0.5672813686082234,
      "fcf_margin_change": -0.06660823079637815
    },
    {
      "date": "2024-07-31T00:00:00",
      "quarter_label": "2024-07 (Q3)",
      "revenue": 299928000,
      "gross_profit": 204052000,
      "operating_income": 58929000,
      "net_income": 35822000,
      "opex": 145123000,
      "cogs": 95876000,
      "rd": 58580000,
      "sga": null,
      "fcf": 107388000,
      "ocf": 108129000,
      "capex": -741000,
      "gross_margin": 0.6803366141207223,
      "op_margin": 0.1964771545170841,
      "fcf_margin": 0.3580459310234456,
      "incr_op_margin_yoy": 0.606413735610777,
      "rev_growth_yoy": 0.23148935121885122,
      "rev_growth_yoy_accel": 0.05489627011654055,
      "op_leverage_ratio": Infinity,
      "fcf_margin_change": 0.1330505381646884
    },
    {
      "date": "2024-10-31T00:00:00",
      "quarter_label": "2024-10 (Q4)",
      "revenue": 300432000,
      "gross_profit": 197026000,
      "operating_income": 19625000,
      "net_income": 5703000,
      "opex": 177401000,
      "cogs": 103406000,
      "rd": 60189000,
      "sga": null,
      "fcf": 90256000,
      "ocf": 90550000,
      "capex": -294000,
      "gross_margin": 0.6558089684188102,
      "op_margin": 0.06532260211961442,
      "fcf_margin": 0.3004207274857538,
      "incr_op_margin_yoy": -0.21998320738874896,
      "rev_growth_yoy": 0.20549396314085203,
      "rev_growth_yoy_accel": -0.0259953880779992,
      "fcf_margin_change": -0.057625203537691794
    },
    {
      "date": "2025-01-31T00:00:00",
      "quarter_label": "2025-01 (Q1)",
      "revenue": 311817000,
      "gross_profit": 189043000,
      "operating_income": 42150000,
      "net_income": 26365000,
      "opex": 146893000,
      "cogs": 122774000,
      "rd": 64654000,
      "sga": null,
      "fcf": 75420000,
      "ocf": 75748000,
      "capex": -328000,
      "gross_margin": 0.6062626476426879,
      "op_margin": 0.13517543944044103,
      "fcf_margin": 0.2418726368350667,
      "incr_op_margin_yoy": 0.06601254299008699,
      "rev_growth_yoy": 0.18838585753105147,
      "rev_growth_yoy_accel": -0.017108105609800556,
      "op_leverage_ratio": Infinity,
      "fcf_margin_change": -0.05854809065068711
    },
    {
      "date": "2025-04-30T00:00:00",
      "quarter_label": "2025-04 (Q2)",
      "revenue": 330844000,
      "gross_profit": 224311000,
      "operating_income": 83078000,
      "net_income": 53915000,
      "opex": 141233000,
      "cogs": 106533000,
      "rd": 61436000,
      "sga": null,
      "fcf": 64652000,
      "ocf": 64738000,
      "capex": -86000,
      "gross_margin": 0.6779962761905913,
      "op_margin": 0.25110928413391204,
      "fcf_margin": 0.19541536192283976,
      "incr_op_margin_yoy": 0.9584017388489375,
      "rev_growth_yoy": 0.15037361307663152,
      "rev_growth_yoy_accel": -0.03801224445441995,
      "op_leverage_ratio": Infinity,
      "fcf_margin_change": -0.046457274912226953
    },
    {
      "date": "2025-07-31T00:00:00",
      "quarter_label": "2025-07 (Q3)",
      "revenue": 325835000,
      "gross_profit": 232595000,
      "operating_income": 89612000,
      "net_income": 59854000,
      "opex": 142983000,
      "cogs": 93240000,
      "rd": 64804000,
      "sga": null,
      "fcf": 135093000,
      "ocf": 135866000,
      "capex": -773000,
      "gross_margin": 0.7138428959442663,
      "op_margin": 0.275022634155324,
      "fcf_margin": 0.41460555188976017,
      "incr_op_margin_yoy": 1.18435171961246,
      "rev_growth_yoy": 0.08637739724200474,
      "rev_growth_yoy_accel": -0.06399621583462678,
      "fcf_margin_change": 0.2191901899669204
    },
    {
      "date": "2025-10-31T00:00:00",
      "quarter_label": "2025-10 (Q4)",
      "revenue": 322164000,
      "gross_profit": 228063000,
      "operating_income": 78695000,
      "net_income": 51692000,
      "opex": 149368000,
      "cogs": 94101000,
      "rd": 65916000,
      "sga": null,
      "fcf": 137791000,
      "ocf": 138575000,
      "capex": -784000,
      "gross_margin": 0.7079096360859687,
      "op_margin": 0.24426999913087744,
      "fcf_margin": 0.4277045231621162,
      "incr_op_margin_yoy": 2.718111540585312,
      "rev_growth_yoy": 0.07233583639559035,
      "rev_growth_yoy_accel": -0.014041560846414392,
      "fcf_margin_change": 0.013098971272356041
    }
  ],
  "signals": [
    {
      "quarter": "2025-10 (Q4)",
      "signal": "INCREMENTAL MARGIN (YoY)",
      "detail": "YoY Incr OPM: +271.8% vs year-ago OPM: +6.5%",
      "severity": "HIGH"
    },
    {
      "quarter": "2025-07 (Q3)",
      "signal": "FCF MARGIN EXPANSION",
      "detail": "FCF margin: +19.5% -> +41.5% (+21.9%)",
      "severity": "MEDIUM"
    },
    {
      "quarter": "2025-07 (Q3)",
      "signal": "YoY REVENUE GROWTH DECELERATION",
      "detail": "YoY growth: +8.6% vs prior quarter YoY: +15.0% (decel: -6.4%)",
      "severity": "WARNING"
    },
    {
      "quarter": "2025-07 (Q3)",
      "signal": "INCREMENTAL MARGIN (YoY)",
      "detail": "YoY Incr OPM: +118.4% vs year-ago OPM: +19.6%",
      "severity": "HIGH"
    },
    {
      "quarter": "2025-04 (Q2)",
      "signal": "GROSS MARGIN INFLECTION",
      "detail": "GM: +65.6% -> +60.6% -> +67.8% (reversal +7.2%)",
      "severity": "HIGH"
    },
    {
      "quarter": "2025-04 (Q2)",
      "signal": "INCREMENTAL MARGIN (YoY)",
      "detail": "YoY Incr OPM: +95.8% vs year-ago OPM: +14.5%",
      "severity": "HIGH"
    },
    {
      "quarter": "2024-07 (Q3)",
      "signal": "FCF MARGIN EXPANSION",
      "detail": "FCF margin: +22.5% -> +35.8% (+13.3%)",
      "severity": "MEDIUM"
    },
    {
      "quarter": "2024-07 (Q3)",
      "signal": "YoY REVENUE GROWTH ACCELERATION",
      "detail": "YoY growth: +23.1% vs prior quarter YoY: +17.7% (accel: +5.5%)",
      "severity": "MEDIUM"
    },
    {
      "quarter": "2024-07 (Q3)",
      "signal": "INCREMENTAL MARGIN (YoY)",
      "detail": "YoY Incr OPM: +60.6% vs year-ago OPM: +10.2%",
      "severity": "HIGH"
    },
    {
      "quarter": "2024-04 (Q2)",
      "signal": "GROSS MARGIN INFLECTION",
      "detail": "GM: +63.6% -> +62.2% -> +65.1% (reversal +2.8%)",
      "severity": "MEDIUM"
    },
    {
      "quarter": "2024-04 (Q2)",
      "signal": "YoY REVENUE GROWTH ACCELERATION",
      "detail": "YoY growth: +17.7% vs prior quarter YoY: +12.2% (accel: +5.5%)",
      "severity": "MEDIUM"
    },
    {
      "quarter": "2024-04 (Q2)",
      "signal": "INCREMENTAL MARGIN (YoY)",
      "detail": "YoY Incr OPM: +42.7% vs year-ago OPM: +9.5%",
      "severity": "HIGH"
    },
    {
      "quarter": "2024-01 (Q1)",
      "signal": "FCF MARGIN EXPANSION",
      "detail": "FCF margin: +22.7% -> +29.2% (+6.5%)",
      "severity": "MEDIUM"
    },
    {
      "quarter": "2024-01 (Q1)",
      "signal": "INCREMENTAL MARGIN (YoY)",
      "detail": "YoY Incr OPM: +89.9% vs year-ago OPM: +5.7%",
      "severity": "HIGH"
    },
    {
      "quarter": "2023-10 (Q4)",
      "signal": "OPERATING LEVERAGE",
      "detail": "Rev growth +2.3% vs OpEx growth +1.1% (leverage: 2.2x)",
      "severity": "MEDIUM"
    },
    {
      "quarter": "2023-10 (Q4)",
      "signal": "INCREMENTAL MARGIN (YoY)",
      "detail": "YoY Incr OPM: +76.5% vs year-ago OPM: +2.6%",
      "severity": "HIGH"
    },
    {
      "quarter": "2023-07 (Q3)",
      "signal": "FCF MARGIN EXPANSION",
      "detail": "FCF margin: +12.8% -> +31.5% (+18.6%)",
      "severity": "MEDIUM"
    },
    {
      "quarter": "2023-07 (Q3)",
      "signal": "OP MARGIN TURNED POSITIVE (YoY)",
      "detail": "Op margin: -1.2% (year-ago) -> +10.2%",
      "severity": "HIGH"
    },
    {
      "quarter": "2023-04 (Q2)",
      "signal": "OPERATING LEVERAGE",
      "detail": "Rev growth +4.5% vs OpEx growth +2.5% (leverage: 1.8x)",
      "severity": "MEDIUM"
    },
    {
      "quarter": "2023-04 (Q2)",
      "signal": "GROSS MARGIN INFLECTION",
      "detail": "GM: +58.7% -> +57.6% -> +60.5% (reversal +2.8%)",
      "severity": "MEDIUM"
    },
    {
      "quarter": "2023-04 (Q2)",
      "signal": "OP MARGIN TURNED POSITIVE (YoY)",
      "detail": "Op margin: -3.5% (year-ago) -> +9.5%",
      "severity": "HIGH"
    },
    {
      "quarter": "2023-01 (Q1)",
      "signal": "OPERATING LEVERAGE",
      "detail": "Rev growth +8.2% vs OpEx growth +0.2% (leverage: 41.4x)",
      "severity": "MEDIUM"
    },
    {
      "quarter": "2023-01 (Q1)",
      "signal": "YoY REVENUE GROWTH DECELERATION",
      "detail": "YoY growth: +15.0% vs prior quarter YoY: +20.1% (decel: -5.1%)",
      "severity": "WARNING"
    },
    {
      "quarter": "2023-01 (Q1)",
      "signal": "OP MARGIN TURNED POSITIVE (YoY)",
      "detail": "Op margin: -13.4% (year-ago) -> +5.7%",
      "severity": "HIGH"
    },
    {
      "quarter": "2022-10 (Q4)",
      "signal": "OPERATING LEVERAGE",
      "detail": "Rev growth +4.8% vs OpEx growth +0.9% (leverage: 5.3x)",
      "severity": "MEDIUM"
    },
    {
      "quarter": "2022-10 (Q4)",
      "signal": "YoY REVENUE GROWTH ACCELERATION",
      "detail": "YoY growth: +20.1% vs prior quarter YoY: +9.0% (accel: +11.1%)",
      "severity": "MEDIUM"
    },
    {
      "quarter": "2022-10 (Q4)",
      "signal": "OP MARGIN TURNED POSITIVE (YoY)",
      "detail": "Op margin: -0.2% (year-ago) -> +2.6%",
      "severity": "HIGH"
    },
    {
      "quarter": "2022-10 (Q4)",
      "signal": "OP MARGIN TURNED POSITIVE (QoQ)",
      "detail": "Op margin: -1.2% -> +2.6%",
      "severity": "HIGH"
    },
    {
      "quarter": "2022-07 (Q3)",
      "signal": "FCF MARGIN EXPANSION",
      "detail": "FCF margin: +2.9% -> +18.9% (+16.0%)",
      "severity": "MEDIUM"
    },
    {
      "quarter": "2022-04 (Q2)",
      "signal": "GROSS MARGIN INFLECTION",
      "detail": "GM: +57.4% -> +52.0% -> +54.1% (reversal +2.1%)",
      "severity": "MEDIUM"
    },
    {
      "quarter": "2022-01 (Q1)",
      "signal": "FCF MARGIN EXPANSION",
      "detail": "FCF margin: +11.9% -> +24.1% (+12.2%)",
      "severity": "MEDIUM"
    },
    {
      "quarter": "2021-04 (Q2)",
      "signal": "OP MARGIN TURNED POSITIVE (QoQ)",
      "detail": "Op margin: -0.8% -> +2.3%",
      "severity": "HIGH"
    }
  ],
  "data_quality": {
    "n_quarters": 20,
    "coverage": {
      "revenue": [
        20,
        20
      ],
      "gross_profit": [
        20,
        20
      ],
      "op_income": [
        20,
        20
      ],
      "fcf": [
        20,
        20
      ]
    },
    "gaps": [],
    "warnings": []
  },
  "market_cap": null,
  "source": "SEC EDGAR",
  "last_updated": "2026-02-02T20:49:56.883362"
}