{
  "ticker": "HRMY",
  "name": "HARMONY BIOSCIENCES HOLDINGS, INC.",
  "quarters": [
    {
      "date": "2020-12-31T00:00:00",
      "quarter_label": "2020-12 (Q4)",
      "revenue": 56288000,
      "gross_profit": 46370000,
      "operating_income": 7758000,
      "net_income": -208000,
      "opex": 38612000,
      "cogs": 9918000,
      "rd": 7619000,
      "sga": null,
      "fcf": 10047000,
      "ocf": 10047000,
      "capex": null,
      "gross_margin": 0.8237990335417851,
      "op_margin": 0.13782689027856737,
      "fcf_margin": 0.17849275156338829
    },
    {
      "date": "2021-03-31T00:00:00",
      "quarter_label": "2021-03 (Q1)",
      "revenue": 59674000,
      "gross_profit": 49265000,
      "operating_income": 14533000,
      "net_income": 7386000,
      "opex": 34732000,
      "cogs": 10409000,
      "rd": 4679000,
      "sga": null,
      "fcf": 12526000,
      "ocf": 12530000,
      "capex": -4000,
      "gross_margin": 0.8255689244897275,
      "op_margin": 0.2435399001240071,
      "fcf_margin": 0.2099071622482153,
      "op_leverage_ratio": Infinity,
      "fcf_margin_change": 0.031414410684827004
    },
    {
      "date": "2021-06-30T00:00:00",
      "quarter_label": "2021-06 (Q2)",
      "revenue": 73821000,
      "gross_profit": 61134000,
      "operating_income": 23312000,
      "net_income": 14117000,
      "opex": 37822000,
      "cogs": 12687000,
      "rd": 6498000,
      "sga": null,
      "fcf": 17869000,
      "ocf": 18070000,
      "capex": -201000,
      "gross_margin": 0.82813833462023,
      "op_margin": 0.3157908996085125,
      "fcf_margin": 0.24205849284079056,
      "op_leverage_ratio": 2.6647134652756783,
      "fcf_margin_change": 0.03215133059257527
    },
    {
      "date": "2021-09-30T00:00:00",
      "quarter_label": "2021-09 (Q3)",
      "revenue": 80732000,
      "gross_profit": 66128000,
      "operating_income": 21053000,
      "net_income": -9620000,
      "opex": 45075000,
      "cogs": 14604000,
      "rd": 11739000,
      "sga": null,
      "fcf": 30331000,
      "ocf": 30424000,
      "capex": -93000,
      "gross_margin": 0.8191051875340634,
      "op_margin": 0.2607763959768122,
      "fcf_margin": 0.37569984640539067,
      "op_leverage_ratio": 0.4881887664919316,
      "fcf_margin_change": 0.1336413535646001
    },
    {
      "date": "2021-12-31T00:00:00",
      "quarter_label": "2021-12 (Q4)",
      "revenue": 91213000,
      "gross_profit": 73396000,
      "operating_income": 28631000,
      "net_income": 22714000,
      "opex": 44765000,
      "cogs": 17817000,
      "rd": 7451000,
      "sga": null,
      "fcf": 37533000,
      "ocf": 37533000,
      "capex": null,
      "gross_margin": 0.8046660015567957,
      "op_margin": 0.3138916601800182,
      "fcf_margin": 0.4114873976297238,
      "incr_op_margin_yoy": 0.5976521116678597,
      "rev_growth_yoy": 0.6204697271176804,
      "op_leverage_ratio": Infinity,
      "fcf_margin_change": 0.035787551224333136
    },
    {
      "date": "2022-03-31T00:00:00",
      "quarter_label": "2022-03 (Q1)",
      "revenue": 85313000,
      "gross_profit": 70597000,
      "operating_income": 27556000,
      "net_income": 21485000,
      "opex": 43041000,
      "cogs": 14716000,
      "rd": 7578000,
      "sga": null,
      "fcf": 28807000,
      "ocf": 28852000,
      "capex": -45000,
      "gross_margin": 0.8275057728599393,
      "op_margin": 0.3229988395672406,
      "fcf_margin": 0.3376624898901691,
      "incr_op_margin_yoy": 0.5079371270330356,
      "rev_growth_yoy": 0.4296511043335456,
      "rev_growth_yoy_accel": -0.19081862278413486,
      "fcf_margin_change": -0.07382490773955469
    },
    {
      "date": "2022-06-30T00:00:00",
      "quarter_label": "2022-06 (Q2)",
      "revenue": 107028000,
      "gross_profit": 88107000,
      "operating_income": 33116000,
      "net_income": 23531000,
      "opex": 54991000,
      "cogs": 18921000,
      "rd": 12668000,
      "sga": null,
      "fcf": 33690000,
      "ocf": 33731000,
      "capex": -41000,
      "gross_margin": 0.8232144859289158,
      "op_margin": 0.3094143588593639,
      "fcf_margin": 0.3147774414171992,
      "incr_op_margin_yoy": 0.29523895564188274,
      "rev_growth_yoy": 0.4498313488031861,
      "rev_growth_yoy_accel": 0.020180244469640507,
      "op_leverage_ratio": 0.9167672013766487,
      "fcf_margin_change": -0.022885048472969904
    },
    {
      "date": "2022-09-30T00:00:00",
      "quarter_label": "2022-09 (Q3)",
      "revenue": 117206000,
      "gross_profit": 94247000,
      "operating_income": 11901000,
      "net_income": 87943000,
      "opex": 82346000,
      "cogs": 22959000,
      "rd": 40548000,
      "sga": null,
      "fcf": 55119000,
      "ocf": 55205000,
      "capex": -86000,
      "gross_margin": 0.8041141238503148,
      "op_margin": 0.1015391703496408,
      "fcf_margin": 0.4702745593229016,
      "incr_op_margin_yoy": -0.2509184624664144,
      "rev_growth_yoy": 0.45179111133131844,
      "rev_growth_yoy_accel": 0.001959762528132347,
      "op_leverage_ratio": 0.19117008566309263,
      "fcf_margin_change": 0.15549711790570236
    },
    {
      "date": "2022-12-31T00:00:00",
      "quarter_label": "2022-12 (Q4)",
      "revenue": 128308000,
      "gross_profit": 101423000,
      "operating_income": 47613000,
      "net_income": 48509000,
      "opex": 53810000,
      "cogs": 26885000,
      "rd": 10092000,
      "sga": null,
      "fcf": 26678000,
      "ocf": 26678000,
      "capex": null,
      "gross_margin": 0.7904651307790629,
      "op_margin": 0.3710836424852698,
      "fcf_margin": 0.20792156373725723,
      "incr_op_margin_yoy": 0.5117131688906861,
      "rev_growth_yoy": 0.40668545053884864,
      "rev_growth_yoy_accel": -0.045105660792469804,
      "op_leverage_ratio": Infinity,
      "fcf_margin_change": -0.26235299558564434
    },
    {
      "date": "2023-03-31T00:00:00",
      "quarter_label": "2023-03 (Q1)",
      "revenue": 119126000,
      "gross_profit": 98346000,
      "operating_income": 40423000,
      "net_income": 29485000,
      "opex": 57923000,
      "cogs": 20780000,
      "rd": 13289000,
      "sga": null,
      "fcf": 42559000,
      "ocf": 42559000,
      "capex": null,
      "gross_margin": 0.825562849419942,
      "op_margin": 0.3393297852693786,
      "fcf_margin": 0.3572603797659621,
      "incr_op_margin_yoy": 0.38053411409812793,
      "rev_growth_yoy": 0.39634053426793103,
      "rev_growth_yoy_accel": -0.010344916270917603,
      "fcf_margin_change": 0.14933881602870486
    },
    {
      "date": "2023-06-30T00:00:00",
      "quarter_label": "2023-06 (Q2)",
      "revenue": 134216000,
      "gross_profit": 109208000,
      "operating_income": 46902000,
      "net_income": 34300000,
      "opex": 62306000,
      "cogs": 25008000,
      "rd": 14969000,
      "sga": null,
      "fcf": 37063000,
      "ocf": 37063000,
      "capex": null,
      "gross_margin": 0.8136734815521249,
      "op_margin": 0.3494516302080229,
      "fcf_margin": 0.2761444239136914,
      "incr_op_margin_yoy": 0.5070619390907753,
      "rev_growth_yoy": 0.25402698359307846,
      "rev_growth_yoy_accel": -0.14231355067485257,
      "op_leverage_ratio": 1.6740262235984487,
      "fcf_margin_change": -0.08111595585227072
    },
    {
      "date": "2023-09-30T00:00:00",
      "quarter_label": "2023-09 (Q3)",
      "revenue": 160268000,
      "gross_profit": 127972000,
      "operating_income": 64509000,
      "net_income": 38461000,
      "opex": 63463000,
      "cogs": 32296000,
      "rd": 17499000,
      "sga": null,
      "fcf": 63100000,
      "ocf": 63100000,
      "capex": null,
      "gross_margin": 0.7984875333815858,
      "op_margin": 0.40250705069009407,
      "fcf_margin": 0.393715526493124,
      "incr_op_margin_yoy": 1.2216803678417165,
      "rev_growth_yoy": 0.36740439909219663,
      "rev_growth_yoy_accel": 0.11337741549911817,
      "op_leverage_ratio": 10.452815619028994,
      "fcf_margin_change": 0.11757110257943265
    },
    {
      "date": "2023-12-31T00:00:00",
      "quarter_label": "2023-12 (Q4)",
      "revenue": 168412000,
      "gross_profit": 125260000,
      "operating_income": 40196000,
      "net_income": 26607000,
      "opex": 85064000,
      "cogs": 43152000,
      "rd": 30306000,
      "sga": null,
      "fcf": 76558000,
      "ocf": 76665000,
      "capex": -107000,
      "gross_margin": 0.743771227703489,
      "op_margin": 0.23867657886611404,
      "fcf_margin": 0.4545875590813006,
      "incr_op_margin_yoy": -0.1849441452224217,
      "rev_growth_yoy": 0.31256040153380926,
      "rev_growth_yoy_accel": -0.05484399755838737,
      "op_leverage_ratio": 0.14929239623348495,
      "fcf_margin_change": 0.06087203258817658
    },
    {
      "date": "2024-03-31T00:00:00",
      "quarter_label": "2024-03 (Q1)",
      "revenue": 154615000,
      "gross_profit": 127131000,
      "operating_income": 52033000,
      "net_income": 38334000,
      "opex": 75098000,
      "cogs": 27484000,
      "rd": 22189000,
      "sga": null,
      "fcf": 31136000,
      "ocf": 31141000,
      "capex": -5000,
      "gross_margin": 0.8222423438864276,
      "op_margin": 0.33653267794198494,
      "fcf_margin": 0.20137761536720242,
      "incr_op_margin_yoy": 0.3271436219673702,
      "rev_growth_yoy": 0.2979114550979635,
      "rev_growth_yoy_accel": -0.014648946435845744,
      "fcf_margin_change": -0.2532099437140982
    },
    {
      "date": "2024-06-30T00:00:00",
      "quarter_label": "2024-06 (Q2)",
      "revenue": 172814000,
      "gross_profit": 140670000,
      "operating_income": 21356000,
      "net_income": 11591000,
      "opex": 119314000,
      "cogs": 32144000,
      "rd": 63583000,
      "sga": null,
      "fcf": 41985000,
      "ocf": 42617000,
      "capex": -632000,
      "gross_margin": 0.8139965512053422,
      "op_margin": 0.1235779508604627,
      "fcf_margin": 0.24294906662654647,
      "incr_op_margin_yoy": -0.6618477641328566,
      "rev_growth_yoy": 0.2875812123740836,
      "rev_growth_yoy_accel": -0.010330242723879945,
      "op_leverage_ratio": 0.19991474150811722,
      "fcf_margin_change": 0.041571451259344055
    },
    {
      "date": "2024-09-30T00:00:00",
      "quarter_label": "2024-09 (Q3)",
      "revenue": 186038000,
      "gross_profit": 143260000,
      "operating_income": 61710000,
      "net_income": 46093000,
      "opex": 81550000,
      "cogs": 42778000,
      "rd": 25387000,
      "sga": null,
      "fcf": 70498000,
      "ocf": 70501000,
      "capex": -3000,
      "gross_margin": 0.770057730141154,
      "op_margin": 0.3317064255689698,
      "fcf_margin": 0.37894408669196616,
      "incr_op_margin_yoy": -0.10861466821885914,
      "rev_growth_yoy": 0.1607931714378416,
      "rev_growth_yoy_accel": -0.12678804093624196,
      "op_leverage_ratio": Infinity,
      "fcf_margin_change": 0.1359950200654197
    },
    {
      "date": "2024-12-31T00:00:00",
      "quarter_label": "2024-12 (Q4)",
      "revenue": 201267000,
      "gross_profit": 146858000,
      "operating_income": 55727000,
      "net_income": 49475000,
      "opex": 91131000,
      "cogs": 54409000,
      "rd": 34666000,
      "sga": null,
      "fcf": 75049000,
      "ocf": 75562000,
      "capex": -513000,
      "gross_margin": 0.7296675560325339,
      "op_margin": 0.2768809591239498,
      "fcf_margin": 0.37288278754092824,
      "incr_op_margin_yoy": 0.47271343783290215,
      "rev_growth_yoy": 0.19508704842885305,
      "rev_growth_yoy_accel": 0.03429387699101144,
      "op_leverage_ratio": 0.6967594214935594,
      "fcf_margin_change": -0.006061299151037924
    },
    {
      "date": "2025-03-31T00:00:00",
      "quarter_label": "2025-03 (Q1)",
      "revenue": 184733000,
      "gross_profit": 152739000,
      "operating_income": 56245000,
      "net_income": 45560000,
      "opex": 96494000,
      "cogs": 31994000,
      "rd": 34540000,
      "sga": null,
      "fcf": 33859000,
      "ocf": 33987000,
      "capex": -128000,
      "gross_margin": 0.8268095034455133,
      "op_margin": 0.30446644616825363,
      "fcf_margin": 0.1832861481164708,
      "incr_op_margin_yoy": 0.1398499236337074,
      "rev_growth_yoy": 0.19479351938686415,
      "rev_growth_yoy_accel": -0.0002935290419888992,
      "fcf_margin_change": -0.18959663942445745
    },
    {
      "date": "2025-06-30T00:00:00",
      "quarter_label": "2025-06 (Q2)",
      "revenue": 200489000,
      "gross_profit": 162336000,
      "operating_income": 48180000,
      "net_income": 39776000,
      "opex": 114156000,
      "cogs": 38153000,
      "rd": 50159000,
      "sga": null,
      "fcf": 79323000,
      "ocf": 79327000,
      "capex": -4000,
      "gross_margin": 0.8097002828085331,
      "op_margin": 0.24031243609375078,
      "fcf_margin": 0.3956476415164922,
      "incr_op_margin_yoy": 0.9692502258355917,
      "rev_growth_yoy": 0.16014327542907403,
      "rev_growth_yoy_accel": -0.03465024395779012,
      "op_leverage_ratio": 0.4659742503940948,
      "fcf_margin_change": 0.2123614934000214
    },
    {
      "date": "2025-09-30T00:00:00",
      "quarter_label": "2025-09 (Q3)",
      "revenue": 239455000,
      "gross_profit": 179805000,
      "operating_income": 65487000,
      "net_income": 50865000,
      "opex": 114318000,
      "cogs": 59650000,
      "rd": 54962000,
      "sga": null,
      "fcf": 108663000,
      "ocf": 108734000,
      "capex": -71000,
      "gross_margin": 0.7508926520640622,
      "op_margin": 0.27348353552859617,
      "fcf_margin": 0.4537929882441377,
      "incr_op_margin_yoy": 0.07070782709624276,
      "rev_growth_yoy": 0.28712951117513624,
      "rev_growth_yoy_accel": 0.12698623574606221,
      "op_leverage_ratio": 136.95535083387784,
      "fcf_margin_change": 0.05814534672764554
    }
  ],
  "signals": [
    {
      "quarter": "2025-09 (Q3)",
      "signal": "FCF MARGIN EXPANSION",
      "detail": "FCF margin: +39.6% -> +45.4% (+5.8%)",
      "severity": "MEDIUM"
    },
    {
      "quarter": "2025-09 (Q3)",
      "signal": "OPERATING LEVERAGE",
      "detail": "Rev growth +19.4% vs OpEx growth +0.1% (leverage: 137.0x)",
      "severity": "MEDIUM"
    },
    {
      "quarter": "2025-09 (Q3)",
      "signal": "YoY REVENUE GROWTH ACCELERATION",
      "detail": "YoY growth: +28.7% vs prior quarter YoY: +16.0% (accel: +12.7%)",
      "severity": "MEDIUM"
    },
    {
      "quarter": "2025-06 (Q2)",
      "signal": "FCF MARGIN EXPANSION",
      "detail": "FCF margin: +18.3% -> +39.6% (+21.2%)",
      "severity": "MEDIUM"
    },
    {
      "quarter": "2025-06 (Q2)",
      "signal": "INCREMENTAL MARGIN (YoY)",
      "detail": "YoY Incr OPM: +96.9% vs year-ago OPM: +12.4%",
      "severity": "HIGH"
    },
    {
      "quarter": "2025-03 (Q1)",
      "signal": "GROSS MARGIN INFLECTION",
      "detail": "GM: +77.0% -> +73.0% -> +82.7% (reversal +9.7%)",
      "severity": "HIGH"
    },
    {
      "quarter": "2024-12 (Q4)",
      "signal": "INCREMENTAL MARGIN (YoY)",
      "detail": "YoY Incr OPM: +47.3% vs year-ago OPM: +23.9%",
      "severity": "HIGH"
    },
    {
      "quarter": "2024-09 (Q3)",
      "signal": "FCF MARGIN EXPANSION",
      "detail": "FCF margin: +24.3% -> +37.9% (+13.6%)",
      "severity": "MEDIUM"
    },
    {
      "quarter": "2024-09 (Q3)",
      "signal": "YoY REVENUE GROWTH DECELERATION",
      "detail": "YoY growth: +16.1% vs prior quarter YoY: +28.8% (decel: -12.7%)",
      "severity": "WARNING"
    },
    {
      "quarter": "2024-03 (Q1)",
      "signal": "GROSS MARGIN INFLECTION",
      "detail": "GM: +79.8% -> +74.4% -> +82.2% (reversal +7.8%)",
      "severity": "HIGH"
    },
    {
      "quarter": "2023-12 (Q4)",
      "signal": "FCF MARGIN EXPANSION",
      "detail": "FCF margin: +39.4% -> +45.5% (+6.1%)",
      "severity": "MEDIUM"
    },
    {
      "quarter": "2023-12 (Q4)",
      "signal": "YoY REVENUE GROWTH DECELERATION",
      "detail": "YoY growth: +31.3% vs prior quarter YoY: +36.7% (decel: -5.5%)",
      "severity": "WARNING"
    },
    {
      "quarter": "2023-09 (Q3)",
      "signal": "FCF MARGIN EXPANSION",
      "detail": "FCF margin: +27.6% -> +39.4% (+11.8%)",
      "severity": "MEDIUM"
    },
    {
      "quarter": "2023-09 (Q3)",
      "signal": "OPERATING LEVERAGE",
      "detail": "Rev growth +19.4% vs OpEx growth +1.9% (leverage: 10.5x)",
      "severity": "MEDIUM"
    },
    {
      "quarter": "2023-09 (Q3)",
      "signal": "YoY REVENUE GROWTH ACCELERATION",
      "detail": "YoY growth: +36.7% vs prior quarter YoY: +25.4% (accel: +11.3%)",
      "severity": "MEDIUM"
    },
    {
      "quarter": "2023-09 (Q3)",
      "signal": "INCREMENTAL MARGIN (YoY)",
      "detail": "YoY Incr OPM: +122.2% vs year-ago OPM: +10.2%",
      "severity": "HIGH"
    },
    {
      "quarter": "2023-06 (Q2)",
      "signal": "OPERATING LEVERAGE",
      "detail": "Rev growth +12.7% vs OpEx growth +7.6% (leverage: 1.7x)",
      "severity": "MEDIUM"
    },
    {
      "quarter": "2023-06 (Q2)",
      "signal": "YoY REVENUE GROWTH DECELERATION",
      "detail": "YoY growth: +25.4% vs prior quarter YoY: +39.6% (decel: -14.2%)",
      "severity": "WARNING"
    },
    {
      "quarter": "2023-06 (Q2)",
      "signal": "INCREMENTAL MARGIN (YoY)",
      "detail": "YoY Incr OPM: +50.7% vs year-ago OPM: +30.9%",
      "severity": "MEDIUM"
    },
    {
      "quarter": "2023-03 (Q1)",
      "signal": "FCF MARGIN EXPANSION",
      "detail": "FCF margin: +20.8% -> +35.7% (+14.9%)",
      "severity": "MEDIUM"
    },
    {
      "quarter": "2023-03 (Q1)",
      "signal": "GROSS MARGIN INFLECTION",
      "detail": "GM: +80.4% -> +79.0% -> +82.6% (reversal +3.5%)",
      "severity": "MEDIUM"
    },
    {
      "quarter": "2022-12 (Q4)",
      "signal": "INCREMENTAL MARGIN (YoY)",
      "detail": "YoY Incr OPM: +51.2% vs year-ago OPM: +31.4%",
      "severity": "MEDIUM"
    },
    {
      "quarter": "2022-09 (Q3)",
      "signal": "FCF MARGIN EXPANSION",
      "detail": "FCF margin: +31.5% -> +47.0% (+15.5%)",
      "severity": "MEDIUM"
    },
    {
      "quarter": "2022-03 (Q1)",
      "signal": "GROSS MARGIN INFLECTION",
      "detail": "GM: +81.9% -> +80.5% -> +82.8% (reversal +2.3%)",
      "severity": "MEDIUM"
    },
    {
      "quarter": "2022-03 (Q1)",
      "signal": "YoY REVENUE GROWTH DECELERATION",
      "detail": "YoY growth: +43.0% vs prior quarter YoY: +62.0% (decel: -19.1%)",
      "severity": "WARNING"
    },
    {
      "quarter": "2022-03 (Q1)",
      "signal": "INCREMENTAL MARGIN (YoY)",
      "detail": "YoY Incr OPM: +50.8% vs year-ago OPM: +24.4%",
      "severity": "HIGH"
    },
    {
      "quarter": "2021-12 (Q4)",
      "signal": "INCREMENTAL MARGIN (YoY)",
      "detail": "YoY Incr OPM: +59.8% vs year-ago OPM: +13.8%",
      "severity": "HIGH"
    },
    {
      "quarter": "2021-09 (Q3)",
      "signal": "FCF MARGIN EXPANSION",
      "detail": "FCF margin: +24.2% -> +37.6% (+13.4%)",
      "severity": "MEDIUM"
    },
    {
      "quarter": "2021-06 (Q2)",
      "signal": "OPERATING LEVERAGE",
      "detail": "Rev growth +23.7% vs OpEx growth +8.9% (leverage: 2.7x)",
      "severity": "MEDIUM"
    }
  ],
  "data_quality": {
    "n_quarters": 20,
    "coverage": {
      "revenue": [
        20,
        20
      ],
      "gross_profit": [
        20,
        20
      ],
      "op_income": [
        20,
        20
      ],
      "fcf": [
        20,
        20
      ]
    },
    "gaps": [],
    "warnings": []
  },
  "market_cap": null,
  "source": "SEC EDGAR",
  "last_updated": "2026-02-02T21:33:59.954341",
  "sector": "Healthcare",
  "industry": "Biotechnology"
}