{
  "ticker": "HROW",
  "name": "HARROW, INC.",
  "quarters": [
    {
      "date": "2020-12-31T00:00:00",
      "quarter_label": "2020-12 (Q4)",
      "revenue": 14595000,
      "gross_profit": 10658000,
      "operating_income": 2626000,
      "net_income": 1149000,
      "opex": 8032000,
      "cogs": 3937000,
      "rd": 591000,
      "sga": 7441000,
      "fcf": -648000,
      "ocf": -566000,
      "capex": -82000,
      "gross_margin": 0.7302500856457691,
      "op_margin": 0.17992463172319287,
      "fcf_margin": -0.04439876670092498
    },
    {
      "date": "2021-03-31T00:00:00",
      "quarter_label": "2021-03 (Q1)",
      "revenue": 15443000,
      "gross_profit": 11673000,
      "operating_income": 2917000,
      "net_income": 217000,
      "opex": 8756000,
      "cogs": 3770000,
      "rd": 592000,
      "sga": 8164000,
      "fcf": 2997000,
      "ocf": 3208000,
      "capex": -211000,
      "gross_margin": 0.7558764488765136,
      "op_margin": 0.18888816939713787,
      "fcf_margin": 0.1940685100045328,
      "op_leverage_ratio": 0.6445800896772715,
      "fcf_margin_change": 0.23846727670545775
    },
    {
      "date": "2021-06-30T00:00:00",
      "quarter_label": "2021-06 (Q2)",
      "revenue": 18134000,
      "gross_profit": 13717000,
      "operating_income": 4169000,
      "net_income": -2478000,
      "opex": 9548000,
      "cogs": 4417000,
      "rd": 425000,
      "sga": 9123000,
      "fcf": 4291000,
      "ocf": 5440000,
      "capex": -1149000,
      "gross_margin": 0.7564243961619058,
      "op_margin": 0.22989963604279254,
      "fcf_margin": 0.23662732987757804,
      "op_leverage_ratio": 1.926471540503788,
      "fcf_margin_change": 0.042558819873045245
    },
    {
      "date": "2021-09-30T00:00:00",
      "quarter_label": "2021-09 (Q3)",
      "revenue": 18711000,
      "gross_profit": 13764000,
      "operating_income": -3717000,
      "net_income": -8328000,
      "opex": 17481000,
      "cogs": 4947000,
      "rd": 6125000,
      "sga": 11356000,
      "fcf": -2365000,
      "ocf": -2076000,
      "capex": -289000,
      "gross_margin": 0.7356100689434023,
      "op_margin": -0.19865319865319866,
      "fcf_margin": -0.12639623750734863,
      "op_leverage_ratio": 0.0382963300880787,
      "fcf_margin_change": -0.3630235673849267
    },
    {
      "date": "2021-12-31T00:00:00",
      "quarter_label": "2021-12 (Q4)",
      "revenue": 20188000,
      "gross_profit": 15108000,
      "operating_income": -1755000,
      "net_income": -7418000,
      "opex": 16863000,
      "cogs": 5080000,
      "rd": 3942000,
      "sga": 12672000,
      "fcf": -1627000,
      "ocf": -1490000,
      "capex": -137000,
      "gross_margin": 0.7483653655637013,
      "op_margin": -0.08693283138498117,
      "fcf_margin": -0.08059243114721616,
      "incr_op_margin_yoy": -0.7833005542642589,
      "rev_growth_yoy": 0.38321342925659474,
      "op_leverage_ratio": Infinity,
      "fcf_margin_change": 0.04580380636013247
    },
    {
      "date": "2022-03-31T00:00:00",
      "quarter_label": "2022-03 (Q1)",
      "revenue": 22120000,
      "gross_profit": 16157000,
      "operating_income": 2101000,
      "net_income": -2438000,
      "opex": 14056000,
      "cogs": 5963000,
      "rd": 658000,
      "sga": 13398000,
      "fcf": 563000,
      "ocf": 967000,
      "capex": -404000,
      "gross_margin": 0.7304249547920434,
      "op_margin": 0.09498191681735986,
      "fcf_margin": 0.025452079566003618,
      "incr_op_margin_yoy": -0.1222105736109031,
      "rev_growth_yoy": 0.4323641779446999,
      "rev_growth_yoy_accel": 0.04915074868810515,
      "op_leverage_ratio": Infinity,
      "fcf_margin_change": 0.10604451071321978
    },
    {
      "date": "2022-06-30T00:00:00",
      "quarter_label": "2022-06 (Q2)",
      "revenue": 23323000,
      "gross_profit": 16789000,
      "operating_income": 1690000,
      "net_income": -6239000,
      "opex": 15099000,
      "cogs": 6534000,
      "rd": 914000,
      "sga": 14185000,
      "fcf": 4600000,
      "ocf": 4860000,
      "capex": -260000,
      "gross_margin": 0.7198473609741457,
      "op_margin": 0.07246066114993784,
      "fcf_margin": 0.19723020194657634,
      "incr_op_margin_yoy": -0.4777413759876662,
      "rev_growth_yoy": 0.2861475681041138,
      "rev_growth_yoy_accel": -0.1462166098405861,
      "op_leverage_ratio": 0.7329223151328325,
      "fcf_margin_change": 0.17177812238057272
    },
    {
      "date": "2022-09-30T00:00:00",
      "quarter_label": "2022-09 (Q3)",
      "revenue": 22823000,
      "gross_profit": 16102000,
      "operating_income": -94000,
      "net_income": -6464000,
      "opex": 16196000,
      "cogs": 6721000,
      "rd": 775000,
      "sga": 15421000,
      "fcf": -1465000,
      "ocf": -410000,
      "capex": -1055000,
      "gross_margin": 0.7055163650703238,
      "op_margin": -0.004118652236778688,
      "fcf_margin": -0.06418963326468913,
      "incr_op_margin_yoy": 0.881079766536965,
      "rev_growth_yoy": 0.21976377531933086,
      "rev_growth_yoy_accel": -0.06638379278478293,
      "fcf_margin_change": -0.26141983521126544
    },
    {
      "date": "2022-12-31T00:00:00",
      "quarter_label": "2022-12 (Q4)",
      "revenue": 20329000,
      "gross_profit": 14164000,
      "operating_income": -1778000,
      "net_income": 1055000,
      "opex": 15942000,
      "cogs": 6165000,
      "rd": 703000,
      "sga": 15239000,
      "fcf": -4590000,
      "ocf": -3712000,
      "capex": -878000,
      "gross_margin": 0.6967386492203257,
      "op_margin": -0.08746126223621427,
      "fcf_margin": -0.2257858232082247,
      "rev_growth_yoy": 0.0069843471369130175,
      "rev_growth_yoy_accel": -0.21277942818241785,
      "fcf_margin_change": -0.16159618994353558
    },
    {
      "date": "2023-03-31T00:00:00",
      "quarter_label": "2023-03 (Q1)",
      "revenue": 26103000,
      "gross_profit": 17832000,
      "operating_income": 1210000,
      "net_income": -6643000,
      "opex": 16622000,
      "cogs": 8271000,
      "rd": 734000,
      "sga": 15888000,
      "fcf": -8710000,
      "ocf": -8214000,
      "capex": -496000,
      "gross_margin": 0.683139868980577,
      "op_margin": 0.046354825115887066,
      "fcf_margin": -0.33367812128874075,
      "incr_op_margin_yoy": -0.2237007280944012,
      "rev_growth_yoy": 0.1800632911392405,
      "rev_growth_yoy_accel": 0.17307894400232748,
      "op_leverage_ratio": 6.658779836397151,
      "fcf_margin_change": -0.10789229808051604
    },
    {
      "date": "2023-06-30T00:00:00",
      "quarter_label": "2023-06 (Q2)",
      "revenue": 33470000,
      "gross_profit": 23470000,
      "operating_income": 2352000,
      "net_income": -4229000,
      "opex": 21118000,
      "cogs": 10000000,
      "rd": 1161000,
      "sga": 19957000,
      "fcf": 4316000,
      "ocf": 4566000,
      "capex": -250000,
      "gross_margin": 0.7012249775918733,
      "op_margin": 0.0702718852703914,
      "fcf_margin": 0.12895129967134747,
      "incr_op_margin_yoy": 0.06524095791859663,
      "rev_growth_yoy": 0.43506409981563265,
      "rev_growth_yoy_accel": 0.2550008086763922,
      "op_leverage_ratio": 1.043415351012271,
      "fcf_margin_change": 0.4626294209600882
    },
    {
      "date": "2023-09-30T00:00:00",
      "quarter_label": "2023-09 (Q3)",
      "revenue": 34265000,
      "gross_profit": 24198000,
      "operating_income": 1744000,
      "net_income": -4391000,
      "opex": 22454000,
      "cogs": 10067000,
      "rd": 1421000,
      "sga": 21033000,
      "fcf": -1728000,
      "ocf": -1208000,
      "capex": -520000,
      "gross_margin": 0.7062016635050343,
      "op_margin": 0.05089741718955202,
      "fcf_margin": -0.0504304684079965,
      "incr_op_margin_yoy": 0.16063625240342597,
      "rev_growth_yoy": 0.5013363712044867,
      "rev_growth_yoy_accel": 0.06627227138885405,
      "op_leverage_ratio": 0.3754548715535764,
      "fcf_margin_change": -0.17938176807934397
    },
    {
      "date": "2023-12-31T00:00:00",
      "quarter_label": "2023-12 (Q4)",
      "revenue": 36355000,
      "gross_profit": 25053000,
      "operating_income": -4875000,
      "net_income": -9148000,
      "opex": 29928000,
      "cogs": 11302000,
      "rd": 3336000,
      "sga": 26212000,
      "fcf": 8502000,
      "ocf": 8696000,
      "capex": -194000,
      "gross_margin": 0.6891211662769908,
      "op_margin": -0.13409434740750928,
      "fcf_margin": 0.23386054187869618,
      "incr_op_margin_yoy": -0.19324847123424435,
      "rev_growth_yoy": 0.7883319395936839,
      "rev_growth_yoy_accel": 0.28699556838919715,
      "op_leverage_ratio": 0.18324670521800346,
      "fcf_margin_change": 0.2842910102866927
    },
    {
      "date": "2024-03-31T00:00:00",
      "quarter_label": "2024-03 (Q1)",
      "revenue": 34587000,
      "gross_profit": 24034000,
      "operating_income": -6928000,
      "net_income": -13565000,
      "opex": 30962000,
      "cogs": 10553000,
      "rd": 2149000,
      "sga": 28813000,
      "fcf": -4720000,
      "ocf": -4628000,
      "capex": -92000,
      "gross_margin": 0.6948853615520282,
      "op_margin": -0.20030647353051725,
      "fcf_margin": -0.13646745887183045,
      "incr_op_margin_yoy": -0.9592173503064593,
      "rev_growth_yoy": 0.3250201126307321,
      "rev_growth_yoy_accel": -0.46331182696295176,
      "fcf_margin_change": -0.37032800075052663
    },
    {
      "date": "2024-06-30T00:00:00",
      "quarter_label": "2024-06 (Q2)",
      "revenue": 48939000,
      "gross_profit": 36400000,
      "operating_income": 1530000,
      "net_income": -6473000,
      "opex": 34870000,
      "cogs": 12539000,
      "rd": 3053000,
      "sga": 31817000,
      "fcf": -3090000,
      "ocf": -2746000,
      "capex": -344000,
      "gross_margin": 0.7437830768916406,
      "op_margin": 0.03126340955066512,
      "fcf_margin": -0.06313982713173542,
      "incr_op_margin_yoy": -0.0531385351347857,
      "rev_growth_yoy": 0.46217508216313113,
      "rev_growth_yoy_accel": 0.13715496953239903,
      "op_leverage_ratio": 3.2875622356972087,
      "fcf_margin_change": 0.07332763174009503
    },
    {
      "date": "2024-09-30T00:00:00",
      "quarter_label": "2024-09 (Q3)",
      "revenue": 49257000,
      "gross_profit": 37239000,
      "operating_income": 1321000,
      "net_income": -4220000,
      "opex": 35918000,
      "cogs": 12018000,
      "rd": 2273000,
      "sga": 33645000,
      "fcf": 2347000,
      "ocf": 2951000,
      "capex": -604000,
      "gross_margin": 0.7560143735915708,
      "op_margin": 0.02681852325557789,
      "fcf_margin": 0.04764805002334693,
      "incr_op_margin_yoy": -0.02821504802561366,
      "rev_growth_yoy": 0.43753100831752517,
      "rev_growth_yoy_accel": -0.024644073845605963,
      "fcf_margin_change": 0.11078787715508236
    },
    {
      "date": "2024-12-31T00:00:00",
      "quarter_label": "2024-12 (Q4)",
      "revenue": 66831000,
      "gross_profit": 52696000,
      "operating_income": 12899000,
      "net_income": 6777000,
      "opex": 39797000,
      "cogs": 14135000,
      "rd": 4755000,
      "sga": 34789000,
      "fcf": -18334000,
      "ocf": -17779000,
      "capex": -555000,
      "gross_margin": 0.7884963564812737,
      "op_margin": 0.19300923224252217,
      "fcf_margin": -0.274333767263695,
      "incr_op_margin_yoy": 0.5832130200813755,
      "rev_growth_yoy": 0.8382890936597442,
      "rev_growth_yoy_accel": 0.4007580853422191,
      "op_leverage_ratio": 3.303657611189672,
      "fcf_margin_change": -0.32198181728704195
    },
    {
      "date": "2025-03-31T00:00:00",
      "quarter_label": "2025-03 (Q1)",
      "revenue": 47831000,
      "gross_profit": 32307000,
      "operating_income": -11232000,
      "net_income": -17780000,
      "opex": 43539000,
      "cogs": 15524000,
      "rd": 3026000,
      "sga": 40513000,
      "fcf": 19498000,
      "ocf": 19668000,
      "capex": -170000,
      "gross_margin": 0.6754406138278523,
      "op_margin": -0.2348267859756225,
      "fcf_margin": 0.4076435784323974,
      "incr_op_margin_yoy": -0.3249773482331622,
      "rev_growth_yoy": 0.3829184375632463,
      "rev_growth_yoy_accel": -0.45537065609649796,
      "fcf_margin_change": 0.6819773456960925
    },
    {
      "date": "2025-06-30T00:00:00",
      "quarter_label": "2025-06 (Q2)",
      "revenue": 63742000,
      "gross_profit": 47512000,
      "operating_income": 11409000,
      "net_income": 4995000,
      "opex": 36103000,
      "cogs": 16230000,
      "rd": 2868000,
      "sga": 33235000,
      "fcf": -969000,
      "ocf": -803000,
      "capex": -166000,
      "gross_margin": 0.745379812368611,
      "op_margin": 0.17898716701703743,
      "fcf_margin": -0.015201907690376831,
      "incr_op_margin_yoy": 0.6673647233668851,
      "rev_growth_yoy": 0.30247859580293834,
      "rev_growth_yoy_accel": -0.08043984176030794,
      "op_leverage_ratio": Infinity,
      "fcf_margin_change": -0.42284548612277423
    },
    {
      "date": "2025-09-30T00:00:00",
      "quarter_label": "2025-09 (Q3)",
      "revenue": 71638000,
      "gross_profit": 53926000,
      "operating_income": 14747000,
      "net_income": 1020000,
      "opex": 39179000,
      "cogs": 17712000,
      "rd": 3323000,
      "sga": 35856000,
      "fcf": 16378000,
      "ocf": 16588000,
      "capex": -210000,
      "gross_margin": 0.7527569167201764,
      "op_margin": 0.2058544347971747,
      "fcf_margin": 0.22862168123063178,
      "incr_op_margin_yoy": 0.5998838300344042,
      "rev_growth_yoy": 0.4543719674361005,
      "rev_growth_yoy_accel": 0.15189337163316213,
      "op_leverage_ratio": 1.4539129803953268,
      "fcf_margin_change": 0.2438235889210086
    }
  ],
  "signals": [
    {
      "quarter": "2025-09 (Q3)",
      "signal": "FCF TURNED POSITIVE",
      "detail": "FCF margin: -1.5% -> +22.9%",
      "severity": "HIGH"
    },
    {
      "quarter": "2025-09 (Q3)",
      "signal": "YoY REVENUE GROWTH ACCELERATION",
      "detail": "YoY growth: +45.4% vs prior quarter YoY: +30.2% (accel: +15.2%)",
      "severity": "HIGH"
    },
    {
      "quarter": "2025-09 (Q3)",
      "signal": "INCREMENTAL MARGIN (YoY)",
      "detail": "YoY Incr OPM: +60.0% vs year-ago OPM: +2.7%",
      "severity": "HIGH"
    },
    {
      "quarter": "2025-06 (Q2)",
      "signal": "GROSS MARGIN INFLECTION",
      "detail": "GM: +78.8% -> +67.5% -> +74.5% (reversal +7.0%)",
      "severity": "HIGH"
    },
    {
      "quarter": "2025-06 (Q2)",
      "signal": "YoY REVENUE GROWTH DECELERATION",
      "detail": "YoY growth: +30.2% vs prior quarter YoY: +38.3% (decel: -8.0%)",
      "severity": "WARNING"
    },
    {
      "quarter": "2025-06 (Q2)",
      "signal": "INCREMENTAL MARGIN (YoY)",
      "detail": "YoY Incr OPM: +66.7% vs year-ago OPM: +3.1%",
      "severity": "HIGH"
    },
    {
      "quarter": "2025-06 (Q2)",
      "signal": "OP MARGIN TURNED POSITIVE (QoQ)",
      "detail": "Op margin: -23.5% -> +17.9%",
      "severity": "HIGH"
    },
    {
      "quarter": "2025-03 (Q1)",
      "signal": "FCF TURNED POSITIVE",
      "detail": "FCF margin: -27.4% -> +40.8%",
      "severity": "HIGH"
    },
    {
      "quarter": "2025-03 (Q1)",
      "signal": "YoY REVENUE GROWTH DECELERATION",
      "detail": "YoY growth: +38.3% vs prior quarter YoY: +83.8% (decel: -45.5%)",
      "severity": "WARNING"
    },
    {
      "quarter": "2024-12 (Q4)",
      "signal": "OPERATING LEVERAGE",
      "detail": "Rev growth +35.7% vs OpEx growth +10.8% (leverage: 3.3x)",
      "severity": "MEDIUM"
    },
    {
      "quarter": "2024-12 (Q4)",
      "signal": "YoY REVENUE GROWTH ACCELERATION",
      "detail": "YoY growth: +83.8% vs prior quarter YoY: +43.8% (accel: +40.1%)",
      "severity": "HIGH"
    },
    {
      "quarter": "2024-12 (Q4)",
      "signal": "OP MARGIN TURNED POSITIVE (YoY)",
      "detail": "Op margin: -13.4% (year-ago) -> +19.3%",
      "severity": "HIGH"
    },
    {
      "quarter": "2024-09 (Q3)",
      "signal": "FCF TURNED POSITIVE",
      "detail": "FCF margin: -6.3% -> +4.8%",
      "severity": "HIGH"
    },
    {
      "quarter": "2024-06 (Q2)",
      "signal": "FCF MARGIN EXPANSION",
      "detail": "FCF margin: -13.6% -> -6.3% (+7.3%)",
      "severity": "MEDIUM"
    },
    {
      "quarter": "2024-06 (Q2)",
      "signal": "OPERATING LEVERAGE",
      "detail": "Rev growth +41.5% vs OpEx growth +12.6% (leverage: 3.3x)",
      "severity": "MEDIUM"
    },
    {
      "quarter": "2024-06 (Q2)",
      "signal": "YoY REVENUE GROWTH ACCELERATION",
      "detail": "YoY growth: +46.2% vs prior quarter YoY: +32.5% (accel: +13.7%)",
      "severity": "MEDIUM"
    },
    {
      "quarter": "2024-06 (Q2)",
      "signal": "OP MARGIN TURNED POSITIVE (QoQ)",
      "detail": "Op margin: -20.0% -> +3.1%",
      "severity": "HIGH"
    },
    {
      "quarter": "2024-03 (Q1)",
      "signal": "YoY REVENUE GROWTH DECELERATION",
      "detail": "YoY growth: +32.5% vs prior quarter YoY: +78.8% (decel: -46.3%)",
      "severity": "WARNING"
    },
    {
      "quarter": "2023-12 (Q4)",
      "signal": "FCF TURNED POSITIVE",
      "detail": "FCF margin: -5.0% -> +23.4%",
      "severity": "HIGH"
    },
    {
      "quarter": "2023-12 (Q4)",
      "signal": "YoY REVENUE GROWTH ACCELERATION",
      "detail": "YoY growth: +78.8% vs prior quarter YoY: +50.1% (accel: +28.7%)",
      "severity": "HIGH"
    },
    {
      "quarter": "2023-09 (Q3)",
      "signal": "YoY REVENUE GROWTH ACCELERATION",
      "detail": "YoY growth: +50.1% vs prior quarter YoY: +43.5% (accel: +6.6%)",
      "severity": "MEDIUM"
    },
    {
      "quarter": "2023-09 (Q3)",
      "signal": "OP MARGIN TURNED POSITIVE (YoY)",
      "detail": "Op margin: -0.4% (year-ago) -> +5.1%",
      "severity": "HIGH"
    },
    {
      "quarter": "2023-06 (Q2)",
      "signal": "FCF TURNED POSITIVE",
      "detail": "FCF margin: -33.4% -> +12.9%",
      "severity": "HIGH"
    },
    {
      "quarter": "2023-06 (Q2)",
      "signal": "YoY REVENUE GROWTH ACCELERATION",
      "detail": "YoY growth: +43.5% vs prior quarter YoY: +18.0% (accel: +25.5%)",
      "severity": "HIGH"
    },
    {
      "quarter": "2023-03 (Q1)",
      "signal": "OPERATING LEVERAGE",
      "detail": "Rev growth +28.4% vs OpEx growth +4.3% (leverage: 6.7x)",
      "severity": "MEDIUM"
    },
    {
      "quarter": "2023-03 (Q1)",
      "signal": "YoY REVENUE GROWTH ACCELERATION",
      "detail": "YoY growth: +18.0% vs prior quarter YoY: +0.7% (accel: +17.3%)",
      "severity": "HIGH"
    },
    {
      "quarter": "2023-03 (Q1)",
      "signal": "OP MARGIN TURNED POSITIVE (QoQ)",
      "detail": "Op margin: -8.7% -> +4.6%",
      "severity": "HIGH"
    },
    {
      "quarter": "2022-12 (Q4)",
      "signal": "YoY REVENUE GROWTH DECELERATION",
      "detail": "YoY growth: +0.7% vs prior quarter YoY: +22.0% (decel: -21.3%)",
      "severity": "WARNING"
    },
    {
      "quarter": "2022-09 (Q3)",
      "signal": "YoY REVENUE GROWTH DECELERATION",
      "detail": "YoY growth: +22.0% vs prior quarter YoY: +28.6% (decel: -6.6%)",
      "severity": "WARNING"
    },
    {
      "quarter": "2022-06 (Q2)",
      "signal": "FCF MARGIN EXPANSION",
      "detail": "FCF margin: +2.5% -> +19.7% (+17.2%)",
      "severity": "MEDIUM"
    },
    {
      "quarter": "2022-06 (Q2)",
      "signal": "YoY REVENUE GROWTH DECELERATION",
      "detail": "YoY growth: +28.6% vs prior quarter YoY: +43.2% (decel: -14.6%)",
      "severity": "WARNING"
    },
    {
      "quarter": "2022-03 (Q1)",
      "signal": "FCF TURNED POSITIVE",
      "detail": "FCF margin: -8.1% -> +2.5%",
      "severity": "HIGH"
    },
    {
      "quarter": "2022-03 (Q1)",
      "signal": "OP MARGIN TURNED POSITIVE (QoQ)",
      "detail": "Op margin: -8.7% -> +9.5%",
      "severity": "HIGH"
    },
    {
      "quarter": "2021-06 (Q2)",
      "signal": "OPERATING LEVERAGE",
      "detail": "Rev growth +17.4% vs OpEx growth +9.0% (leverage: 1.9x)",
      "severity": "MEDIUM"
    },
    {
      "quarter": "2021-03 (Q1)",
      "signal": "FCF TURNED POSITIVE",
      "detail": "FCF margin: -4.4% -> +19.4%",
      "severity": "HIGH"
    }
  ],
  "data_quality": {
    "n_quarters": 20,
    "coverage": {
      "revenue": [
        20,
        20
      ],
      "gross_profit": [
        20,
        20
      ],
      "op_income": [
        20,
        20
      ],
      "fcf": [
        20,
        20
      ]
    },
    "gaps": [],
    "warnings": []
  },
  "market_cap": null,
  "source": "SEC EDGAR",
  "last_updated": "2026-02-02T21:46:12.960819",
  "sector": "Healthcare",
  "industry": "Drug Manufacturers - Specialty & Generic"
}