{
  "ticker": "HRTX",
  "name": "HERON THERAPEUTICS, INC. /DE/",
  "quarters": [
    {
      "date": "2020-12-31T00:00:00",
      "quarter_label": "2020-12 (Q4)",
      "revenue": 20605000,
      "gross_profit": 11213000,
      "operating_income": -61296000,
      "net_income": -62281000,
      "opex": 81901000,
      "cogs": 9392000,
      "rd": 44453000,
      "sga": null,
      "fcf": -55048000,
      "ocf": -52554000,
      "capex": -2494000,
      "gross_margin": 0.5441883038097549,
      "op_margin": -2.974811938849794,
      "fcf_margin": -2.671584566852706
    },
    {
      "date": "2021-03-31T00:00:00",
      "quarter_label": "2021-03 (Q1)",
      "revenue": 20018000,
      "gross_profit": 10811000,
      "operating_income": -52114000,
      "net_income": -52614000,
      "opex": 72132000,
      "cogs": 9207000,
      "rd": 38116000,
      "sga": null,
      "fcf": -42724000,
      "ocf": -41938000,
      "capex": -786000,
      "gross_margin": 0.5400639424517933,
      "op_margin": -2.6033569787191526,
      "fcf_margin": -2.1342791487661104,
      "fcf_margin_change": 0.5373054180865955
    },
    {
      "date": "2021-06-30T00:00:00",
      "quarter_label": "2021-06 (Q2)",
      "revenue": 22443000,
      "gross_profit": 7921000,
      "operating_income": -60469000,
      "net_income": -61015000,
      "opex": 82912000,
      "cogs": 14522000,
      "rd": 35233000,
      "sga": null,
      "fcf": -63307000,
      "ocf": -62992000,
      "capex": -315000,
      "gross_margin": 0.3529385554515885,
      "op_margin": -2.694336764247204,
      "fcf_margin": -2.8207904469099496,
      "op_leverage_ratio": 0.8105881886265256,
      "fcf_margin_change": -0.6865112981438393
    },
    {
      "date": "2021-09-30T00:00:00",
      "quarter_label": "2021-09 (Q3)",
      "revenue": 23230000,
      "gross_profit": 11879000,
      "operating_income": -51708000,
      "net_income": -52408000,
      "opex": 74938000,
      "cogs": 11351000,
      "rd": 28595000,
      "sga": null,
      "fcf": -54697000,
      "ocf": -53166000,
      "capex": -1531000,
      "gross_margin": 0.5113646147223418,
      "op_margin": -2.2259147653895823,
      "fcf_margin": -2.354584588893672,
      "op_leverage_ratio": Infinity,
      "fcf_margin_change": 0.46620585801627756
    },
    {
      "date": "2021-12-31T00:00:00",
      "quarter_label": "2021-12 (Q4)",
      "revenue": 20655000,
      "gross_profit": 9714000,
      "operating_income": -53537000,
      "net_income": -54646000,
      "opex": 74192000,
      "cogs": 10941000,
      "rd": 28877000,
      "sga": null,
      "fcf": -45648000,
      "ocf": -45258000,
      "capex": -390000,
      "gross_margin": 0.4702977487291213,
      "op_margin": -2.5919632050351002,
      "fcf_margin": -2.2100217864923746,
      "rev_growth_yoy": 0.0024265954865323952,
      "fcf_margin_change": 0.14456280240129749
    },
    {
      "date": "2022-03-31T00:00:00",
      "quarter_label": "2022-03 (Q1)",
      "revenue": 23457000,
      "gross_profit": 12102000,
      "operating_income": -62923000,
      "net_income": -63888000,
      "opex": 86380000,
      "cogs": 11355000,
      "rd": 42070000,
      "sga": null,
      "fcf": -44983000,
      "ocf": -43939000,
      "capex": -1044000,
      "gross_margin": 0.5159227522701113,
      "op_margin": -2.682482840943002,
      "fcf_margin": -1.9176791576075372,
      "incr_op_margin_yoy": -3.143064844431521,
      "rev_growth_yoy": 0.17179538415426115,
      "rev_growth_yoy_accel": 0.16936878866772875,
      "op_leverage_ratio": 0.8257860929199501,
      "fcf_margin_change": 0.2923426288848374
    },
    {
      "date": "2022-06-30T00:00:00",
      "quarter_label": "2022-06 (Q2)",
      "revenue": 27630000,
      "gross_profit": 11455000,
      "operating_income": -49498000,
      "net_income": -56359000,
      "opex": 77128000,
      "cogs": 16175000,
      "rd": 28834000,
      "sga": null,
      "fcf": -28695000,
      "ocf": -28373000,
      "capex": -322000,
      "gross_margin": 0.41458559536735434,
      "op_margin": -1.7914585595367354,
      "fcf_margin": -1.0385450597176982,
      "incr_op_margin_yoy": 2.1150954308849044,
      "rev_growth_yoy": 0.23111883438043043,
      "rev_growth_yoy_accel": 0.05932345022616928,
      "op_leverage_ratio": Infinity,
      "fcf_margin_change": 0.879134097889839
    },
    {
      "date": "2022-09-30T00:00:00",
      "quarter_label": "2022-09 (Q3)",
      "revenue": 26557000,
      "gross_profit": 11840000,
      "operating_income": -41882000,
      "net_income": -41908000,
      "opex": 68439000,
      "cogs": 14717000,
      "rd": 25545000,
      "sga": null,
      "fcf": -37111000,
      "ocf": -37066000,
      "capex": -45000,
      "gross_margin": 0.445833490228565,
      "op_margin": -1.5770606619723613,
      "fcf_margin": -1.3974093459351584,
      "incr_op_margin_yoy": 2.9534114818154493,
      "rev_growth_yoy": 0.14321997417133017,
      "rev_growth_yoy_accel": -0.08789886020910026,
      "fcf_margin_change": -0.35886428621746025
    },
    {
      "date": "2022-12-31T00:00:00",
      "quarter_label": "2022-12 (Q4)",
      "revenue": 30028000,
      "gross_profit": 17401000,
      "operating_income": -20355000,
      "net_income": -19869000,
      "opex": 50383000,
      "cogs": 12627000,
      "rd": 11057000,
      "sga": null,
      "fcf": -37948000,
      "ocf": -37534000,
      "capex": -414000,
      "gross_margin": 0.5794924736912215,
      "op_margin": -0.6778673238310909,
      "fcf_margin": -1.2637538297588917,
      "incr_op_margin_yoy": 3.540168569294783,
      "rev_growth_yoy": 0.45378842895182764,
      "rev_growth_yoy_accel": 0.31056845478049744,
      "op_leverage_ratio": Infinity,
      "fcf_margin_change": 0.1336555161762667
    },
    {
      "date": "2023-03-31T00:00:00",
      "quarter_label": "2023-03 (Q1)",
      "revenue": 29615000,
      "gross_profit": 12761000,
      "operating_income": -33063000,
      "net_income": -32768000,
      "opex": 62678000,
      "cogs": 16854000,
      "rd": 13817000,
      "sga": null,
      "fcf": -25124000,
      "ocf": -24900000,
      "capex": -224000,
      "gross_margin": 0.4308965051494175,
      "op_margin": -1.1164274860712478,
      "fcf_margin": -0.8483538747256458,
      "incr_op_margin_yoy": 4.848976940565119,
      "rev_growth_yoy": 0.2625229142686618,
      "rev_growth_yoy_accel": -0.19126551468316583,
      "fcf_margin_change": 0.4153999550332459
    },
    {
      "date": "2023-06-30T00:00:00",
      "quarter_label": "2023-06 (Q2)",
      "revenue": 31762000,
      "gross_profit": 11604000,
      "operating_income": -42403000,
      "net_income": -42059000,
      "opex": 74165000,
      "cogs": 20158000,
      "rd": 17572000,
      "sga": null,
      "fcf": -27443000,
      "ocf": -27165000,
      "capex": -278000,
      "gross_margin": 0.365342232856873,
      "op_margin": -1.3350229834393301,
      "fcf_margin": -0.8640198979913104,
      "incr_op_margin_yoy": 1.7170861568247822,
      "rev_growth_yoy": 0.14954759319580166,
      "rev_growth_yoy_accel": -0.11297532107286015,
      "op_leverage_ratio": 0.3955749815090945,
      "fcf_margin_change": -0.015666023265664575
    },
    {
      "date": "2023-09-30T00:00:00",
      "quarter_label": "2023-09 (Q3)",
      "revenue": 31434000,
      "gross_profit": 13226000,
      "operating_income": -24929000,
      "net_income": -25008000,
      "opex": 38155000,
      "cogs": 18208000,
      "rd": 13558000,
      "sga": null,
      "fcf": -9972000,
      "ocf": -9179000,
      "capex": -793000,
      "gross_margin": 0.420754596933257,
      "op_margin": -0.7930584717185214,
      "fcf_margin": -0.31723611376216837,
      "incr_op_margin_yoy": 3.476112364158294,
      "rev_growth_yoy": 0.18364273073012766,
      "rev_growth_yoy_accel": 0.034095137534326,
      "fcf_margin_change": 0.5467837842291421
    },
    {
      "date": "2023-12-31T00:00:00",
      "quarter_label": "2023-12 (Q4)",
      "revenue": 34233000,
      "gross_profit": 24348000,
      "operating_income": -10220000,
      "net_income": -10724000,
      "opex": 34568000,
      "cogs": 9885000,
      "rd": 10950000,
      "sga": null,
      "fcf": 2205000,
      "ocf": 2455000,
      "capex": -250000,
      "gross_margin": 0.7112435369380422,
      "op_margin": -0.2985423421844419,
      "fcf_margin": 0.0644115327315748,
      "incr_op_margin_yoy": 2.4102259215219974,
      "rev_growth_yoy": 0.14003596643133076,
      "rev_growth_yoy_accel": -0.043606764298796896,
      "op_leverage_ratio": Infinity,
      "fcf_margin_change": 0.38164764649374316
    },
    {
      "date": "2024-03-31T00:00:00",
      "quarter_label": "2024-03 (Q1)",
      "revenue": 34670000,
      "gross_profit": 26226000,
      "operating_income": -4798000,
      "net_income": -3160000,
      "opex": 31024000,
      "cogs": 8444000,
      "rd": 4608000,
      "sga": null,
      "fcf": -9516000,
      "ocf": -9516000,
      "capex": null,
      "gross_margin": 0.756446495529276,
      "op_margin": -0.13839053937121432,
      "fcf_margin": -0.27447360830689355,
      "incr_op_margin_yoy": 5.591493570722057,
      "rev_growth_yoy": 0.17069052844842142,
      "rev_growth_yoy_accel": 0.03065456201709066,
      "op_leverage_ratio": Infinity,
      "fcf_margin_change": -0.33888514103846834
    },
    {
      "date": "2024-06-30T00:00:00",
      "quarter_label": "2024-06 (Q2)",
      "revenue": 36024000,
      "gross_profit": 25506000,
      "operating_income": -6445000,
      "net_income": -9235000,
      "opex": 31951000,
      "cogs": 10518000,
      "rd": 4432000,
      "sga": null,
      "fcf": -4604000,
      "ocf": -4604000,
      "capex": null,
      "gross_margin": 0.7080279813457695,
      "op_margin": -0.17890850544081724,
      "fcf_margin": -0.12780368643126805,
      "incr_op_margin_yoy": 8.436884091975598,
      "rev_growth_yoy": 0.13418550469114035,
      "rev_growth_yoy_accel": -0.03650502375728107,
      "op_leverage_ratio": 1.3070219474166818,
      "fcf_margin_change": 0.1466699218756255
    },
    {
      "date": "2024-09-30T00:00:00",
      "quarter_label": "2024-09 (Q3)",
      "revenue": 32810000,
      "gross_profit": 23352000,
      "operating_income": -4458000,
      "net_income": -4848000,
      "opex": 27810000,
      "cogs": 9458000,
      "rd": 4465000,
      "sga": null,
      "fcf": 2940000,
      "ocf": 3371000,
      "capex": -431000,
      "gross_margin": 0.7117342273697044,
      "op_margin": -0.1358732093873819,
      "fcf_margin": 0.08960682718683328,
      "incr_op_margin_yoy": 14.877180232558139,
      "rev_growth_yoy": 0.0437742571737609,
      "rev_growth_yoy_accel": -0.09041124751737944,
      "fcf_margin_change": 0.21741051361810132
    },
    {
      "date": "2024-12-31T00:00:00",
      "quarter_label": "2024-12 (Q4)",
      "revenue": 40781000,
      "gross_profit": 30553000,
      "operating_income": 4173000,
      "net_income": 3663000,
      "opex": 26380000,
      "cogs": 10228000,
      "rd": 3178000,
      "sga": null,
      "fcf": -12418000,
      "ocf": -11780000,
      "capex": -638000,
      "gross_margin": 0.7491969299428656,
      "op_margin": 0.102327064073956,
      "fcf_margin": -0.3045045486868885,
      "incr_op_margin_yoy": 2.1980757483200977,
      "rev_growth_yoy": 0.19127742237022755,
      "rev_growth_yoy_accel": 0.14750316519646664,
      "op_leverage_ratio": Infinity,
      "fcf_margin_change": -0.39411137587372175
    },
    {
      "date": "2025-03-31T00:00:00",
      "quarter_label": "2025-03 (Q1)",
      "revenue": 38903000,
      "gross_profit": 30446000,
      "operating_income": 3154000,
      "net_income": 2635000,
      "opex": 27292000,
      "cogs": 8457000,
      "rd": 2279000,
      "sga": null,
      "fcf": -8979000,
      "ocf": -8870000,
      "capex": -109000,
      "gross_margin": 0.7826131660797367,
      "op_margin": 0.08107343906639591,
      "fcf_margin": -0.23080482225021207,
      "incr_op_margin_yoy": 1.8785731159933854,
      "rev_growth_yoy": 0.12209402942024805,
      "rev_growth_yoy_accel": -0.0691833929499795,
      "fcf_margin_change": 0.07369972643667641
    },
    {
      "date": "2025-06-30T00:00:00",
      "quarter_label": "2025-06 (Q2)",
      "revenue": 37200000,
      "gross_profit": 27343000,
      "operating_income": -1637000,
      "net_income": -2381000,
      "opex": 28980000,
      "cogs": 9857000,
      "rd": 2934000,
      "sga": null,
      "fcf": -11076000,
      "ocf": -10868000,
      "capex": -208000,
      "gross_margin": 0.7350268817204301,
      "op_margin": -0.04400537634408602,
      "fcf_margin": -0.29774193548387096,
      "incr_op_margin_yoy": 4.08843537414966,
      "rev_growth_yoy": 0.03264490339773484,
      "rev_growth_yoy_accel": -0.0894491260225132,
      "fcf_margin_change": -0.06693711323365889
    },
    {
      "date": "2025-09-30T00:00:00",
      "quarter_label": "2025-09 (Q3)",
      "revenue": 38213000,
      "gross_profit": 26299000,
      "operating_income": -4093000,
      "net_income": -17495000,
      "opex": 30392000,
      "cogs": 11914000,
      "rd": 3470000,
      "sga": null,
      "fcf": 1331000,
      "ocf": 1331000,
      "capex": null,
      "gross_margin": 0.6882212859498077,
      "op_margin": -0.10711014576191348,
      "fcf_margin": 0.03483107842880695,
      "incr_op_margin_yoy": 0.06755506200259115,
      "rev_growth_yoy": 0.16467540384029258,
      "rev_growth_yoy_accel": 0.13203050044255774,
      "op_leverage_ratio": 0.5588949556794297,
      "fcf_margin_change": 0.3325730139126779
    }
  ],
  "signals": [
    {
      "quarter": "2025-09 (Q3)",
      "signal": "FCF TURNED POSITIVE",
      "detail": "FCF margin: -29.8% -> +3.5%",
      "severity": "HIGH"
    },
    {
      "quarter": "2025-09 (Q3)",
      "signal": "YoY REVENUE GROWTH ACCELERATION",
      "detail": "YoY growth: +16.5% vs prior quarter YoY: +3.3% (accel: +13.2%)",
      "severity": "MEDIUM"
    },
    {
      "quarter": "2025-06 (Q2)",
      "signal": "YoY REVENUE GROWTH DECELERATION",
      "detail": "YoY growth: +3.3% vs prior quarter YoY: +12.2% (decel: -8.9%)",
      "severity": "WARNING"
    },
    {
      "quarter": "2025-03 (Q1)",
      "signal": "FCF MARGIN EXPANSION",
      "detail": "FCF margin: -30.5% -> -23.1% (+7.4%)",
      "severity": "MEDIUM"
    },
    {
      "quarter": "2025-03 (Q1)",
      "signal": "YoY REVENUE GROWTH DECELERATION",
      "detail": "YoY growth: +12.2% vs prior quarter YoY: +19.1% (decel: -6.9%)",
      "severity": "WARNING"
    },
    {
      "quarter": "2025-03 (Q1)",
      "signal": "OP MARGIN TURNED POSITIVE (YoY)",
      "detail": "Op margin: -13.8% (year-ago) -> +8.1%",
      "severity": "HIGH"
    },
    {
      "quarter": "2024-12 (Q4)",
      "signal": "YoY REVENUE GROWTH ACCELERATION",
      "detail": "YoY growth: +19.1% vs prior quarter YoY: +4.4% (accel: +14.8%)",
      "severity": "MEDIUM"
    },
    {
      "quarter": "2024-12 (Q4)",
      "signal": "OP MARGIN TURNED POSITIVE (YoY)",
      "detail": "Op margin: -29.9% (year-ago) -> +10.2%",
      "severity": "HIGH"
    },
    {
      "quarter": "2024-12 (Q4)",
      "signal": "OP MARGIN TURNED POSITIVE (QoQ)",
      "detail": "Op margin: -13.6% -> +10.2%",
      "severity": "HIGH"
    },
    {
      "quarter": "2024-09 (Q3)",
      "signal": "FCF TURNED POSITIVE",
      "detail": "FCF margin: -12.8% -> +9.0%",
      "severity": "HIGH"
    },
    {
      "quarter": "2024-09 (Q3)",
      "signal": "YoY REVENUE GROWTH DECELERATION",
      "detail": "YoY growth: +4.4% vs prior quarter YoY: +13.4% (decel: -9.0%)",
      "severity": "WARNING"
    },
    {
      "quarter": "2024-06 (Q2)",
      "signal": "FCF MARGIN EXPANSION",
      "detail": "FCF margin: -27.4% -> -12.8% (+14.7%)",
      "severity": "MEDIUM"
    },
    {
      "quarter": "2023-12 (Q4)",
      "signal": "FCF TURNED POSITIVE",
      "detail": "FCF margin: -31.7% -> +6.4%",
      "severity": "HIGH"
    },
    {
      "quarter": "2023-09 (Q3)",
      "signal": "FCF MARGIN EXPANSION",
      "detail": "FCF margin: -86.4% -> -31.7% (+54.7%)",
      "severity": "MEDIUM"
    },
    {
      "quarter": "2023-09 (Q3)",
      "signal": "GROSS MARGIN INFLECTION",
      "detail": "GM: +43.1% -> +36.5% -> +42.1% (reversal +5.5%)",
      "severity": "HIGH"
    },
    {
      "quarter": "2023-06 (Q2)",
      "signal": "YoY REVENUE GROWTH DECELERATION",
      "detail": "YoY growth: +15.0% vs prior quarter YoY: +26.3% (decel: -11.3%)",
      "severity": "WARNING"
    },
    {
      "quarter": "2023-03 (Q1)",
      "signal": "FCF MARGIN EXPANSION",
      "detail": "FCF margin: -126.4% -> -84.8% (+41.5%)",
      "severity": "MEDIUM"
    },
    {
      "quarter": "2023-03 (Q1)",
      "signal": "YoY REVENUE GROWTH DECELERATION",
      "detail": "YoY growth: +26.3% vs prior quarter YoY: +45.4% (decel: -19.1%)",
      "severity": "WARNING"
    },
    {
      "quarter": "2022-12 (Q4)",
      "signal": "FCF MARGIN EXPANSION",
      "detail": "FCF margin: -139.7% -> -126.4% (+13.4%)",
      "severity": "MEDIUM"
    },
    {
      "quarter": "2022-12 (Q4)",
      "signal": "YoY REVENUE GROWTH ACCELERATION",
      "detail": "YoY growth: +45.4% vs prior quarter YoY: +14.3% (accel: +31.1%)",
      "severity": "HIGH"
    },
    {
      "quarter": "2022-09 (Q3)",
      "signal": "GROSS MARGIN INFLECTION",
      "detail": "GM: +51.6% -> +41.5% -> +44.6% (reversal +3.1%)",
      "severity": "MEDIUM"
    },
    {
      "quarter": "2022-09 (Q3)",
      "signal": "YoY REVENUE GROWTH DECELERATION",
      "detail": "YoY growth: +14.3% vs prior quarter YoY: +23.1% (decel: -8.8%)",
      "severity": "WARNING"
    },
    {
      "quarter": "2022-06 (Q2)",
      "signal": "FCF MARGIN EXPANSION",
      "detail": "FCF margin: -191.8% -> -103.9% (+87.9%)",
      "severity": "MEDIUM"
    },
    {
      "quarter": "2022-06 (Q2)",
      "signal": "YoY REVENUE GROWTH ACCELERATION",
      "detail": "YoY growth: +23.1% vs prior quarter YoY: +17.2% (accel: +5.9%)",
      "severity": "MEDIUM"
    },
    {
      "quarter": "2022-03 (Q1)",
      "signal": "FCF MARGIN EXPANSION",
      "detail": "FCF margin: -221.0% -> -191.8% (+29.2%)",
      "severity": "MEDIUM"
    },
    {
      "quarter": "2022-03 (Q1)",
      "signal": "GROSS MARGIN INFLECTION",
      "detail": "GM: +51.1% -> +47.0% -> +51.6% (reversal +4.6%)",
      "severity": "MEDIUM"
    },
    {
      "quarter": "2022-03 (Q1)",
      "signal": "YoY REVENUE GROWTH ACCELERATION",
      "detail": "YoY growth: +17.2% vs prior quarter YoY: +0.2% (accel: +16.9%)",
      "severity": "HIGH"
    },
    {
      "quarter": "2021-12 (Q4)",
      "signal": "FCF MARGIN EXPANSION",
      "detail": "FCF margin: -235.5% -> -221.0% (+14.5%)",
      "severity": "MEDIUM"
    },
    {
      "quarter": "2021-09 (Q3)",
      "signal": "FCF MARGIN EXPANSION",
      "detail": "FCF margin: -282.1% -> -235.5% (+46.6%)",
      "severity": "MEDIUM"
    },
    {
      "quarter": "2021-09 (Q3)",
      "signal": "GROSS MARGIN INFLECTION",
      "detail": "GM: +54.0% -> +35.3% -> +51.1% (reversal +15.8%)",
      "severity": "HIGH"
    },
    {
      "quarter": "2021-03 (Q1)",
      "signal": "FCF MARGIN EXPANSION",
      "detail": "FCF margin: -267.2% -> -213.4% (+53.7%)",
      "severity": "MEDIUM"
    }
  ],
  "data_quality": {
    "n_quarters": 20,
    "coverage": {
      "revenue": [
        20,
        20
      ],
      "gross_profit": [
        20,
        20
      ],
      "op_income": [
        20,
        20
      ],
      "fcf": [
        20,
        20
      ]
    },
    "gaps": [],
    "warnings": []
  },
  "market_cap": null,
  "source": "SEC EDGAR",
  "last_updated": "2026-02-02T22:52:17.253591"
}