{
  "ticker": "HSTM",
  "name": "HEALTHSTREAM INC",
  "quarters": [
    {
      "date": "2020-12-31T00:00:00",
      "quarter_label": "2020-12 (Q4)",
      "revenue": 61818000,
      "gross_profit": 39082000,
      "operating_income": 1137000,
      "net_income": 923000,
      "opex": 60681000,
      "cogs": 22736000,
      "rd": 8814000,
      "sga": null,
      "fcf": 4867000,
      "ocf": 5121000,
      "capex": -254000,
      "gross_margin": 0.632210682972597,
      "op_margin": 0.018392701155003396,
      "fcf_margin": 0.07873111391504092
    },
    {
      "date": "2021-03-31T00:00:00",
      "quarter_label": "2021-03 (Q1)",
      "revenue": 63468000,
      "gross_profit": 42231000,
      "operating_income": 3300000,
      "net_income": 2291000,
      "opex": 60168000,
      "cogs": 21237000,
      "rd": 9361000,
      "sga": null,
      "fcf": 17206000,
      "ocf": 19104000,
      "capex": -1898000,
      "gross_margin": 0.6653904329740972,
      "op_margin": 0.05199470599357156,
      "fcf_margin": 0.2710972458561795,
      "op_leverage_ratio": Infinity,
      "fcf_margin_change": 0.19236613194113858
    },
    {
      "date": "2021-06-30T00:00:00",
      "quarter_label": "2021-06 (Q2)",
      "revenue": 64816000,
      "gross_profit": 42159000,
      "operating_income": 3431000,
      "net_income": 2441000,
      "opex": 61385000,
      "cogs": 22657000,
      "rd": 10336000,
      "sga": null,
      "fcf": 4711000,
      "ocf": 5220000,
      "capex": -509000,
      "gross_margin": 0.6504412490743027,
      "op_margin": 0.05293446062700568,
      "fcf_margin": 0.07268267094544557,
      "op_leverage_ratio": 1.050050235267597,
      "fcf_margin_change": -0.19841457491073394
    },
    {
      "date": "2021-09-30T00:00:00",
      "quarter_label": "2021-09 (Q3)",
      "revenue": 64091000,
      "gross_profit": 41506000,
      "operating_income": 1785000,
      "net_income": 1500000,
      "opex": 62306000,
      "cogs": 22585000,
      "rd": 10344000,
      "sga": null,
      "fcf": 11917000,
      "ocf": 12112000,
      "capex": -195000,
      "gross_margin": 0.6476104289213774,
      "op_margin": 0.02785102432478819,
      "fcf_margin": 0.18593874334930022,
      "fcf_margin_change": 0.11325607240385464
    },
    {
      "date": "2021-12-31T00:00:00",
      "quarter_label": "2021-12 (Q4)",
      "revenue": 64338000,
      "gross_profit": 41358000,
      "operating_income": -460000,
      "net_income": -387000,
      "opex": 64798000,
      "cogs": 22980000,
      "rd": 11454000,
      "sga": null,
      "fcf": 5134000,
      "ocf": 5949000,
      "capex": -815000,
      "gross_margin": 0.6428238366128882,
      "op_margin": -0.007149740433336442,
      "fcf_margin": 0.0797973204016289,
      "incr_op_margin_yoy": -0.6337301587301587,
      "rev_growth_yoy": 0.04076482577889935,
      "fcf_margin_change": -0.10614142294767132
    },
    {
      "date": "2022-03-31T00:00:00",
      "quarter_label": "2022-03 (Q1)",
      "revenue": 65367000,
      "gross_profit": 43369000,
      "operating_income": 4035000,
      "net_income": 2893000,
      "opex": 61332000,
      "cogs": 21998000,
      "rd": 10412000,
      "sga": null,
      "fcf": 20019000,
      "ocf": 20655000,
      "capex": -636000,
      "gross_margin": 0.6634693346795784,
      "op_margin": 0.06172839506172839,
      "fcf_margin": 0.30625544999770526,
      "incr_op_margin_yoy": 0.38704581358609796,
      "rev_growth_yoy": 0.029920589903573453,
      "rev_growth_yoy_accel": -0.0108442358753259,
      "op_leverage_ratio": Infinity,
      "fcf_margin_change": 0.22645812959607636
    },
    {
      "date": "2022-06-30T00:00:00",
      "quarter_label": "2022-06 (Q2)",
      "revenue": 65638000,
      "gross_profit": 43404000,
      "operating_income": 2953000,
      "net_income": 3083000,
      "opex": 62685000,
      "cogs": 22234000,
      "rd": 10583000,
      "sga": null,
      "fcf": 6781000,
      "ocf": 7326000,
      "capex": -545000,
      "gross_margin": 0.6612632926048935,
      "op_margin": 0.04498918309515829,
      "fcf_margin": 0.103309058776928,
      "rev_growth_yoy": 0.012682053813873117,
      "rev_growth_yoy_accel": -0.017238536089700336,
      "fcf_margin_change": -0.20294639122077726
    },
    {
      "date": "2022-09-30T00:00:00",
      "quarter_label": "2022-09 (Q3)",
      "revenue": 67285000,
      "gross_profit": 43911000,
      "operating_income": 2382000,
      "net_income": 3666000,
      "opex": 64903000,
      "cogs": 23374000,
      "rd": 11476000,
      "sga": null,
      "fcf": 14710000,
      "ocf": 15099000,
      "capex": -389000,
      "gross_margin": 0.6526120234822026,
      "op_margin": 0.035401649699041395,
      "fcf_margin": 0.21862227836813555,
      "incr_op_margin_yoy": 0.18691296180338135,
      "rev_growth_yoy": 0.04983539030441091,
      "rev_growth_yoy_accel": 0.0371533364905378,
      "op_leverage_ratio": 0.7091536589009352,
      "fcf_margin_change": 0.11531321959120755
    },
    {
      "date": "2022-12-31T00:00:00",
      "quarter_label": "2022-12 (Q4)",
      "revenue": 68536000,
      "gross_profit": 44999000,
      "operating_income": 3077000,
      "net_income": 2449000,
      "opex": 65459000,
      "cogs": 23537000,
      "rd": 11807000,
      "sga": null,
      "fcf": 7910000,
      "ocf": 8108000,
      "capex": -198000,
      "gross_margin": 0.6565746469008988,
      "op_margin": 0.04489611299171239,
      "fcf_margin": 0.1154137971285164,
      "incr_op_margin_yoy": 0.8425440686040971,
      "rev_growth_yoy": 0.06524915291118778,
      "rev_growth_yoy_accel": 0.01541376260677687,
      "op_leverage_ratio": 2.1703462881771567,
      "fcf_margin_change": -0.10320848123961915
    },
    {
      "date": "2023-03-31T00:00:00",
      "quarter_label": "2023-03 (Q1)",
      "revenue": 68946000,
      "gross_profit": 45090000,
      "operating_income": 2891000,
      "net_income": 2623000,
      "opex": 66055000,
      "cogs": 23856000,
      "rd": 11680000,
      "sga": null,
      "fcf": 19662000,
      "ocf": 20541000,
      "capex": -879000,
      "gross_margin": 0.6539900791924115,
      "op_margin": 0.041931366576741215,
      "fcf_margin": 0.28517970585675745,
      "incr_op_margin_yoy": -0.3196423582006147,
      "rev_growth_yoy": 0.054752397998990315,
      "rev_growth_yoy_accel": -0.010496754912197467,
      "fcf_margin_change": 0.16976590872824104
    },
    {
      "date": "2023-06-30T00:00:00",
      "quarter_label": "2023-06 (Q2)",
      "revenue": 69198000,
      "gross_profit": 45631000,
      "operating_income": 4008000,
      "net_income": 4133000,
      "opex": 65190000,
      "cogs": 23567000,
      "rd": 11031000,
      "sga": null,
      "fcf": 4445000,
      "ocf": 4948000,
      "capex": -503000,
      "gross_margin": 0.6594265730223416,
      "op_margin": 0.05792074915459985,
      "fcf_margin": 0.06423596057689529,
      "incr_op_margin_yoy": 0.29634831460674155,
      "rev_growth_yoy": 0.054236874980956154,
      "rev_growth_yoy_accel": -0.0005155230180341613,
      "fcf_margin_change": -0.22094374527986216
    },
    {
      "date": "2023-09-30T00:00:00",
      "quarter_label": "2023-09 (Q3)",
      "revenue": 70339000,
      "gross_profit": 46752000,
      "operating_income": 4863000,
      "net_income": 3867000,
      "opex": 65476000,
      "cogs": 23587000,
      "rd": 10901000,
      "sga": null,
      "fcf": 24197000,
      "ocf": 24669000,
      "capex": -472000,
      "gross_margin": 0.6646668277911258,
      "op_margin": 0.06913660984660004,
      "fcf_margin": 0.34400545927579296,
      "incr_op_margin_yoy": 0.81237721021611,
      "rev_growth_yoy": 0.045389016868544255,
      "rev_growth_yoy_accel": -0.0088478581124119,
      "op_leverage_ratio": 3.758435053197908,
      "fcf_margin_change": 0.27976949869889767
    },
    {
      "date": "2023-12-31T00:00:00",
      "quarter_label": "2023-12 (Q4)",
      "revenue": 70581000,
      "gross_profit": 46570000,
      "operating_income": 4254000,
      "net_income": 4590000,
      "opex": 66327000,
      "cogs": 24011000,
      "rd": 11930000,
      "sga": null,
      "fcf": 13466000,
      "ocf": 13812000,
      "capex": -346000,
      "gross_margin": 0.6598092971196214,
      "op_margin": 0.06027117779572406,
      "fcf_margin": 0.19078788909196526,
      "incr_op_margin_yoy": 0.5755501222493887,
      "rev_growth_yoy": 0.029838333138788375,
      "rev_growth_yoy_accel": -0.01555068372975588,
      "fcf_margin_change": -0.1532175701838277
    },
    {
      "date": "2024-03-31T00:00:00",
      "quarter_label": "2024-03 (Q1)",
      "revenue": 72760000,
      "gross_profit": 48143000,
      "operating_income": 5690000,
      "net_income": 5227000,
      "opex": 67070000,
      "cogs": 24617000,
      "rd": 12032000,
      "sga": null,
      "fcf": 20196000,
      "ocf": 20938000,
      "capex": -742000,
      "gross_margin": 0.6616684991753711,
      "op_margin": 0.07820230896096757,
      "fcf_margin": 0.2775700934579439,
      "incr_op_margin_yoy": 0.7338751966439434,
      "rev_growth_yoy": 0.055318655179415775,
      "rev_growth_yoy_accel": 0.0254803220406274,
      "op_leverage_ratio": 2.755947649506214,
      "fcf_margin_change": 0.08678220436597867
    },
    {
      "date": "2024-06-30T00:00:00",
      "quarter_label": "2024-06 (Q2)",
      "revenue": 71556000,
      "gross_profit": 47818000,
      "operating_income": 4411000,
      "net_income": 4168000,
      "opex": 67145000,
      "cogs": 23738000,
      "rd": 12076000,
      "sga": null,
      "fcf": 6279000,
      "ocf": 6451000,
      "capex": -172000,
      "gross_margin": 0.6682598244731399,
      "op_margin": 0.061644027055732575,
      "fcf_margin": 0.08774945497232936,
      "incr_op_margin_yoy": 0.1709075487701442,
      "rev_growth_yoy": 0.034076129367900804,
      "rev_growth_yoy_accel": -0.02124252581151497,
      "fcf_margin_change": -0.18982063848561456
    },
    {
      "date": "2024-09-30T00:00:00",
      "quarter_label": "2024-09 (Q3)",
      "revenue": 73095000,
      "gross_profit": 48625000,
      "operating_income": 6498000,
      "net_income": 5725000,
      "opex": 66597000,
      "cogs": 24470000,
      "rd": 12100000,
      "sga": null,
      "fcf": 18827000,
      "ocf": 19111000,
      "capex": -284000,
      "gross_margin": 0.6652301799028661,
      "op_margin": 0.08889800943977016,
      "fcf_margin": 0.2575689171625966,
      "incr_op_margin_yoy": 0.5932510885341074,
      "rev_growth_yoy": 0.03918167730561992,
      "rev_growth_yoy_accel": 0.00510554793771912,
      "op_leverage_ratio": Infinity,
      "fcf_margin_change": 0.16981946219026725
    },
    {
      "date": "2024-12-31T00:00:00",
      "quarter_label": "2024-12 (Q4)",
      "revenue": 74235000,
      "gross_profit": 49124000,
      "operating_income": 4689000,
      "net_income": 4889000,
      "opex": 69546000,
      "cogs": 25111000,
      "rd": 12682000,
      "sga": null,
      "fcf": 10957000,
      "ocf": 11160000,
      "capex": -203000,
      "gross_margin": 0.6617363777194046,
      "op_margin": 0.0631642756112346,
      "fcf_margin": 0.14759884151680475,
      "incr_op_margin_yoy": 0.11904761904761904,
      "rev_growth_yoy": 0.051770306456411785,
      "rev_growth_yoy_accel": 0.012588629150791862,
      "op_leverage_ratio": 0.3522062628818793,
      "fcf_margin_change": -0.10997007564579186
    },
    {
      "date": "2025-03-31T00:00:00",
      "quarter_label": "2025-03 (Q1)",
      "revenue": 73485000,
      "gross_profit": 47998000,
      "operating_income": 4378000,
      "net_income": 4332000,
      "opex": 69107000,
      "cogs": 25487000,
      "rd": 12047000,
      "sga": null,
      "fcf": 26019000,
      "ocf": 27074000,
      "capex": -1055000,
      "gross_margin": 0.6531673130570865,
      "op_margin": 0.05957678437776417,
      "fcf_margin": 0.35407225964482547,
      "rev_growth_yoy": 0.009964266080263882,
      "rev_growth_yoy_accel": -0.04180604037614791,
      "fcf_margin_change": 0.20647341812802072
    },
    {
      "date": "2025-06-30T00:00:00",
      "quarter_label": "2025-06 (Q2)",
      "revenue": 74396000,
      "gross_profit": 48032000,
      "operating_income": 5886000,
      "net_income": 5389000,
      "opex": 68510000,
      "cogs": 26364000,
      "rd": 12073000,
      "sga": null,
      "fcf": 2706000,
      "ocf": 5023000,
      "capex": -2317000,
      "gross_margin": 0.6456261089305877,
      "op_margin": 0.07911715683638905,
      "fcf_margin": 0.03637292327544492,
      "incr_op_margin_yoy": 0.5193661971830986,
      "rev_growth_yoy": 0.039689194477052936,
      "rev_growth_yoy_accel": 0.029724928396789054,
      "op_leverage_ratio": Infinity,
      "fcf_margin_change": -0.3176993363693805
    },
    {
      "date": "2025-09-30T00:00:00",
      "quarter_label": "2025-09 (Q3)",
      "revenue": 76474000,
      "gross_profit": 49967000,
      "operating_income": 7567000,
      "net_income": 6086000,
      "opex": 68907000,
      "cogs": 26507000,
      "rd": 12107000,
      "sga": null,
      "fcf": 17921000,
      "ocf": 18030000,
      "capex": -109000,
      "gross_margin": 0.6533854643408217,
      "op_margin": 0.09894866229045166,
      "fcf_margin": 0.23434108324397834,
      "incr_op_margin_yoy": 0.31636578869488013,
      "rev_growth_yoy": 0.04622751214173336,
      "rev_growth_yoy_accel": 0.006538317664680424,
      "op_leverage_ratio": 4.820137400740513,
      "fcf_margin_change": 0.19796815996853342
    }
  ],
  "signals": [
    {
      "quarter": "2025-09 (Q3)",
      "signal": "FCF MARGIN EXPANSION",
      "detail": "FCF margin: +3.6% -> +23.4% (+19.8%)",
      "severity": "MEDIUM"
    },
    {
      "quarter": "2025-09 (Q3)",
      "signal": "OPERATING LEVERAGE",
      "detail": "Rev growth +2.8% vs OpEx growth +0.6% (leverage: 4.8x)",
      "severity": "MEDIUM"
    },
    {
      "quarter": "2025-09 (Q3)",
      "signal": "INCREMENTAL MARGIN (YoY)",
      "detail": "YoY Incr OPM: +31.6% vs year-ago OPM: +8.9%",
      "severity": "HIGH"
    },
    {
      "quarter": "2025-06 (Q2)",
      "signal": "INCREMENTAL MARGIN (YoY)",
      "detail": "YoY Incr OPM: +51.9% vs year-ago OPM: +6.2%",
      "severity": "HIGH"
    },
    {
      "quarter": "2025-03 (Q1)",
      "signal": "FCF MARGIN EXPANSION",
      "detail": "FCF margin: +14.8% -> +35.4% (+20.6%)",
      "severity": "MEDIUM"
    },
    {
      "quarter": "2024-09 (Q3)",
      "signal": "FCF MARGIN EXPANSION",
      "detail": "FCF margin: +8.8% -> +25.8% (+17.0%)",
      "severity": "MEDIUM"
    },
    {
      "quarter": "2024-09 (Q3)",
      "signal": "INCREMENTAL MARGIN (YoY)",
      "detail": "YoY Incr OPM: +59.3% vs year-ago OPM: +6.9%",
      "severity": "HIGH"
    },
    {
      "quarter": "2024-06 (Q2)",
      "signal": "INCREMENTAL MARGIN (YoY)",
      "detail": "YoY Incr OPM: +17.1% vs year-ago OPM: +5.8%",
      "severity": "MEDIUM"
    },
    {
      "quarter": "2024-03 (Q1)",
      "signal": "FCF MARGIN EXPANSION",
      "detail": "FCF margin: +19.1% -> +27.8% (+8.7%)",
      "severity": "MEDIUM"
    },
    {
      "quarter": "2024-03 (Q1)",
      "signal": "OPERATING LEVERAGE",
      "detail": "Rev growth +3.1% vs OpEx growth +1.1% (leverage: 2.8x)",
      "severity": "MEDIUM"
    },
    {
      "quarter": "2024-03 (Q1)",
      "signal": "INCREMENTAL MARGIN (YoY)",
      "detail": "YoY Incr OPM: +73.4% vs year-ago OPM: +4.2%",
      "severity": "HIGH"
    },
    {
      "quarter": "2023-12 (Q4)",
      "signal": "INCREMENTAL MARGIN (YoY)",
      "detail": "YoY Incr OPM: +57.6% vs year-ago OPM: +4.5%",
      "severity": "HIGH"
    },
    {
      "quarter": "2023-09 (Q3)",
      "signal": "FCF MARGIN EXPANSION",
      "detail": "FCF margin: +6.4% -> +34.4% (+28.0%)",
      "severity": "MEDIUM"
    },
    {
      "quarter": "2023-09 (Q3)",
      "signal": "OPERATING LEVERAGE",
      "detail": "Rev growth +1.6% vs OpEx growth +0.4% (leverage: 3.8x)",
      "severity": "MEDIUM"
    },
    {
      "quarter": "2023-09 (Q3)",
      "signal": "INCREMENTAL MARGIN (YoY)",
      "detail": "YoY Incr OPM: +81.2% vs year-ago OPM: +3.5%",
      "severity": "HIGH"
    },
    {
      "quarter": "2023-06 (Q2)",
      "signal": "INCREMENTAL MARGIN (YoY)",
      "detail": "YoY Incr OPM: +29.6% vs year-ago OPM: +4.5%",
      "severity": "HIGH"
    },
    {
      "quarter": "2023-03 (Q1)",
      "signal": "FCF MARGIN EXPANSION",
      "detail": "FCF margin: +11.5% -> +28.5% (+17.0%)",
      "severity": "MEDIUM"
    },
    {
      "quarter": "2022-12 (Q4)",
      "signal": "OPERATING LEVERAGE",
      "detail": "Rev growth +1.9% vs OpEx growth +0.9% (leverage: 2.2x)",
      "severity": "MEDIUM"
    },
    {
      "quarter": "2022-12 (Q4)",
      "signal": "OP MARGIN TURNED POSITIVE (YoY)",
      "detail": "Op margin: -0.7% (year-ago) -> +4.5%",
      "severity": "HIGH"
    },
    {
      "quarter": "2022-09 (Q3)",
      "signal": "FCF MARGIN EXPANSION",
      "detail": "FCF margin: +10.3% -> +21.9% (+11.5%)",
      "severity": "MEDIUM"
    },
    {
      "quarter": "2022-09 (Q3)",
      "signal": "INCREMENTAL MARGIN (YoY)",
      "detail": "YoY Incr OPM: +18.7% vs year-ago OPM: +2.8%",
      "severity": "MEDIUM"
    },
    {
      "quarter": "2022-03 (Q1)",
      "signal": "FCF MARGIN EXPANSION",
      "detail": "FCF margin: +8.0% -> +30.6% (+22.6%)",
      "severity": "MEDIUM"
    },
    {
      "quarter": "2022-03 (Q1)",
      "signal": "GROSS MARGIN INFLECTION",
      "detail": "GM: +64.8% -> +64.3% -> +66.3% (reversal +2.1%)",
      "severity": "MEDIUM"
    },
    {
      "quarter": "2022-03 (Q1)",
      "signal": "INCREMENTAL MARGIN (YoY)",
      "detail": "YoY Incr OPM: +38.7% vs year-ago OPM: +5.2%",
      "severity": "HIGH"
    },
    {
      "quarter": "2022-03 (Q1)",
      "signal": "OP MARGIN TURNED POSITIVE (QoQ)",
      "detail": "Op margin: -0.7% -> +6.2%",
      "severity": "HIGH"
    },
    {
      "quarter": "2021-09 (Q3)",
      "signal": "FCF MARGIN EXPANSION",
      "detail": "FCF margin: +7.3% -> +18.6% (+11.3%)",
      "severity": "MEDIUM"
    },
    {
      "quarter": "2021-03 (Q1)",
      "signal": "FCF MARGIN EXPANSION",
      "detail": "FCF margin: +7.9% -> +27.1% (+19.2%)",
      "severity": "MEDIUM"
    }
  ],
  "data_quality": {
    "n_quarters": 20,
    "coverage": {
      "revenue": [
        20,
        20
      ],
      "gross_profit": [
        20,
        20
      ],
      "op_income": [
        20,
        20
      ],
      "fcf": [
        20,
        20
      ]
    },
    "gaps": [],
    "warnings": []
  },
  "market_cap": null,
  "source": "SEC EDGAR",
  "last_updated": "2026-02-02T22:15:59.616811"
}