{
  "ticker": "HSY",
  "name": "HERSHEY CO",
  "quarters": [
    {
      "date": "2020-12-31T00:00:00",
      "quarter_label": "2020-12 (Q4)",
      "revenue": 2185244000,
      "gross_profit": 962071000,
      "operating_income": 405115000,
      "net_income": 291387000,
      "opex": 556956000,
      "cogs": 1223173000,
      "rd": null,
      "sga": 537978000,
      "fcf": 454816000,
      "ocf": 604391000,
      "capex": -149575000,
      "gross_margin": 0.44025793000690083,
      "op_margin": 0.18538662044147014,
      "fcf_margin": 0.20813053370699108
    },
    {
      "date": "2021-04-04T00:00:00",
      "quarter_label": "2021-04 (Q2)",
      "revenue": 2295948000,
      "gross_profit": 1048951000,
      "operating_income": 553044000,
      "net_income": 395799000,
      "opex": 495907000,
      "cogs": 1246997000,
      "rd": null,
      "sga": 494665000,
      "fcf": 495169000,
      "ocf": 609640000,
      "capex": -114471000,
      "gross_margin": 0.4568705388798004,
      "op_margin": 0.24087827773102874,
      "fcf_margin": 0.21567082529743706,
      "op_leverage_ratio": Infinity,
      "fcf_margin_change": 0.007540291590445974
    },
    {
      "date": "2021-07-04T00:00:00",
      "quarter_label": "2021-07 (Q3)",
      "revenue": 1989422000,
      "gross_profit": 925445000,
      "operating_income": 456675000,
      "net_income": 301230000,
      "opex": 468770000,
      "cogs": 1063977000,
      "rd": null,
      "sga": 467629000,
      "fcf": 294876000,
      "ocf": 408012000,
      "capex": -113136000,
      "gross_margin": 0.4651828521047822,
      "op_margin": 0.22955159840395853,
      "fcf_margin": 0.1482219458717155,
      "fcf_margin_change": -0.06744887942572156
    },
    {
      "date": "2021-10-03T00:00:00",
      "quarter_label": "2021-10 (Q4)",
      "revenue": 2359839000,
      "gross_profit": 1061335000,
      "operating_income": 574831000,
      "net_income": 444927000,
      "opex": 486504000,
      "cogs": 1298504000,
      "rd": null,
      "sga": 486139000,
      "fcf": 266222000,
      "ocf": 386065000,
      "capex": -119843000,
      "gross_margin": 0.4497489023615594,
      "op_margin": 0.24358907535641203,
      "fcf_margin": 0.11281362838736032,
      "op_leverage_ratio": 4.92172223424484,
      "fcf_margin_change": -0.035408317484355176
    },
    {
      "date": "2021-12-31T00:00:00",
      "quarter_label": "2021-12 (Q4)",
      "revenue": 2326128000,
      "gross_profit": 1012867000,
      "operating_income": 459172000,
      "net_income": 335556000,
      "opex": 553695000,
      "cogs": 1313261000,
      "rd": null,
      "sga": 552918000,
      "fcf": 530740000,
      "ocf": 679167000,
      "capex": -148427000,
      "gross_margin": 0.4354304664231719,
      "op_margin": 0.19739756367663344,
      "fcf_margin": 0.22816457219895037,
      "incr_op_margin_yoy": 0.3836986456943301,
      "rev_growth_yoy": 0.06447060374036034,
      "fcf_margin_change": 0.11535094381159004
    },
    {
      "date": "2022-04-03T00:00:00",
      "quarter_label": "2022-04 (Q2)",
      "revenue": 2666221000,
      "gross_profit": 1245480000,
      "operating_income": 720990000,
      "net_income": 533478000,
      "opex": 524490000,
      "cogs": 1420741000,
      "rd": null,
      "sga": 524216000,
      "fcf": 515404000,
      "ocf": 656467000,
      "capex": -141063000,
      "gross_margin": 0.46713306961425927,
      "op_margin": 0.27041644334809456,
      "fcf_margin": 0.19330880673432546,
      "incr_op_margin_yoy": 0.45357344445854814,
      "rev_growth_yoy": 0.16127238073336156,
      "rev_growth_yoy_accel": 0.09680177699300122,
      "op_leverage_ratio": Infinity,
      "fcf_margin_change": -0.034855765464624905
    },
    {
      "date": "2022-07-03T00:00:00",
      "quarter_label": "2022-07 (Q3)",
      "revenue": 2372582000,
      "gross_profit": 999999000,
      "operating_income": 456531000,
      "net_income": 315556000,
      "opex": 543468000,
      "cogs": 1372583000,
      "rd": null,
      "sga": 543468000,
      "fcf": 357409000,
      "ocf": 457306000,
      "capex": -99897000,
      "gross_margin": 0.4214813228794621,
      "op_margin": 0.19241948223496597,
      "fcf_margin": 0.15064136877039444,
      "incr_op_margin_yoy": -0.00037582211086752273,
      "rev_growth_yoy": 0.19259865428250014,
      "rev_growth_yoy_accel": 0.031326273549138584,
      "fcf_margin_change": -0.04266743796393102
    },
    {
      "date": "2022-10-02T00:00:00",
      "quarter_label": "2022-10 (Q4)",
      "revenue": 2728153000,
      "gross_profit": 1108500000,
      "operating_income": 556620000,
      "net_income": 399487000,
      "opex": 551880000,
      "cogs": 1619653000,
      "rd": null,
      "sga": 551880000,
      "fcf": 327388000,
      "ocf": 446421000,
      "capex": -119033000,
      "gross_margin": 0.40631885381794935,
      "op_margin": 0.2040281465152431,
      "fcf_margin": 0.1200035335261622,
      "incr_op_margin_yoy": -0.049444224221723856,
      "rev_growth_yoy": 0.1560759017882152,
      "rev_growth_yoy_accel": -0.03652275249428494,
      "op_leverage_ratio": 9.68232854729008,
      "fcf_margin_change": -0.030637835244232234
    },
    {
      "date": "2022-12-31T00:00:00",
      "quarter_label": "2022-12 (Q4)",
      "revenue": 2652338000,
      "gross_profit": 1144806000,
      "operating_income": 526646000,
      "net_income": 396296000,
      "opex": 618160000,
      "cogs": 1507532000,
      "rd": null,
      "sga": 616445000,
      "fcf": 608155000,
      "ocf": 767643000,
      "capex": -159488000,
      "gross_margin": 0.43162146000999874,
      "op_margin": 0.1985591579957004,
      "fcf_margin": 0.22929015834331823,
      "incr_op_margin_yoy": 0.20684221820299806,
      "rev_growth_yoy": 0.1402373386159317,
      "rev_growth_yoy_accel": -0.015838563172283493,
      "fcf_margin_change": 0.10928662481715602
    },
    {
      "date": "2023-04-02T00:00:00",
      "quarter_label": "2023-04 (Q2)",
      "revenue": 2987614000,
      "gross_profit": 1382322000,
      "operating_income": 799924000,
      "net_income": 587185000,
      "opex": 582398000,
      "cogs": 1605292000,
      "rd": null,
      "sga": 581587000,
      "fcf": 579304000,
      "ocf": 755397000,
      "capex": -176093000,
      "gross_margin": 0.4626842691191031,
      "op_margin": 0.2677467704998035,
      "fcf_margin": 0.19390188960153487,
      "incr_op_margin_yoy": 0.2455996241361822,
      "rev_growth_yoy": 0.12054252066876676,
      "rev_growth_yoy_accel": -0.019694817947164947,
      "op_leverage_ratio": Infinity,
      "fcf_margin_change": -0.03538826874178336
    },
    {
      "date": "2023-07-02T00:00:00",
      "quarter_label": "2023-07 (Q3)",
      "revenue": 2490280000,
      "gross_profit": 1132099000,
      "operating_income": 560665000,
      "net_income": 406983000,
      "opex": 571434000,
      "cogs": 1358181000,
      "rd": null,
      "sga": 571804000,
      "fcf": 139999000,
      "ocf": 294411000,
      "capex": -154412000,
      "gross_margin": 0.4546071124532181,
      "op_margin": 0.22514134956711696,
      "fcf_margin": 0.056218176269335174,
      "incr_op_margin_yoy": 0.8847559006949991,
      "rev_growth_yoy": 0.04960755834782528,
      "rev_growth_yoy_accel": -0.07093496232094149,
      "fcf_margin_change": -0.1376837133321997
    },
    {
      "date": "2023-10-01T00:00:00",
      "quarter_label": "2023-10 (Q4)",
      "revenue": 3029987000,
      "gross_profit": 1360253000,
      "operating_income": 735949000,
      "net_income": 518577000,
      "opex": 624304000,
      "cogs": 1669734000,
      "rd": null,
      "sga": 624304000,
      "fcf": 297638000,
      "ocf": 515733000,
      "capex": -218095000,
      "gross_margin": 0.44893030894191954,
      "op_margin": 0.24288850084175279,
      "fcf_margin": 0.09823078448851431,
      "incr_op_margin_yoy": 0.5941312111955578,
      "rev_growth_yoy": 0.11063675680946046,
      "rev_growth_yoy_accel": 0.06102919846163518,
      "op_leverage_ratio": 2.3424300830332707,
      "fcf_margin_change": 0.04201260821917914
    },
    {
      "date": "2023-12-31T00:00:00",
      "quarter_label": "2023-12 (Q4)",
      "revenue": 2657111000,
      "gross_profit": 1123142000,
      "operating_income": 464329000,
      "net_income": 349042000,
      "opex": 658813000,
      "cogs": 1533969000,
      "rd": null,
      "sga": 658813000,
      "fcf": 535140000,
      "ocf": 757649000,
      "capex": -222509000,
      "gross_margin": 0.42269291723228725,
      "op_margin": 0.17474956823407076,
      "fcf_margin": 0.20139918881823152,
      "incr_op_margin_yoy": -13.056149172428242,
      "rev_growth_yoy": 0.0017995444019578198,
      "rev_growth_yoy_accel": -0.10883721240750265,
      "fcf_margin_change": 0.1031684043297172
    },
    {
      "date": "2024-03-31T00:00:00",
      "quarter_label": "2024-03 (Q1)",
      "revenue": 3252749000,
      "gross_profit": 1676081000,
      "operating_income": 1058100000,
      "net_income": 797453000,
      "opex": 617981000,
      "cogs": 1576668000,
      "rd": null,
      "sga": 617981000,
      "fcf": 355830000,
      "ocf": 569134000,
      "capex": -213304000,
      "gross_margin": 0.5152813819941225,
      "op_margin": 0.32529408202108434,
      "fcf_margin": 0.10939362367031702,
      "incr_op_margin_yoy": 0.9737529937578969,
      "rev_growth_yoy": 0.08874473074500254,
      "rev_growth_yoy_accel": 0.08694518634304473,
      "op_leverage_ratio": Infinity,
      "fcf_margin_change": -0.0920055651479145
    },
    {
      "date": "2024-06-30T00:00:00",
      "quarter_label": "2024-06 (Q2)",
      "revenue": 2074480000,
      "gross_profit": 833745000,
      "operating_income": 287821000,
      "net_income": 180894000,
      "opex": 545924000,
      "cogs": 1240735000,
      "rd": null,
      "sga": 540987000,
      "fcf": 195453000,
      "ocf": 325606000,
      "capex": -130153000,
      "gross_margin": 0.4019055377733215,
      "op_margin": 0.13874368516447494,
      "fcf_margin": 0.0942178280822182,
      "incr_op_margin_yoy": 0.6561904761904762,
      "rev_growth_yoy": -0.16696917615689802,
      "rev_growth_yoy_accel": -0.25571390690190055,
      "fcf_margin_change": -0.015175795588098825
    },
    {
      "date": "2024-09-29T00:00:00",
      "quarter_label": "2024-09 (Q3)",
      "revenue": 2987494000,
      "gross_profit": 1232719000,
      "operating_income": 613164000,
      "net_income": 446301000,
      "opex": 619555000,
      "cogs": 1754775000,
      "rd": null,
      "sga": 591920000,
      "fcf": 567296000,
      "ocf": 695254000,
      "capex": -127958000,
      "gross_margin": 0.41262643540037236,
      "op_margin": 0.20524359212102183,
      "fcf_margin": 0.18989025584653893,
      "incr_op_margin_yoy": 2.889534746899489,
      "rev_growth_yoy": -0.01402415257887245,
      "rev_growth_yoy_accel": 0.15294502357802556,
      "op_leverage_ratio": 3.2631698020916926,
      "fcf_margin_change": 0.09567242776432074
    },
    {
      "date": "2024-12-31T00:00:00",
      "quarter_label": "2024-12 (Q4)",
      "revenue": 2887540000,
      "gross_profit": 1558343000,
      "operating_income": 939147000,
      "net_income": 796591000,
      "opex": 619196000,
      "cogs": 1329197000,
      "rd": null,
      "sga": 622733000,
      "fcf": 807075000,
      "ocf": 941602000,
      "capex": -134527000,
      "gross_margin": 0.5396784113813142,
      "op_margin": 0.3252412087797918,
      "fcf_margin": 0.279502621608705,
      "incr_op_margin_yoy": 2.0605826523571253,
      "rev_growth_yoy": 0.08672163112493231,
      "rev_growth_yoy_accel": 0.10074578370380476,
      "fcf_margin_change": 0.08961236576216605
    },
    {
      "date": "2025-03-30T00:00:00",
      "quarter_label": "2025-03 (Q1)",
      "revenue": 2805419000,
      "gross_profit": 944267000,
      "operating_income": 369221000,
      "net_income": 224203000,
      "opex": 575046000,
      "cogs": 1861152000,
      "rd": null,
      "sga": 558672000,
      "fcf": 251155000,
      "ocf": 396682000,
      "capex": -145527000,
      "gross_margin": 0.3365867986208121,
      "op_margin": 0.13160993063781204,
      "fcf_margin": 0.08952495153130424,
      "incr_op_margin_yoy": 1.5399794335278205,
      "rev_growth_yoy": -0.13752367612748478,
      "rev_growth_yoy_accel": -0.2242453072524171,
      "fcf_margin_change": -0.18997767007740074
    },
    {
      "date": "2025-06-29T00:00:00",
      "quarter_label": "2025-06 (Q2)",
      "revenue": 2614718000,
      "gross_profit": 796273000,
      "operating_income": 192811000,
      "net_income": 62719000,
      "opex": 603462000,
      "cogs": 1818445000,
      "rd": null,
      "sga": 603207000,
      "fcf": 27128000,
      "ocf": 112216000,
      "capex": -85088000,
      "gross_margin": 0.30453494411251997,
      "op_margin": 0.07374064813107953,
      "fcf_margin": 0.010375115021964127,
      "incr_op_margin_yoy": -0.17586693272224463,
      "rev_growth_yoy": 0.260420924761868,
      "rev_growth_yoy_accel": 0.3979446008893528,
      "fcf_margin_change": -0.07914983650934011
    },
    {
      "date": "2025-09-28T00:00:00",
      "quarter_label": "2025-09 (Q3)",
      "revenue": 3181418000,
      "gross_profit": 1037334000,
      "operating_income": 434583000,
      "net_income": 276320000,
      "opex": 602751000,
      "cogs": 2144084000,
      "rd": null,
      "sga": 600540000,
      "fcf": 755994000,
      "ocf": 841916000,
      "capex": -85922000,
      "gross_margin": 0.32606026620833856,
      "op_margin": 0.13660040900001194,
      "fcf_margin": 0.23762800109888108,
      "incr_op_margin_yoy": -0.9208813762092366,
      "rev_growth_yoy": 0.06491192953023504,
      "rev_growth_yoy_accel": -0.19550899523163295,
      "op_leverage_ratio": Infinity,
      "fcf_margin_change": 0.22725288607691696
    }
  ],
  "signals": [
    {
      "quarter": "2025-09 (Q3)",
      "signal": "FCF MARGIN EXPANSION",
      "detail": "FCF margin: +1.0% -> +23.8% (+22.7%)",
      "severity": "MEDIUM"
    },
    {
      "quarter": "2025-09 (Q3)",
      "signal": "GROSS MARGIN INFLECTION",
      "detail": "GM: +33.7% -> +30.5% -> +32.6% (reversal +2.2%)",
      "severity": "MEDIUM"
    },
    {
      "quarter": "2025-09 (Q3)",
      "signal": "YoY REVENUE GROWTH DECELERATION",
      "detail": "YoY growth: +6.5% vs prior quarter YoY: +26.0% (decel: -19.6%)",
      "severity": "WARNING"
    },
    {
      "quarter": "2025-06 (Q2)",
      "signal": "YoY REVENUE GROWTH ACCELERATION",
      "detail": "YoY growth: +26.0% vs prior quarter YoY: -13.8% (accel: +39.8%)",
      "severity": "HIGH"
    },
    {
      "quarter": "2025-03 (Q1)",
      "signal": "YoY REVENUE GROWTH DECELERATION",
      "detail": "YoY growth: -13.8% vs prior quarter YoY: +8.7% (decel: -22.4%)",
      "severity": "WARNING"
    },
    {
      "quarter": "2025-03 (Q1)",
      "signal": "INCREMENTAL MARGIN (YoY)",
      "detail": "YoY Incr OPM: +154.0% vs year-ago OPM: +32.5%",
      "severity": "HIGH"
    },
    {
      "quarter": "2024-12 (Q4)",
      "signal": "FCF MARGIN EXPANSION",
      "detail": "FCF margin: +19.0% -> +28.0% (+9.0%)",
      "severity": "MEDIUM"
    },
    {
      "quarter": "2024-12 (Q4)",
      "signal": "YoY REVENUE GROWTH ACCELERATION",
      "detail": "YoY growth: +8.7% vs prior quarter YoY: -1.4% (accel: +10.1%)",
      "severity": "MEDIUM"
    },
    {
      "quarter": "2024-12 (Q4)",
      "signal": "INCREMENTAL MARGIN (YoY)",
      "detail": "YoY Incr OPM: +206.1% vs year-ago OPM: +17.5%",
      "severity": "HIGH"
    },
    {
      "quarter": "2024-09 (Q3)",
      "signal": "FCF MARGIN EXPANSION",
      "detail": "FCF margin: +9.4% -> +19.0% (+9.6%)",
      "severity": "MEDIUM"
    },
    {
      "quarter": "2024-09 (Q3)",
      "signal": "OPERATING LEVERAGE",
      "detail": "Rev growth +44.0% vs OpEx growth +13.5% (leverage: 3.3x)",
      "severity": "MEDIUM"
    },
    {
      "quarter": "2024-09 (Q3)",
      "signal": "YoY REVENUE GROWTH ACCELERATION",
      "detail": "YoY growth: -1.4% vs prior quarter YoY: -16.7% (accel: +15.3%)",
      "severity": "HIGH"
    },
    {
      "quarter": "2024-09 (Q3)",
      "signal": "INCREMENTAL MARGIN (YoY)",
      "detail": "YoY Incr OPM: +289.0% vs year-ago OPM: +24.3%",
      "severity": "HIGH"
    },
    {
      "quarter": "2024-06 (Q2)",
      "signal": "YoY REVENUE GROWTH DECELERATION",
      "detail": "YoY growth: -16.7% vs prior quarter YoY: +8.9% (decel: -25.6%)",
      "severity": "WARNING"
    },
    {
      "quarter": "2024-06 (Q2)",
      "signal": "INCREMENTAL MARGIN (YoY)",
      "detail": "YoY Incr OPM: +65.6% vs year-ago OPM: +22.5%",
      "severity": "HIGH"
    },
    {
      "quarter": "2024-03 (Q1)",
      "signal": "GROSS MARGIN INFLECTION",
      "detail": "GM: +44.9% -> +42.3% -> +51.5% (reversal +9.3%)",
      "severity": "HIGH"
    },
    {
      "quarter": "2024-03 (Q1)",
      "signal": "YoY REVENUE GROWTH ACCELERATION",
      "detail": "YoY growth: +8.9% vs prior quarter YoY: +0.2% (accel: +8.7%)",
      "severity": "MEDIUM"
    },
    {
      "quarter": "2024-03 (Q1)",
      "signal": "INCREMENTAL MARGIN (YoY)",
      "detail": "YoY Incr OPM: +97.4% vs year-ago OPM: +26.8%",
      "severity": "HIGH"
    },
    {
      "quarter": "2023-12 (Q4)",
      "signal": "FCF MARGIN EXPANSION",
      "detail": "FCF margin: +9.8% -> +20.1% (+10.3%)",
      "severity": "MEDIUM"
    },
    {
      "quarter": "2023-12 (Q4)",
      "signal": "YoY REVENUE GROWTH DECELERATION",
      "detail": "YoY growth: +0.2% vs prior quarter YoY: +11.1% (decel: -10.9%)",
      "severity": "WARNING"
    },
    {
      "quarter": "2023-10 (Q4)",
      "signal": "OPERATING LEVERAGE",
      "detail": "Rev growth +21.7% vs OpEx growth +9.3% (leverage: 2.3x)",
      "severity": "MEDIUM"
    },
    {
      "quarter": "2023-10 (Q4)",
      "signal": "YoY REVENUE GROWTH ACCELERATION",
      "detail": "YoY growth: +11.1% vs prior quarter YoY: +5.0% (accel: +6.1%)",
      "severity": "MEDIUM"
    },
    {
      "quarter": "2023-10 (Q4)",
      "signal": "INCREMENTAL MARGIN (YoY)",
      "detail": "YoY Incr OPM: +59.4% vs year-ago OPM: +20.4%",
      "severity": "HIGH"
    },
    {
      "quarter": "2023-07 (Q3)",
      "signal": "YoY REVENUE GROWTH DECELERATION",
      "detail": "YoY growth: +5.0% vs prior quarter YoY: +12.1% (decel: -7.1%)",
      "severity": "WARNING"
    },
    {
      "quarter": "2023-07 (Q3)",
      "signal": "INCREMENTAL MARGIN (YoY)",
      "detail": "YoY Incr OPM: +88.5% vs year-ago OPM: +19.2%",
      "severity": "HIGH"
    },
    {
      "quarter": "2022-12 (Q4)",
      "signal": "FCF MARGIN EXPANSION",
      "detail": "FCF margin: +12.0% -> +22.9% (+10.9%)",
      "severity": "MEDIUM"
    },
    {
      "quarter": "2022-12 (Q4)",
      "signal": "GROSS MARGIN INFLECTION",
      "detail": "GM: +42.1% -> +40.6% -> +43.2% (reversal +2.5%)",
      "severity": "MEDIUM"
    },
    {
      "quarter": "2022-10 (Q4)",
      "signal": "OPERATING LEVERAGE",
      "detail": "Rev growth +15.0% vs OpEx growth +1.5% (leverage: 9.7x)",
      "severity": "MEDIUM"
    },
    {
      "quarter": "2022-04 (Q2)",
      "signal": "GROSS MARGIN INFLECTION",
      "detail": "GM: +45.0% -> +43.5% -> +46.7% (reversal +3.2%)",
      "severity": "MEDIUM"
    },
    {
      "quarter": "2022-04 (Q2)",
      "signal": "YoY REVENUE GROWTH ACCELERATION",
      "detail": "YoY growth: +16.1% vs prior quarter YoY: +6.4% (accel: +9.7%)",
      "severity": "MEDIUM"
    },
    {
      "quarter": "2022-04 (Q2)",
      "signal": "INCREMENTAL MARGIN (YoY)",
      "detail": "YoY Incr OPM: +45.4% vs year-ago OPM: +24.1%",
      "severity": "HIGH"
    },
    {
      "quarter": "2021-12 (Q4)",
      "signal": "FCF MARGIN EXPANSION",
      "detail": "FCF margin: +11.3% -> +22.8% (+11.5%)",
      "severity": "MEDIUM"
    },
    {
      "quarter": "2021-12 (Q4)",
      "signal": "INCREMENTAL MARGIN (YoY)",
      "detail": "YoY Incr OPM: +38.4% vs year-ago OPM: +18.5%",
      "severity": "MEDIUM"
    },
    {
      "quarter": "2021-10 (Q4)",
      "signal": "OPERATING LEVERAGE",
      "detail": "Rev growth +18.6% vs OpEx growth +3.8% (leverage: 4.9x)",
      "severity": "MEDIUM"
    }
  ],
  "data_quality": {
    "n_quarters": 20,
    "coverage": {
      "revenue": [
        20,
        20
      ],
      "gross_profit": [
        20,
        20
      ],
      "op_income": [
        20,
        20
      ],
      "fcf": [
        20,
        20
      ]
    },
    "gaps": [],
    "warnings": []
  },
  "market_cap": null,
  "source": "SEC EDGAR",
  "last_updated": "2026-02-02T20:04:05.821735"
}