{
  "ticker": "HUN",
  "name": "Huntsman Corporation",
  "quarters": [
    {
      "date": "2020-12-31T00:00:00",
      "quarter_label": "2020-12 (Q4)",
      "revenue": 1668000000,
      "gross_profit": 362000000,
      "operating_income": 389000000,
      "net_income": 343000000,
      "opex": -27000000,
      "cogs": 1306000000,
      "rd": 34000000,
      "sga": 212000000,
      "fcf": 98000000,
      "ocf": 165000000,
      "capex": -67000000,
      "gross_margin": 0.2170263788968825,
      "op_margin": 0.23321342925659472,
      "fcf_margin": 0.05875299760191847
    },
    {
      "date": "2021-03-31T00:00:00",
      "quarter_label": "2021-03 (Q1)",
      "revenue": 1837000000,
      "gross_profit": 392000000,
      "operating_income": 126000000,
      "net_income": 83000000,
      "opex": 266000000,
      "cogs": 1445000000,
      "rd": 38000000,
      "sga": 207000000,
      "fcf": -115000000,
      "ocf": -17000000,
      "capex": -98000000,
      "gross_margin": 0.21339139902014154,
      "op_margin": 0.06859009254218836,
      "fcf_margin": -0.06260206859009254,
      "op_leverage_ratio": Infinity,
      "fcf_margin_change": -0.121355066192011
    },
    {
      "date": "2021-06-30T00:00:00",
      "quarter_label": "2021-06 (Q2)",
      "revenue": 2024000000,
      "gross_profit": 431000000,
      "operating_income": 209000000,
      "net_income": 156000000,
      "opex": 222000000,
      "cogs": 1593000000,
      "rd": 37000000,
      "sga": 209000000,
      "fcf": -83000000,
      "ocf": -7000000,
      "capex": -76000000,
      "gross_margin": 0.21294466403162055,
      "op_margin": 0.10326086956521739,
      "fcf_margin": -0.04100790513833992,
      "op_leverage_ratio": Infinity,
      "fcf_margin_change": 0.02159416345175262
    },
    {
      "date": "2021-09-30T00:00:00",
      "quarter_label": "2021-09 (Q3)",
      "revenue": 2285000000,
      "gross_profit": 483000000,
      "operating_income": 245000000,
      "net_income": 209000000,
      "opex": 238000000,
      "cogs": 1802000000,
      "rd": 38000000,
      "sga": 204000000,
      "fcf": 119000000,
      "ocf": 186000000,
      "capex": -67000000,
      "gross_margin": 0.21137855579868708,
      "op_margin": 0.10722100656455143,
      "fcf_margin": 0.052078774617067836,
      "op_leverage_ratio": 1.7892168972332017,
      "fcf_margin_change": 0.09308667975540776
    },
    {
      "date": "2021-12-31T00:00:00",
      "quarter_label": "2021-12 (Q4)",
      "revenue": 2307000000,
      "gross_profit": 469000000,
      "operating_income": 215000000,
      "net_income": 597000000,
      "opex": 254000000,
      "cogs": 1838000000,
      "rd": 37000000,
      "sga": 231000000,
      "fcf": 705000000,
      "ocf": 790000000,
      "capex": -85000000,
      "gross_margin": 0.20329432162982228,
      "op_margin": 0.09319462505418293,
      "fcf_margin": 0.305591677503251,
      "incr_op_margin_yoy": -0.27230046948356806,
      "rev_growth_yoy": 0.3830935251798561,
      "fcf_margin_change": 0.25351290288618317
    },
    {
      "date": "2022-03-31T00:00:00",
      "quarter_label": "2022-03 (Q1)",
      "revenue": 2389000000,
      "gross_profit": 565000000,
      "operating_income": 304000000,
      "net_income": 223000000,
      "opex": 261000000,
      "cogs": 1824000000,
      "rd": 38000000,
      "sga": 216000000,
      "fcf": 21000000,
      "ocf": 85000000,
      "capex": -64000000,
      "gross_margin": 0.23650062787777312,
      "op_margin": 0.12724989535370448,
      "fcf_margin": 0.008790288823775638,
      "incr_op_margin_yoy": 0.322463768115942,
      "rev_growth_yoy": 0.3004899292324442,
      "rev_growth_yoy_accel": -0.0826035959474119,
      "op_leverage_ratio": 1.289739302743204,
      "fcf_margin_change": -0.29680138867947536
    },
    {
      "date": "2022-06-30T00:00:00",
      "quarter_label": "2022-06 (Q2)",
      "revenue": 2362000000,
      "gross_profit": 538000000,
      "operating_income": 293000000,
      "net_income": 228000000,
      "opex": 245000000,
      "cogs": 1824000000,
      "rd": 36000000,
      "sga": 203000000,
      "fcf": 166000000,
      "ocf": 231000000,
      "capex": -65000000,
      "gross_margin": 0.2277730736663844,
      "op_margin": 0.12404741744284505,
      "fcf_margin": 0.07027942421676546,
      "incr_op_margin_yoy": 0.2485207100591716,
      "rev_growth_yoy": 0.16699604743083005,
      "rev_growth_yoy_accel": -0.13349388180161417,
      "fcf_margin_change": 0.06148913539298982
    },
    {
      "date": "2022-09-30T00:00:00",
      "quarter_label": "2022-09 (Q3)",
      "revenue": 2011000000,
      "gross_profit": 349000000,
      "operating_income": 138000000,
      "net_income": 100000000,
      "opex": 211000000,
      "cogs": 1662000000,
      "rd": 31000000,
      "sga": 165000000,
      "fcf": 231000000,
      "ocf": 288000000,
      "capex": -57000000,
      "gross_margin": 0.1735454997513675,
      "op_margin": 0.06862257583291895,
      "fcf_margin": 0.1148682247637991,
      "incr_op_margin_yoy": 0.3905109489051095,
      "rev_growth_yoy": -0.11991247264770241,
      "rev_growth_yoy_accel": -0.28690852007853246,
      "fcf_margin_change": 0.04458880054703364
    },
    {
      "date": "2022-12-31T00:00:00",
      "quarter_label": "2022-12 (Q4)",
      "revenue": 1650000000,
      "gross_profit": 190000000,
      "operating_income": -27000000,
      "net_income": -91000000,
      "opex": 217000000,
      "cogs": 1460000000,
      "rd": 28000000,
      "sga": 179000000,
      "fcf": 224000000,
      "ocf": 310000000,
      "capex": -86000000,
      "gross_margin": 0.11515151515151516,
      "op_margin": -0.016363636363636365,
      "fcf_margin": 0.13575757575757577,
      "incr_op_margin_yoy": 0.3683409436834094,
      "rev_growth_yoy": -0.2847854356306892,
      "rev_growth_yoy_accel": -0.1648729629829868,
      "fcf_margin_change": 0.020889350993776673
    },
    {
      "date": "2023-03-31T00:00:00",
      "quarter_label": "2023-03 (Q1)",
      "revenue": 1606000000,
      "gross_profit": 269000000,
      "operating_income": 61000000,
      "net_income": 153000000,
      "opex": 208000000,
      "cogs": 1337000000,
      "rd": 30000000,
      "sga": 188000000,
      "fcf": -200000000,
      "ocf": -154000000,
      "capex": -46000000,
      "gross_margin": 0.16749688667496887,
      "op_margin": 0.03798256537982565,
      "fcf_margin": -0.12453300124533001,
      "incr_op_margin_yoy": 0.3103448275862069,
      "rev_growth_yoy": -0.3277521975722059,
      "rev_growth_yoy_accel": -0.04296676194151672,
      "fcf_margin_change": -0.2602905770029058
    },
    {
      "date": "2023-06-30T00:00:00",
      "quarter_label": "2023-06 (Q2)",
      "revenue": 1596000000,
      "gross_profit": 254000000,
      "operating_income": 50000000,
      "net_income": 19000000,
      "opex": 204000000,
      "cogs": 1342000000,
      "rd": 29000000,
      "sga": 167000000,
      "fcf": -15000000,
      "ocf": 36000000,
      "capex": -51000000,
      "gross_margin": 0.15914786967418545,
      "op_margin": 0.03132832080200501,
      "fcf_margin": -0.009398496240601503,
      "incr_op_margin_yoy": 0.31723237597911225,
      "rev_growth_yoy": -0.32430143945808637,
      "rev_growth_yoy_accel": 0.0034507581141195454,
      "fcf_margin_change": 0.11513450500472851
    },
    {
      "date": "2023-09-30T00:00:00",
      "quarter_label": "2023-09 (Q3)",
      "revenue": 1506000000,
      "gross_profit": 231000000,
      "operating_income": 27000000,
      "net_income": 0,
      "opex": 204000000,
      "cogs": 1275000000,
      "rd": 28000000,
      "sga": 165000000,
      "fcf": 113000000,
      "ocf": 163000000,
      "capex": -50000000,
      "gross_margin": 0.15338645418326693,
      "op_margin": 0.017928286852589643,
      "fcf_margin": 0.0750332005312085,
      "incr_op_margin_yoy": 0.2198019801980198,
      "rev_growth_yoy": -0.25111884634510195,
      "rev_growth_yoy_accel": 0.07318259311298442,
      "fcf_margin_change": 0.08443169677181
    },
    {
      "date": "2023-12-31T00:00:00",
      "quarter_label": "2023-12 (Q4)",
      "revenue": 1403000000,
      "gross_profit": 152000000,
      "operating_income": -54000000,
      "net_income": -71000000,
      "opex": 206000000,
      "cogs": 1251000000,
      "rd": 28000000,
      "sga": 169000000,
      "fcf": 81000000,
      "ocf": 164000000,
      "capex": -83000000,
      "gross_margin": 0.1083392729864576,
      "op_margin": -0.03848895224518888,
      "fcf_margin": 0.05773342836778332,
      "incr_op_margin_yoy": 0.10931174089068826,
      "rev_growth_yoy": -0.1496969696969697,
      "rev_growth_yoy_accel": 0.10142187664813226,
      "fcf_margin_change": -0.01729977216342518
    },
    {
      "date": "2024-03-31T00:00:00",
      "quarter_label": "2024-03 (Q1)",
      "revenue": 1470000000,
      "gross_profit": 201000000,
      "operating_income": -38000000,
      "net_income": -37000000,
      "opex": 239000000,
      "cogs": 1269000000,
      "rd": 31000000,
      "sga": 176000000,
      "fcf": -107000000,
      "ocf": -65000000,
      "capex": -42000000,
      "gross_margin": 0.13673469387755102,
      "op_margin": -0.02585034013605442,
      "fcf_margin": -0.0727891156462585,
      "incr_op_margin_yoy": 0.7279411764705882,
      "rev_growth_yoy": -0.08468244084682441,
      "rev_growth_yoy_accel": 0.06501452885014528,
      "op_leverage_ratio": 0.2981057906218277,
      "fcf_margin_change": -0.13052254401404184
    },
    {
      "date": "2024-06-30T00:00:00",
      "quarter_label": "2024-06 (Q2)",
      "revenue": 1574000000,
      "gross_profit": 243000000,
      "operating_income": 34000000,
      "net_income": 22000000,
      "opex": 209000000,
      "cogs": 1331000000,
      "rd": 33000000,
      "sga": 176000000,
      "fcf": -4000000,
      "ocf": 46000000,
      "capex": -50000000,
      "gross_margin": 0.15438373570520966,
      "op_margin": 0.021601016518424398,
      "fcf_margin": -0.0025412960609911056,
      "incr_op_margin_yoy": 0.7272727272727273,
      "rev_growth_yoy": -0.013784461152882205,
      "rev_growth_yoy_accel": 0.07089797969394221,
      "op_leverage_ratio": Infinity,
      "fcf_margin_change": 0.07024781958526741
    },
    {
      "date": "2024-09-30T00:00:00",
      "quarter_label": "2024-09 (Q3)",
      "revenue": 1540000000,
      "gross_profit": 234000000,
      "operating_income": 42000000,
      "net_income": -33000000,
      "opex": 192000000,
      "cogs": 1306000000,
      "rd": 27000000,
      "sga": 153000000,
      "fcf": 88000000,
      "ocf": 129000000,
      "capex": -41000000,
      "gross_margin": 0.15194805194805194,
      "op_margin": 0.02727272727272727,
      "fcf_margin": 0.05714285714285714,
      "incr_op_margin_yoy": 0.4411764705882353,
      "rev_growth_yoy": 0.02257636122177955,
      "rev_growth_yoy_accel": 0.036360822374661754,
      "fcf_margin_change": 0.05968415320384825
    },
    {
      "date": "2024-12-31T00:00:00",
      "quarter_label": "2024-12 (Q4)",
      "revenue": 1452000000,
      "gross_profit": 188000000,
      "operating_income": -63000000,
      "net_income": -141000000,
      "opex": 251000000,
      "cogs": 1264000000,
      "rd": 30000000,
      "sga": 166000000,
      "fcf": 102000000,
      "ocf": 153000000,
      "capex": -51000000,
      "gross_margin": 0.12947658402203857,
      "op_margin": -0.04338842975206612,
      "fcf_margin": 0.07024793388429752,
      "incr_op_margin_yoy": -0.1836734693877551,
      "rev_growth_yoy": 0.03492516037063435,
      "rev_growth_yoy_accel": 0.012348799148854804,
      "fcf_margin_change": 0.013105076741440382
    },
    {
      "date": "2025-03-31T00:00:00",
      "quarter_label": "2025-03 (Q1)",
      "revenue": 1410000000,
      "gross_profit": 201000000,
      "operating_income": 42000000,
      "net_income": -5000000,
      "opex": 159000000,
      "cogs": 1209000000,
      "rd": 32000000,
      "sga": 166000000,
      "fcf": -110000000,
      "ocf": -74000000,
      "capex": -36000000,
      "gross_margin": 0.1425531914893617,
      "op_margin": 0.029787234042553193,
      "fcf_margin": -0.07801418439716312,
      "incr_op_margin_yoy": -1.3333333333333333,
      "rev_growth_yoy": -0.04081632653061224,
      "rev_growth_yoy_accel": -0.0757414869012466,
      "fcf_margin_change": -0.14826211828146063
    },
    {
      "date": "2025-06-30T00:00:00",
      "quarter_label": "2025-06 (Q2)",
      "revenue": 1458000000,
      "gross_profit": 182000000,
      "operating_income": -120000000,
      "net_income": -158000000,
      "opex": 302000000,
      "cogs": 1276000000,
      "rd": 33000000,
      "sga": 160000000,
      "fcf": 54000000,
      "ocf": 91000000,
      "capex": -37000000,
      "gross_margin": 0.12482853223593965,
      "op_margin": -0.0823045267489712,
      "fcf_margin": 0.037037037037037035,
      "incr_op_margin_yoy": 1.3275862068965518,
      "rev_growth_yoy": -0.07369758576874205,
      "rev_growth_yoy_accel": -0.03288125923812981,
      "op_leverage_ratio": 0.03785151019193572,
      "fcf_margin_change": 0.11505122143420016
    },
    {
      "date": "2025-09-30T00:00:00",
      "quarter_label": "2025-09 (Q3)",
      "revenue": 1460000000,
      "gross_profit": 204000000,
      "operating_income": 6000000,
      "net_income": -25000000,
      "opex": 198000000,
      "cogs": 1256000000,
      "rd": 29000000,
      "sga": 163000000,
      "fcf": 153000000,
      "ocf": 196000000,
      "capex": -43000000,
      "gross_margin": 0.13972602739726028,
      "op_margin": 0.00410958904109589,
      "fcf_margin": 0.1047945205479452,
      "incr_op_margin_yoy": 0.45,
      "rev_growth_yoy": -0.05194805194805195,
      "rev_growth_yoy_accel": 0.0217495338206901,
      "fcf_margin_change": 0.06775748351090817
    }
  ],
  "signals": [
    {
      "quarter": "2025-09 (Q3)",
      "signal": "FCF MARGIN EXPANSION",
      "detail": "FCF margin: +3.7% -> +10.5% (+6.8%)",
      "severity": "MEDIUM"
    },
    {
      "quarter": "2025-09 (Q3)",
      "signal": "INCREMENTAL MARGIN (YoY)",
      "detail": "YoY Incr OPM: +45.0% vs year-ago OPM: +2.7%",
      "severity": "HIGH"
    },
    {
      "quarter": "2025-09 (Q3)",
      "signal": "OP MARGIN TURNED POSITIVE (QoQ)",
      "detail": "Op margin: -8.2% -> +0.4%",
      "severity": "HIGH"
    },
    {
      "quarter": "2025-06 (Q2)",
      "signal": "FCF TURNED POSITIVE",
      "detail": "FCF margin: -7.8% -> +3.7%",
      "severity": "HIGH"
    },
    {
      "quarter": "2025-03 (Q1)",
      "signal": "YoY REVENUE GROWTH DECELERATION",
      "detail": "YoY growth: -4.1% vs prior quarter YoY: +3.5% (decel: -7.6%)",
      "severity": "WARNING"
    },
    {
      "quarter": "2025-03 (Q1)",
      "signal": "OP MARGIN TURNED POSITIVE (YoY)",
      "detail": "Op margin: -2.6% (year-ago) -> +3.0%",
      "severity": "HIGH"
    },
    {
      "quarter": "2025-03 (Q1)",
      "signal": "OP MARGIN TURNED POSITIVE (QoQ)",
      "detail": "Op margin: -4.3% -> +3.0%",
      "severity": "HIGH"
    },
    {
      "quarter": "2024-09 (Q3)",
      "signal": "FCF TURNED POSITIVE",
      "detail": "FCF margin: -0.3% -> +5.7%",
      "severity": "HIGH"
    },
    {
      "quarter": "2024-09 (Q3)",
      "signal": "INCREMENTAL MARGIN (YoY)",
      "detail": "YoY Incr OPM: +44.1% vs year-ago OPM: +1.8%",
      "severity": "HIGH"
    },
    {
      "quarter": "2024-06 (Q2)",
      "signal": "FCF MARGIN EXPANSION",
      "detail": "FCF margin: -7.3% -> -0.3% (+7.0%)",
      "severity": "MEDIUM"
    },
    {
      "quarter": "2024-06 (Q2)",
      "signal": "YoY REVENUE GROWTH ACCELERATION",
      "detail": "YoY growth: -1.4% vs prior quarter YoY: -8.5% (accel: +7.1%)",
      "severity": "MEDIUM"
    },
    {
      "quarter": "2024-06 (Q2)",
      "signal": "INCREMENTAL MARGIN (YoY)",
      "detail": "YoY Incr OPM: +72.7% vs year-ago OPM: +3.1%",
      "severity": "HIGH"
    },
    {
      "quarter": "2024-06 (Q2)",
      "signal": "OP MARGIN TURNED POSITIVE (QoQ)",
      "detail": "Op margin: -2.6% -> +2.2%",
      "severity": "HIGH"
    },
    {
      "quarter": "2024-03 (Q1)",
      "signal": "GROSS MARGIN INFLECTION",
      "detail": "GM: +15.3% -> +10.8% -> +13.7% (reversal +2.8%)",
      "severity": "MEDIUM"
    },
    {
      "quarter": "2024-03 (Q1)",
      "signal": "YoY REVENUE GROWTH ACCELERATION",
      "detail": "YoY growth: -8.5% vs prior quarter YoY: -15.0% (accel: +6.5%)",
      "severity": "MEDIUM"
    },
    {
      "quarter": "2023-12 (Q4)",
      "signal": "YoY REVENUE GROWTH ACCELERATION",
      "detail": "YoY growth: -15.0% vs prior quarter YoY: -25.1% (accel: +10.1%)",
      "severity": "MEDIUM"
    },
    {
      "quarter": "2023-09 (Q3)",
      "signal": "FCF TURNED POSITIVE",
      "detail": "FCF margin: -0.9% -> +7.5%",
      "severity": "HIGH"
    },
    {
      "quarter": "2023-09 (Q3)",
      "signal": "YoY REVENUE GROWTH ACCELERATION",
      "detail": "YoY growth: -25.1% vs prior quarter YoY: -32.4% (accel: +7.3%)",
      "severity": "MEDIUM"
    },
    {
      "quarter": "2023-09 (Q3)",
      "signal": "INCREMENTAL MARGIN (YoY)",
      "detail": "YoY Incr OPM: +22.0% vs year-ago OPM: +6.9%",
      "severity": "MEDIUM"
    },
    {
      "quarter": "2023-06 (Q2)",
      "signal": "FCF MARGIN EXPANSION",
      "detail": "FCF margin: -12.5% -> -0.9% (+11.5%)",
      "severity": "MEDIUM"
    },
    {
      "quarter": "2023-06 (Q2)",
      "signal": "INCREMENTAL MARGIN (YoY)",
      "detail": "YoY Incr OPM: +31.7% vs year-ago OPM: +12.4%",
      "severity": "MEDIUM"
    },
    {
      "quarter": "2023-03 (Q1)",
      "signal": "GROSS MARGIN INFLECTION",
      "detail": "GM: +17.4% -> +11.5% -> +16.7% (reversal +5.2%)",
      "severity": "HIGH"
    },
    {
      "quarter": "2023-03 (Q1)",
      "signal": "INCREMENTAL MARGIN (YoY)",
      "detail": "YoY Incr OPM: +31.0% vs year-ago OPM: +12.7%",
      "severity": "MEDIUM"
    },
    {
      "quarter": "2023-03 (Q1)",
      "signal": "OP MARGIN TURNED POSITIVE (QoQ)",
      "detail": "Op margin: -1.6% -> +3.8%",
      "severity": "HIGH"
    },
    {
      "quarter": "2022-12 (Q4)",
      "signal": "YoY REVENUE GROWTH DECELERATION",
      "detail": "YoY growth: -28.5% vs prior quarter YoY: -12.0% (decel: -16.5%)",
      "severity": "WARNING"
    },
    {
      "quarter": "2022-09 (Q3)",
      "signal": "YoY REVENUE GROWTH DECELERATION",
      "detail": "YoY growth: -12.0% vs prior quarter YoY: +16.7% (decel: -28.7%)",
      "severity": "WARNING"
    },
    {
      "quarter": "2022-09 (Q3)",
      "signal": "INCREMENTAL MARGIN (YoY)",
      "detail": "YoY Incr OPM: +39.1% vs year-ago OPM: +10.7%",
      "severity": "HIGH"
    },
    {
      "quarter": "2022-06 (Q2)",
      "signal": "FCF MARGIN EXPANSION",
      "detail": "FCF margin: +0.9% -> +7.0% (+6.1%)",
      "severity": "MEDIUM"
    },
    {
      "quarter": "2022-06 (Q2)",
      "signal": "YoY REVENUE GROWTH DECELERATION",
      "detail": "YoY growth: +16.7% vs prior quarter YoY: +30.0% (decel: -13.3%)",
      "severity": "WARNING"
    },
    {
      "quarter": "2022-06 (Q2)",
      "signal": "INCREMENTAL MARGIN (YoY)",
      "detail": "YoY Incr OPM: +24.9% vs year-ago OPM: +10.3%",
      "severity": "MEDIUM"
    },
    {
      "quarter": "2022-03 (Q1)",
      "signal": "GROSS MARGIN INFLECTION",
      "detail": "GM: +21.1% -> +20.3% -> +23.7% (reversal +3.3%)",
      "severity": "MEDIUM"
    },
    {
      "quarter": "2022-03 (Q1)",
      "signal": "YoY REVENUE GROWTH DECELERATION",
      "detail": "YoY growth: +30.0% vs prior quarter YoY: +38.3% (decel: -8.3%)",
      "severity": "WARNING"
    },
    {
      "quarter": "2022-03 (Q1)",
      "signal": "INCREMENTAL MARGIN (YoY)",
      "detail": "YoY Incr OPM: +32.2% vs year-ago OPM: +6.9%",
      "severity": "HIGH"
    },
    {
      "quarter": "2021-12 (Q4)",
      "signal": "FCF MARGIN EXPANSION",
      "detail": "FCF margin: +5.2% -> +30.6% (+25.4%)",
      "severity": "MEDIUM"
    },
    {
      "quarter": "2021-09 (Q3)",
      "signal": "FCF TURNED POSITIVE",
      "detail": "FCF margin: -4.1% -> +5.2%",
      "severity": "HIGH"
    },
    {
      "quarter": "2021-09 (Q3)",
      "signal": "OPERATING LEVERAGE",
      "detail": "Rev growth +12.9% vs OpEx growth +7.2% (leverage: 1.8x)",
      "severity": "MEDIUM"
    }
  ],
  "data_quality": {
    "n_quarters": 20,
    "coverage": {
      "revenue": [
        20,
        20
      ],
      "gross_profit": [
        20,
        20
      ],
      "op_income": [
        20,
        20
      ],
      "fcf": [
        20,
        20
      ]
    },
    "gaps": [],
    "warnings": []
  },
  "market_cap": null,
  "source": "SEC EDGAR",
  "last_updated": "2026-02-02T21:37:37.577522",
  "sector": "Basic Materials",
  "industry": "Chemicals"
}