{
  "ticker": "HURC",
  "name": "HURCO COMPANIES INC",
  "quarters": [
    {
      "date": "2021-01-31T00:00:00",
      "quarter_label": "2021-01 (Q1)",
      "revenue": 54115000,
      "gross_profit": 11547000,
      "operating_income": 979000,
      "net_income": 663000,
      "opex": 10568000,
      "cogs": 42568000,
      "rd": null,
      "sga": 10568000,
      "fcf": 8736000,
      "ocf": 9034000,
      "capex": -298000,
      "gross_margin": 0.21337891527302966,
      "op_margin": 0.018091102282176846,
      "fcf_margin": 0.16143398318396007
    },
    {
      "date": "2021-04-30T00:00:00",
      "quarter_label": "2021-04 (Q2)",
      "revenue": 57920000,
      "gross_profit": 14794000,
      "operating_income": 3521000,
      "net_income": 2437000,
      "opex": 11273000,
      "cogs": 43126000,
      "rd": null,
      "sga": 11273000,
      "fcf": 8522000,
      "ocf": 8900000,
      "capex": -378000,
      "gross_margin": 0.25542127071823206,
      "op_margin": 0.06079074585635359,
      "fcf_margin": 0.1471339779005525,
      "op_leverage_ratio": 1.0540001821704894,
      "fcf_margin_change": -0.01430000528340758
    },
    {
      "date": "2021-07-31T00:00:00",
      "quarter_label": "2021-07 (Q3)",
      "revenue": 54178000,
      "gross_profit": 12974000,
      "operating_income": 2643000,
      "net_income": 1568000,
      "opex": 10331000,
      "cogs": 41204000,
      "rd": null,
      "sga": 10331000,
      "fcf": 8189000,
      "ocf": 8514000,
      "capex": -325000,
      "gross_margin": 0.23946989552955075,
      "op_margin": 0.04878363911550814,
      "fcf_margin": 0.15114991324892021,
      "fcf_margin_change": 0.004015935348367722
    },
    {
      "date": "2021-10-31T00:00:00",
      "quarter_label": "2021-10 (Q4)",
      "revenue": 68982000,
      "gross_profit": 16934000,
      "operating_income": 3105000,
      "net_income": 2096000,
      "opex": 13829000,
      "cogs": 52048000,
      "rd": null,
      "sga": 13829000,
      "fcf": 5468000,
      "ocf": 5727000,
      "capex": -259000,
      "gross_margin": 0.24548432924531038,
      "op_margin": 0.04501174219361573,
      "fcf_margin": 0.07926705517381345,
      "op_leverage_ratio": 0.8070095311473662,
      "fcf_margin_change": -0.07188285807510676
    },
    {
      "date": "2022-01-31T00:00:00",
      "quarter_label": "2022-01 (Q1)",
      "revenue": 66887000,
      "gross_profit": 16907000,
      "operating_income": 5210000,
      "net_income": 3535000,
      "opex": 11697000,
      "cogs": 49980000,
      "rd": null,
      "sga": 11697000,
      "fcf": 9134000,
      "ocf": 9411000,
      "capex": -277000,
      "gross_margin": 0.25276959648362163,
      "op_margin": 0.0778925650724356,
      "fcf_margin": 0.13655867358380552,
      "incr_op_margin_yoy": 0.3312715314751018,
      "rev_growth_yoy": 0.23601589208167792,
      "fcf_margin_change": 0.05729161840999207
    },
    {
      "date": "2022-04-30T00:00:00",
      "quarter_label": "2022-04 (Q2)",
      "revenue": 62825000,
      "gross_profit": 15602000,
      "operating_income": 3087000,
      "net_income": 2029000,
      "opex": 12515000,
      "cogs": 47223000,
      "rd": null,
      "sga": 12515000,
      "fcf": -1068000,
      "ocf": -837000,
      "capex": -231000,
      "gross_margin": 0.24834062873060087,
      "op_margin": 0.04913649025069638,
      "fcf_margin": -0.016999602069239953,
      "incr_op_margin_yoy": -0.08848114169215086,
      "rev_growth_yoy": 0.08468577348066299,
      "rev_growth_yoy_accel": -0.15133011860101492,
      "fcf_margin_change": -0.15355827565304547
    },
    {
      "date": "2022-07-31T00:00:00",
      "quarter_label": "2022-07 (Q3)",
      "revenue": 57640000,
      "gross_profit": 14399000,
      "operating_income": 1752000,
      "net_income": 1238000,
      "opex": 12647000,
      "cogs": 43241000,
      "rd": null,
      "sga": 12647000,
      "fcf": -6191000,
      "ocf": -5871000,
      "capex": -320000,
      "gross_margin": 0.2498091603053435,
      "op_margin": 0.03039555863983345,
      "fcf_margin": -0.10740804996530187,
      "incr_op_margin_yoy": -0.25736568457538994,
      "rev_growth_yoy": 0.06390047620805493,
      "rev_growth_yoy_accel": -0.020785297272608055,
      "fcf_margin_change": -0.09040844789606192
    },
    {
      "date": "2022-10-31T00:00:00",
      "quarter_label": "2022-10 (Q4)",
      "revenue": 63462000,
      "gross_profit": 17570000,
      "operating_income": 2698000,
      "net_income": 1424000,
      "opex": 14872000,
      "cogs": 45892000,
      "rd": null,
      "sga": 14872000,
      "fcf": -6686000,
      "ocf": -6407000,
      "capex": -279000,
      "gross_margin": 0.27685859254356937,
      "op_margin": 0.042513630203901545,
      "fcf_margin": -0.10535438530144023,
      "incr_op_margin_yoy": 0.07373188405797101,
      "rev_growth_yoy": -0.0800208750108724,
      "rev_growth_yoy_accel": -0.14392135121892735,
      "op_leverage_ratio": 0.5741240399535278,
      "fcf_margin_change": 0.002053664663861643
    },
    {
      "date": "2023-01-31T00:00:00",
      "quarter_label": "2023-01 (Q1)",
      "revenue": 54682000,
      "gross_profit": 12718000,
      "operating_income": 1234000,
      "net_income": 1330000,
      "opex": 11484000,
      "cogs": 41964000,
      "rd": null,
      "sga": 11484000,
      "fcf": -8200000,
      "ocf": -7986000,
      "capex": -214000,
      "gross_margin": 0.232581105299733,
      "op_margin": 0.022566841008009948,
      "fcf_margin": -0.1499579386269705,
      "incr_op_margin_yoy": 0.32576812781646863,
      "rev_growth_yoy": -0.18247193027045613,
      "rev_growth_yoy_accel": -0.10245105525958373,
      "fcf_margin_change": -0.04460355332553026
    },
    {
      "date": "2023-04-30T00:00:00",
      "quarter_label": "2023-04 (Q2)",
      "revenue": 53819000,
      "gross_profit": 12583000,
      "operating_income": 991000,
      "net_income": 377000,
      "opex": 11592000,
      "cogs": 41236000,
      "rd": null,
      "sga": 11592000,
      "fcf": 508000,
      "ocf": 951000,
      "capex": -443000,
      "gross_margin": 0.2338021888180754,
      "op_margin": 0.01841357141529943,
      "fcf_margin": 0.009439045690183764,
      "incr_op_margin_yoy": 0.23273373306684433,
      "rev_growth_yoy": -0.14335057699960208,
      "rev_growth_yoy_accel": 0.03912135327085406,
      "fcf_margin_change": 0.15939698431715427
    },
    {
      "date": "2023-07-31T00:00:00",
      "quarter_label": "2023-07 (Q3)",
      "revenue": 53201000,
      "gross_profit": 13448000,
      "operating_income": 1012000,
      "net_income": 260000,
      "opex": 12436000,
      "cogs": 39753000,
      "rd": null,
      "sga": 12436000,
      "fcf": -9301000,
      "ocf": -9147000,
      "capex": -154000,
      "gross_margin": 0.25277720343602567,
      "op_margin": 0.019022198830849043,
      "fcf_margin": -0.17482754083569857,
      "incr_op_margin_yoy": 0.1667042126605091,
      "rev_growth_yoy": -0.07701249132546842,
      "rev_growth_yoy_accel": 0.06633808567413366,
      "fcf_margin_change": -0.18426658652588235
    },
    {
      "date": "2023-10-31T00:00:00",
      "quarter_label": "2023-10 (Q4)",
      "revenue": 66105000,
      "gross_profit": 17419000,
      "operating_income": 3379000,
      "net_income": 2422000,
      "opex": 14040000,
      "cogs": 48686000,
      "rd": null,
      "sga": 14040000,
      "fcf": 2886000,
      "ocf": 3361000,
      "capex": -475000,
      "gross_margin": 0.2635050298767113,
      "op_margin": 0.05111564934573784,
      "fcf_margin": 0.04365781710914454,
      "incr_op_margin_yoy": 0.2576617480136209,
      "rev_growth_yoy": 0.041646969840219344,
      "rev_growth_yoy_accel": 0.11865946116568776,
      "op_leverage_ratio": 1.8805327801902736,
      "fcf_margin_change": 0.2184853579448431
    },
    {
      "date": "2024-01-31T00:00:00",
      "quarter_label": "2024-01 (Q1)",
      "revenue": 45059000,
      "gross_profit": 9695000,
      "operating_income": -1820000,
      "net_income": -1648000,
      "opex": 11515000,
      "cogs": 35364000,
      "rd": null,
      "sga": 11515000,
      "fcf": -3013000,
      "ocf": -2569000,
      "capex": -444000,
      "gross_margin": 0.2151623427062296,
      "op_margin": -0.040391486717414944,
      "fcf_margin": -0.06686788432943475,
      "incr_op_margin_yoy": 0.31736464719941804,
      "rev_growth_yoy": -0.1759811272447972,
      "rev_growth_yoy_accel": -0.21762809708501654,
      "fcf_margin_change": -0.11052570143857929
    },
    {
      "date": "2024-04-30T00:00:00",
      "quarter_label": "2024-04 (Q2)",
      "revenue": 45172000,
      "gross_profit": 8019000,
      "operating_income": -3442000,
      "net_income": -3922000,
      "opex": 11461000,
      "cogs": 37153000,
      "rd": null,
      "sga": 11461000,
      "fcf": 1749000,
      "ocf": 1879000,
      "capex": -130000,
      "gross_margin": 0.17752147347914637,
      "op_margin": -0.07619764455857611,
      "fcf_margin": 0.038718675285575134,
      "incr_op_margin_yoy": 0.5126633514513704,
      "rev_growth_yoy": -0.16066816551775395,
      "rev_growth_yoy_accel": 0.015312961727043245,
      "fcf_margin_change": 0.10558655961500987
    },
    {
      "date": "2024-07-31T00:00:00",
      "quarter_label": "2024-07 (Q3)",
      "revenue": 42651000,
      "gross_profit": 7843000,
      "operating_income": -2533000,
      "net_income": -9596000,
      "opex": 10376000,
      "cogs": 34808000,
      "rd": null,
      "sga": 10376000,
      "fcf": -841000,
      "ocf": -622000,
      "capex": -219000,
      "gross_margin": 0.18388783381397858,
      "op_margin": -0.05938899439637992,
      "fcf_margin": -0.019718177768399334,
      "incr_op_margin_yoy": 0.3360189573459716,
      "rev_growth_yoy": -0.1983045431476852,
      "rev_growth_yoy_accel": -0.037636377629931245,
      "fcf_margin_change": -0.05843685305397447
    },
    {
      "date": "2024-10-31T00:00:00",
      "quarter_label": "2024-10 (Q4)",
      "revenue": 53702000,
      "gross_profit": 12186000,
      "operating_income": -491000,
      "net_income": -1442000,
      "opex": 12677000,
      "cogs": 41516000,
      "rd": null,
      "sga": 12677000,
      "fcf": -1655000,
      "ocf": -1207000,
      "capex": -448000,
      "gross_margin": 0.2269189229451417,
      "op_margin": -0.009143048676026964,
      "fcf_margin": -0.030818219060742617,
      "incr_op_margin_yoy": 0.31202128517294203,
      "rev_growth_yoy": -0.1876257469177823,
      "rev_growth_yoy_accel": 0.010678796229902893,
      "op_leverage_ratio": 1.1683842801185014,
      "fcf_margin_change": -0.011100041292343283
    },
    {
      "date": "2025-01-31T00:00:00",
      "quarter_label": "2025-01 (Q1)",
      "revenue": 46414000,
      "gross_profit": 8290000,
      "operating_income": -2092000,
      "net_income": -4320000,
      "opex": 10382000,
      "cogs": 38124000,
      "rd": null,
      "sga": 10382000,
      "fcf": 10244000,
      "ocf": 10337000,
      "capex": -93000,
      "gross_margin": 0.17860990218468564,
      "op_margin": -0.045072607402938766,
      "fcf_margin": 0.22070926875511698,
      "incr_op_margin_yoy": -0.2007380073800738,
      "rev_growth_yoy": 0.030071683792361126,
      "rev_growth_yoy_accel": 0.21769743071014344,
      "fcf_margin_change": 0.2515274878158596
    },
    {
      "date": "2025-04-30T00:00:00",
      "quarter_label": "2025-04 (Q2)",
      "revenue": 40867000,
      "gross_profit": 7829000,
      "operating_income": -3068000,
      "net_income": -4063000,
      "opex": 10897000,
      "cogs": 33038000,
      "rd": null,
      "sga": 10897000,
      "fcf": 689000,
      "ocf": 997000,
      "capex": -308000,
      "gross_margin": 0.19157266253945726,
      "op_margin": -0.07507279712237258,
      "fcf_margin": 0.016859568845278585,
      "incr_op_margin_yoy": -0.08687572590011615,
      "rev_growth_yoy": -0.09530239971663862,
      "rev_growth_yoy_accel": -0.12537408350899976,
      "fcf_margin_change": -0.2038496999098384
    },
    {
      "date": "2025-07-31T00:00:00",
      "quarter_label": "2025-07 (Q3)",
      "revenue": 45806000,
      "gross_profit": 9112000,
      "operating_income": -1650000,
      "net_income": -3693000,
      "opex": 10762000,
      "cogs": 36694000,
      "rd": null,
      "sga": 10762000,
      "fcf": 2068000,
      "ocf": 2538000,
      "capex": -470000,
      "gross_margin": 0.1989259049032878,
      "op_margin": -0.036021481901934244,
      "fcf_margin": 0.04514692398375759,
      "incr_op_margin_yoy": 0.27987321711568935,
      "rev_growth_yoy": 0.07397247426789524,
      "rev_growth_yoy_accel": 0.16927487398453386,
      "op_leverage_ratio": Infinity,
      "fcf_margin_change": 0.028287355138479003
    },
    {
      "date": "2025-10-31T00:00:00",
      "quarter_label": "2025-10 (Q4)",
      "revenue": 45467000,
      "gross_profit": 7749000,
      "operating_income": -3458000,
      "net_income": -3041000,
      "opex": 11207000,
      "cogs": 37718000,
      "rd": null,
      "sga": 11207000,
      "fcf": 3650000,
      "ocf": 3689000,
      "capex": -39000,
      "gross_margin": 0.1704313018233004,
      "op_margin": -0.07605516088591725,
      "fcf_margin": 0.08027800382695141,
      "incr_op_margin_yoy": 0.3602914389799636,
      "rev_growth_yoy": -0.15334624408774347,
      "rev_growth_yoy_accel": -0.22731871835563872,
      "fcf_margin_change": 0.03513107984319382
    }
  ],
  "signals": [
    {
      "quarter": "2025-10 (Q4)",
      "signal": "YoY REVENUE GROWTH DECELERATION",
      "detail": "YoY growth: -15.3% vs prior quarter YoY: +7.4% (decel: -22.7%)",
      "severity": "WARNING"
    },
    {
      "quarter": "2025-07 (Q3)",
      "signal": "YoY REVENUE GROWTH ACCELERATION",
      "detail": "YoY growth: +7.4% vs prior quarter YoY: -9.5% (accel: +16.9%)",
      "severity": "HIGH"
    },
    {
      "quarter": "2025-04 (Q2)",
      "signal": "YoY REVENUE GROWTH DECELERATION",
      "detail": "YoY growth: -9.5% vs prior quarter YoY: +3.0% (decel: -12.5%)",
      "severity": "WARNING"
    },
    {
      "quarter": "2025-01 (Q1)",
      "signal": "FCF TURNED POSITIVE",
      "detail": "FCF margin: -3.1% -> +22.1%",
      "severity": "HIGH"
    },
    {
      "quarter": "2025-01 (Q1)",
      "signal": "YoY REVENUE GROWTH ACCELERATION",
      "detail": "YoY growth: +3.0% vs prior quarter YoY: -18.8% (accel: +21.8%)",
      "severity": "HIGH"
    },
    {
      "quarter": "2024-04 (Q2)",
      "signal": "FCF TURNED POSITIVE",
      "detail": "FCF margin: -6.7% -> +3.9%",
      "severity": "HIGH"
    },
    {
      "quarter": "2024-01 (Q1)",
      "signal": "YoY REVENUE GROWTH DECELERATION",
      "detail": "YoY growth: -17.6% vs prior quarter YoY: +4.2% (decel: -21.8%)",
      "severity": "WARNING"
    },
    {
      "quarter": "2023-10 (Q4)",
      "signal": "FCF TURNED POSITIVE",
      "detail": "FCF margin: -17.5% -> +4.4%",
      "severity": "HIGH"
    },
    {
      "quarter": "2023-10 (Q4)",
      "signal": "OPERATING LEVERAGE",
      "detail": "Rev growth +24.3% vs OpEx growth +12.9% (leverage: 1.9x)",
      "severity": "MEDIUM"
    },
    {
      "quarter": "2023-10 (Q4)",
      "signal": "YoY REVENUE GROWTH ACCELERATION",
      "detail": "YoY growth: +4.2% vs prior quarter YoY: -7.7% (accel: +11.9%)",
      "severity": "MEDIUM"
    },
    {
      "quarter": "2023-10 (Q4)",
      "signal": "INCREMENTAL MARGIN (YoY)",
      "detail": "YoY Incr OPM: +25.8% vs year-ago OPM: +4.3%",
      "severity": "HIGH"
    },
    {
      "quarter": "2023-07 (Q3)",
      "signal": "YoY REVENUE GROWTH ACCELERATION",
      "detail": "YoY growth: -7.7% vs prior quarter YoY: -14.3% (accel: +6.6%)",
      "severity": "MEDIUM"
    },
    {
      "quarter": "2023-07 (Q3)",
      "signal": "INCREMENTAL MARGIN (YoY)",
      "detail": "YoY Incr OPM: +16.7% vs year-ago OPM: +3.0%",
      "severity": "MEDIUM"
    },
    {
      "quarter": "2023-04 (Q2)",
      "signal": "FCF TURNED POSITIVE",
      "detail": "FCF margin: -15.0% -> +0.9%",
      "severity": "HIGH"
    },
    {
      "quarter": "2023-04 (Q2)",
      "signal": "INCREMENTAL MARGIN (YoY)",
      "detail": "YoY Incr OPM: +23.3% vs year-ago OPM: +4.9%",
      "severity": "MEDIUM"
    },
    {
      "quarter": "2023-01 (Q1)",
      "signal": "YoY REVENUE GROWTH DECELERATION",
      "detail": "YoY growth: -18.2% vs prior quarter YoY: -8.0% (decel: -10.2%)",
      "severity": "WARNING"
    },
    {
      "quarter": "2023-01 (Q1)",
      "signal": "INCREMENTAL MARGIN (YoY)",
      "detail": "YoY Incr OPM: +32.6% vs year-ago OPM: +7.8%",
      "severity": "HIGH"
    },
    {
      "quarter": "2022-10 (Q4)",
      "signal": "YoY REVENUE GROWTH DECELERATION",
      "detail": "YoY growth: -8.0% vs prior quarter YoY: +6.4% (decel: -14.4%)",
      "severity": "WARNING"
    },
    {
      "quarter": "2022-04 (Q2)",
      "signal": "YoY REVENUE GROWTH DECELERATION",
      "detail": "YoY growth: +8.5% vs prior quarter YoY: +23.6% (decel: -15.1%)",
      "severity": "WARNING"
    },
    {
      "quarter": "2022-01 (Q1)",
      "signal": "FCF MARGIN EXPANSION",
      "detail": "FCF margin: +7.9% -> +13.7% (+5.7%)",
      "severity": "MEDIUM"
    },
    {
      "quarter": "2022-01 (Q1)",
      "signal": "INCREMENTAL MARGIN (YoY)",
      "detail": "YoY Incr OPM: +33.1% vs year-ago OPM: +1.8%",
      "severity": "HIGH"
    }
  ],
  "data_quality": {
    "n_quarters": 20,
    "coverage": {
      "revenue": [
        20,
        20
      ],
      "gross_profit": [
        20,
        20
      ],
      "op_income": [
        20,
        20
      ],
      "fcf": [
        20,
        20
      ]
    },
    "gaps": [],
    "warnings": []
  },
  "market_cap": null,
  "source": "SEC EDGAR",
  "last_updated": "2026-02-02T23:19:24.776000",
  "sector": "Industrials",
  "industry": "Specialty Industrial Machinery"
}