{
  "ticker": "HURN",
  "name": "HURON CONSULTING GROUP INC.",
  "quarters": [
    {
      "date": "2020-12-31T00:00:00",
      "quarter_label": "2020-12 (Q4)",
      "revenue": 200101000,
      "gross_profit": 55710000,
      "operating_income": -12654000,
      "net_income": -6137000,
      "opex": 68364000,
      "cogs": 144391000,
      "rd": null,
      "sga": 43822000,
      "fcf": 56359000,
      "ocf": 58753000,
      "capex": -2394000,
      "gross_margin": 0.27840940325135805,
      "op_margin": -0.06323806477728747,
      "fcf_margin": 0.2816527653534965
    },
    {
      "date": "2021-03-31T00:00:00",
      "quarter_label": "2021-03 (Q1)",
      "revenue": 205147000,
      "gross_profit": 54104000,
      "operating_income": 8240000,
      "net_income": 5405000,
      "opex": 45864000,
      "cogs": 151043000,
      "rd": null,
      "sga": 39766000,
      "fcf": -83391000,
      "ocf": -82754000,
      "capex": -637000,
      "gross_margin": 0.26373283547894927,
      "op_margin": 0.040166319760951905,
      "fcf_margin": -0.40649387999824516,
      "op_leverage_ratio": Infinity,
      "fcf_margin_change": -0.6881466453517416
    },
    {
      "date": "2021-06-30T00:00:00",
      "quarter_label": "2021-06 (Q2)",
      "revenue": 233378000,
      "gross_profit": 67626000,
      "operating_income": 16129000,
      "net_income": 12797000,
      "opex": 51497000,
      "cogs": 165752000,
      "rd": null,
      "sga": 45190000,
      "fcf": 15982000,
      "ocf": 20784000,
      "capex": -4802000,
      "gross_margin": 0.28977024398186635,
      "op_margin": 0.069111055883588,
      "fcf_margin": 0.06848117646050614,
      "op_leverage_ratio": 1.120452033593961,
      "fcf_margin_change": 0.47497505645875127
    },
    {
      "date": "2021-09-30T00:00:00",
      "quarter_label": "2021-09 (Q3)",
      "revenue": 227697000,
      "gross_profit": 68971000,
      "operating_income": 18306000,
      "net_income": 13727000,
      "opex": 50665000,
      "cogs": 158726000,
      "rd": null,
      "sga": 43520000,
      "fcf": 30285000,
      "ocf": 33764000,
      "capex": -3479000,
      "gross_margin": 0.30290693333684676,
      "op_margin": 0.08039631615699812,
      "fcf_margin": 0.13300570494999933,
      "fcf_margin_change": 0.0645245284894932
    },
    {
      "date": "2021-12-31T00:00:00",
      "quarter_label": "2021-12 (Q4)",
      "revenue": 260736000,
      "gross_profit": 74309000,
      "operating_income": 10164000,
      "net_income": 31058000,
      "opex": 64145000,
      "cogs": 186427000,
      "rd": null,
      "sga": 49410000,
      "fcf": 44240000,
      "ocf": 46193000,
      "capex": -1953000,
      "gross_margin": 0.2849970851742759,
      "op_margin": 0.0389819587628866,
      "fcf_margin": 0.16967353951890035,
      "incr_op_margin_yoy": 0.37631730848519834,
      "rev_growth_yoy": 0.3030219739031789,
      "op_leverage_ratio": 0.5453655994810845,
      "fcf_margin_change": 0.03666783456890102
    },
    {
      "date": "2022-03-31T00:00:00",
      "quarter_label": "2022-03 (Q1)",
      "revenue": 264775000,
      "gross_profit": 77528000,
      "operating_income": 15958000,
      "net_income": 26852000,
      "opex": 248817000,
      "cogs": 187247000,
      "rd": null,
      "sga": 48395000,
      "fcf": -83023000,
      "ocf": -79099000,
      "capex": -3924000,
      "gross_margin": 0.2928071003682372,
      "op_margin": 0.06027004060050987,
      "fcf_margin": -0.31356057029553397,
      "incr_op_margin_yoy": 0.12943583551351714,
      "rev_growth_yoy": 0.29065986828956797,
      "rev_growth_yoy_accel": -0.012362105613610952,
      "op_leverage_ratio": 0.005380648368868054,
      "fcf_margin_change": -0.4832341098144343
    },
    {
      "date": "2022-06-30T00:00:00",
      "quarter_label": "2022-06 (Q2)",
      "revenue": 280817000,
      "gross_profit": 91584000,
      "operating_income": 29004000,
      "net_income": 13875000,
      "opex": 251813000,
      "cogs": 189233000,
      "rd": null,
      "sga": 46033000,
      "fcf": 25987000,
      "ocf": 28863000,
      "capex": -2876000,
      "gross_margin": 0.326134101567925,
      "op_margin": 0.10328434532097416,
      "fcf_margin": 0.09254069376141758,
      "incr_op_margin_yoy": 0.27140116781551044,
      "rev_growth_yoy": 0.20327108810599115,
      "rev_growth_yoy_accel": -0.08738878018357682,
      "op_leverage_ratio": 5.031758347358686,
      "fcf_margin_change": 0.40610126405695157
    },
    {
      "date": "2022-09-30T00:00:00",
      "quarter_label": "2022-09 (Q3)",
      "revenue": 292186000,
      "gross_profit": 98818000,
      "operating_income": 29299000,
      "net_income": 17741000,
      "opex": 262887000,
      "cogs": 193368000,
      "rd": null,
      "sga": 54458000,
      "fcf": 41489000,
      "ocf": 44457000,
      "capex": -2968000,
      "gross_margin": 0.33820237793734126,
      "op_margin": 0.10027516718802407,
      "fcf_margin": 0.14199516746182225,
      "incr_op_margin_yoy": 0.17046317976709205,
      "rev_growth_yoy": 0.28322287952849623,
      "rev_growth_yoy_accel": 0.07995179142250508,
      "op_leverage_ratio": 0.920603239845209,
      "fcf_margin_change": 0.04945447370040468
    },
    {
      "date": "2022-12-31T00:00:00",
      "quarter_label": "2022-12 (Q4)",
      "revenue": 321183000,
      "gross_profit": 105150000,
      "operating_income": 25499000,
      "net_income": 17084000,
      "opex": 295684000,
      "cogs": 216033000,
      "rd": null,
      "sga": 60495000,
      "fcf": 88400000,
      "ocf": 91179000,
      "capex": -2779000,
      "gross_margin": 0.3273834542924127,
      "op_margin": 0.07939087685213725,
      "fcf_margin": 0.27523249985210924,
      "incr_op_margin_yoy": 0.2536933181133886,
      "rev_growth_yoy": 0.23183219808541974,
      "rev_growth_yoy_accel": -0.051390681443076486,
      "op_leverage_ratio": 0.7954788845641024,
      "fcf_margin_change": 0.13323733239028698
    },
    {
      "date": "2023-03-31T00:00:00",
      "quarter_label": "2023-03 (Q1)",
      "revenue": 326385000,
      "gross_profit": 98002000,
      "operating_income": 18431000,
      "net_income": 13419000,
      "opex": 307954000,
      "cogs": 228383000,
      "rd": null,
      "sga": 62289000,
      "fcf": -94057000,
      "ocf": -92101000,
      "capex": -1956000,
      "gross_margin": 0.30026502443433367,
      "op_margin": 0.05647011964397874,
      "fcf_margin": -0.2881780719089419,
      "incr_op_margin_yoy": 0.04013958772926473,
      "rev_growth_yoy": 0.23268813143234823,
      "rev_growth_yoy_accel": 0.0008559333469284891,
      "op_leverage_ratio": 0.3903022541658665,
      "fcf_margin_change": -0.5634105717610511
    },
    {
      "date": "2023-06-30T00:00:00",
      "quarter_label": "2023-06 (Q2)",
      "revenue": 354899000,
      "gross_profit": 119701000,
      "operating_income": 39719000,
      "net_income": 24712000,
      "opex": 315180000,
      "cogs": 235198000,
      "rd": null,
      "sga": 64019000,
      "fcf": 76452000,
      "ocf": 78221000,
      "capex": -1769000,
      "gross_margin": 0.33728187456149494,
      "op_margin": 0.11191634803141175,
      "fcf_margin": 0.21541903471128407,
      "incr_op_margin_yoy": 0.14463702383844929,
      "rev_growth_yoy": 0.26380881499339426,
      "rev_growth_yoy_accel": 0.031120683561046025,
      "op_leverage_ratio": 3.723195545041736,
      "fcf_margin_change": 0.5035971066202259
    },
    {
      "date": "2023-09-30T00:00:00",
      "quarter_label": "2023-09 (Q3)",
      "revenue": 367466000,
      "gross_profit": 122692000,
      "operating_income": 37342000,
      "net_income": 21516000,
      "opex": 330124000,
      "cogs": 244774000,
      "rd": null,
      "sga": 64347000,
      "fcf": 67352000,
      "ocf": 68774000,
      "capex": -1422000,
      "gross_margin": 0.333886672508477,
      "op_margin": 0.10162028595842881,
      "fcf_margin": 0.18328770552921902,
      "incr_op_margin_yoy": 0.10684112646121148,
      "rev_growth_yoy": 0.257644103413579,
      "rev_growth_yoy_accel": -0.006164711579815241,
      "op_leverage_ratio": 0.7468246289005118,
      "fcf_margin_change": -0.032131329182065044
    },
    {
      "date": "2023-12-31T00:00:00",
      "quarter_label": "2023-12 (Q4)",
      "revenue": 350005000,
      "gross_profit": 115663000,
      "operating_income": 29856000,
      "net_income": 2832000,
      "opex": 320149000,
      "cogs": 234342000,
      "rd": null,
      "sga": 66833000,
      "fcf": 76071000,
      "ocf": 80368000,
      "capex": -4297000,
      "gross_margin": 0.3304609934143798,
      "op_margin": 0.08530163854802074,
      "fcf_margin": 0.2173426093912944,
      "incr_op_margin_yoy": 0.15116924571507875,
      "rev_growth_yoy": 0.08973700351513,
      "rev_growth_yoy_accel": -0.167907099898449,
      "fcf_margin_change": 0.03405490386207538
    },
    {
      "date": "2024-03-31T00:00:00",
      "quarter_label": "2024-03 (Q1)",
      "revenue": 363385000,
      "gross_profit": 110082000,
      "operating_income": 19921000,
      "net_income": 18006000,
      "opex": 343464000,
      "cogs": 253303000,
      "rd": null,
      "sga": 74268000,
      "fcf": -131916000,
      "ocf": -130724000,
      "capex": -1192000,
      "gross_margin": 0.3029349037522187,
      "op_margin": 0.05482064477069774,
      "fcf_margin": -0.3630199375318189,
      "incr_op_margin_yoy": 0.04027027027027027,
      "rev_growth_yoy": 0.11336305283637423,
      "rev_growth_yoy_accel": 0.023626049321244222,
      "op_leverage_ratio": 0.5249266170374215,
      "fcf_margin_change": -0.5803625469231133
    },
    {
      "date": "2024-06-30T00:00:00",
      "quarter_label": "2024-06 (Q2)",
      "revenue": 381017000,
      "gross_profit": 132412000,
      "operating_income": 59403000,
      "net_income": 37482000,
      "opex": 321614000,
      "cogs": 248605000,
      "rd": null,
      "sga": 71410000,
      "fcf": 104748000,
      "ocf": 107221000,
      "capex": -2473000,
      "gross_margin": 0.34752255148720396,
      "op_margin": 0.1559064293719178,
      "fcf_margin": 0.27491686722639674,
      "incr_op_margin_yoy": 0.753656482119611,
      "rev_growth_yoy": 0.07359276864685446,
      "rev_growth_yoy_accel": -0.039770284189519764,
      "op_leverage_ratio": Infinity,
      "fcf_margin_change": 0.6379368047582157
    },
    {
      "date": "2024-09-30T00:00:00",
      "quarter_label": "2024-09 (Q3)",
      "revenue": 378089000,
      "gross_profit": 130240000,
      "operating_income": 42445000,
      "net_income": 27149000,
      "opex": 335644000,
      "cogs": 247849000,
      "rd": null,
      "sga": 70375000,
      "fcf": 82844000,
      "ocf": 85207000,
      "capex": -2363000,
      "gross_margin": 0.34446915937781847,
      "op_margin": 0.11226192774717064,
      "fcf_margin": 0.21911243120006135,
      "incr_op_margin_yoy": 0.4803727760519627,
      "rev_growth_yoy": 0.028908797004348702,
      "rev_growth_yoy_accel": -0.04468397164250576,
      "fcf_margin_change": -0.05580443602633539
    },
    {
      "date": "2024-12-31T00:00:00",
      "quarter_label": "2024-12 (Q4)",
      "revenue": 399314000,
      "gross_profit": 138994000,
      "operating_income": 47050000,
      "net_income": 33989000,
      "opex": 352264000,
      "cogs": 260320000,
      "rd": null,
      "sga": 72170000,
      "fcf": 136992000,
      "ocf": 139615000,
      "capex": -2623000,
      "gross_margin": 0.34808196056236446,
      "op_margin": 0.11782707343093406,
      "fcf_margin": 0.3430683622412437,
      "incr_op_margin_yoy": 0.34869902046279583,
      "rev_growth_yoy": 0.14088084455936345,
      "rev_growth_yoy_accel": 0.11197204755501475,
      "op_leverage_ratio": 1.1337088197091638,
      "fcf_margin_change": 0.12395593104118235
    },
    {
      "date": "2025-03-31T00:00:00",
      "quarter_label": "2025-03 (Q1)",
      "revenue": 404141000,
      "gross_profit": 126098000,
      "operating_income": 32732000,
      "net_income": 24536000,
      "opex": 371409000,
      "cogs": 278043000,
      "rd": null,
      "sga": 76634000,
      "fcf": -108677000,
      "ocf": -106827000,
      "capex": -1850000,
      "gross_margin": 0.3120148660987131,
      "op_margin": 0.08099153513254037,
      "fcf_margin": -0.2689086234754702,
      "incr_op_margin_yoy": 0.314334085778781,
      "rev_growth_yoy": 0.11215652820011833,
      "rev_growth_yoy_accel": -0.02872431635924512,
      "op_leverage_ratio": 0.22242093061106719,
      "fcf_margin_change": -0.6119769857167139
    },
    {
      "date": "2025-06-30T00:00:00",
      "quarter_label": "2025-06 (Q2)",
      "revenue": 411755000,
      "gross_profit": 142727000,
      "operating_income": 45654000,
      "net_income": 19430000,
      "opex": 366101000,
      "cogs": 269028000,
      "rd": null,
      "sga": 80217000,
      "fcf": 78005000,
      "ocf": 80047000,
      "capex": -2042000,
      "gross_margin": 0.3466308848708577,
      "op_margin": 0.11087661352017583,
      "fcf_margin": 0.18944517977923767,
      "incr_op_margin_yoy": -0.44729650595354287,
      "rev_growth_yoy": 0.08067356574641027,
      "rev_growth_yoy_accel": -0.03148296245370806,
      "op_leverage_ratio": Infinity,
      "fcf_margin_change": 0.45835380325470787
    },
    {
      "date": "2025-09-30T00:00:00",
      "quarter_label": "2025-09 (Q3)",
      "revenue": 441284000,
      "gross_profit": 152481000,
      "operating_income": 50000000,
      "net_income": 30420000,
      "opex": 391284000,
      "cogs": 288803000,
      "rd": null,
      "sga": 81296000,
      "fcf": 89800000,
      "ocf": 93767000,
      "capex": -3967000,
      "gross_margin": 0.3455393805349843,
      "op_margin": 0.11330571695325459,
      "fcf_margin": 0.20349706764804526,
      "incr_op_margin_yoy": 0.11955059735738587,
      "rev_growth_yoy": 0.16714318586364585,
      "rev_growth_yoy_accel": 0.08646962011723558,
      "op_leverage_ratio": 1.0425654004432645,
      "fcf_margin_change": 0.014051887868807594
    }
  ],
  "signals": [
    {
      "quarter": "2025-09 (Q3)",
      "signal": "YoY REVENUE GROWTH ACCELERATION",
      "detail": "YoY growth: +16.7% vs prior quarter YoY: +8.1% (accel: +8.6%)",
      "severity": "MEDIUM"
    },
    {
      "quarter": "2025-06 (Q2)",
      "signal": "FCF TURNED POSITIVE",
      "detail": "FCF margin: -26.9% -> +18.9%",
      "severity": "HIGH"
    },
    {
      "quarter": "2025-06 (Q2)",
      "signal": "GROSS MARGIN INFLECTION",
      "detail": "GM: +34.8% -> +31.2% -> +34.7% (reversal +3.5%)",
      "severity": "MEDIUM"
    },
    {
      "quarter": "2025-03 (Q1)",
      "signal": "INCREMENTAL MARGIN (YoY)",
      "detail": "YoY Incr OPM: +31.4% vs year-ago OPM: +5.5%",
      "severity": "HIGH"
    },
    {
      "quarter": "2024-12 (Q4)",
      "signal": "FCF MARGIN EXPANSION",
      "detail": "FCF margin: +21.9% -> +34.3% (+12.4%)",
      "severity": "MEDIUM"
    },
    {
      "quarter": "2024-12 (Q4)",
      "signal": "YoY REVENUE GROWTH ACCELERATION",
      "detail": "YoY growth: +14.1% vs prior quarter YoY: +2.9% (accel: +11.2%)",
      "severity": "MEDIUM"
    },
    {
      "quarter": "2024-12 (Q4)",
      "signal": "INCREMENTAL MARGIN (YoY)",
      "detail": "YoY Incr OPM: +34.9% vs year-ago OPM: +8.5%",
      "severity": "HIGH"
    },
    {
      "quarter": "2024-09 (Q3)",
      "signal": "INCREMENTAL MARGIN (YoY)",
      "detail": "YoY Incr OPM: +48.0% vs year-ago OPM: +10.2%",
      "severity": "HIGH"
    },
    {
      "quarter": "2024-06 (Q2)",
      "signal": "FCF TURNED POSITIVE",
      "detail": "FCF margin: -36.3% -> +27.5%",
      "severity": "HIGH"
    },
    {
      "quarter": "2024-06 (Q2)",
      "signal": "GROSS MARGIN INFLECTION",
      "detail": "GM: +33.0% -> +30.3% -> +34.8% (reversal +4.5%)",
      "severity": "MEDIUM"
    },
    {
      "quarter": "2024-06 (Q2)",
      "signal": "INCREMENTAL MARGIN (YoY)",
      "detail": "YoY Incr OPM: +75.4% vs year-ago OPM: +11.2%",
      "severity": "HIGH"
    },
    {
      "quarter": "2023-12 (Q4)",
      "signal": "YoY REVENUE GROWTH DECELERATION",
      "detail": "YoY growth: +9.0% vs prior quarter YoY: +25.8% (decel: -16.8%)",
      "severity": "WARNING"
    },
    {
      "quarter": "2023-06 (Q2)",
      "signal": "FCF TURNED POSITIVE",
      "detail": "FCF margin: -28.8% -> +21.5%",
      "severity": "HIGH"
    },
    {
      "quarter": "2023-06 (Q2)",
      "signal": "OPERATING LEVERAGE",
      "detail": "Rev growth +8.7% vs OpEx growth +2.3% (leverage: 3.7x)",
      "severity": "MEDIUM"
    },
    {
      "quarter": "2023-06 (Q2)",
      "signal": "GROSS MARGIN INFLECTION",
      "detail": "GM: +32.7% -> +30.0% -> +33.7% (reversal +3.7%)",
      "severity": "MEDIUM"
    },
    {
      "quarter": "2022-12 (Q4)",
      "signal": "FCF MARGIN EXPANSION",
      "detail": "FCF margin: +14.2% -> +27.5% (+13.3%)",
      "severity": "MEDIUM"
    },
    {
      "quarter": "2022-12 (Q4)",
      "signal": "YoY REVENUE GROWTH DECELERATION",
      "detail": "YoY growth: +23.2% vs prior quarter YoY: +28.3% (decel: -5.1%)",
      "severity": "WARNING"
    },
    {
      "quarter": "2022-12 (Q4)",
      "signal": "INCREMENTAL MARGIN (YoY)",
      "detail": "YoY Incr OPM: +25.4% vs year-ago OPM: +3.9%",
      "severity": "HIGH"
    },
    {
      "quarter": "2022-09 (Q3)",
      "signal": "YoY REVENUE GROWTH ACCELERATION",
      "detail": "YoY growth: +28.3% vs prior quarter YoY: +20.3% (accel: +8.0%)",
      "severity": "MEDIUM"
    },
    {
      "quarter": "2022-06 (Q2)",
      "signal": "FCF TURNED POSITIVE",
      "detail": "FCF margin: -31.4% -> +9.3%",
      "severity": "HIGH"
    },
    {
      "quarter": "2022-06 (Q2)",
      "signal": "OPERATING LEVERAGE",
      "detail": "Rev growth +6.1% vs OpEx growth +1.2% (leverage: 5.0x)",
      "severity": "MEDIUM"
    },
    {
      "quarter": "2022-06 (Q2)",
      "signal": "YoY REVENUE GROWTH DECELERATION",
      "detail": "YoY growth: +20.3% vs prior quarter YoY: +29.1% (decel: -8.7%)",
      "severity": "WARNING"
    },
    {
      "quarter": "2022-06 (Q2)",
      "signal": "INCREMENTAL MARGIN (YoY)",
      "detail": "YoY Incr OPM: +27.1% vs year-ago OPM: +6.9%",
      "severity": "HIGH"
    },
    {
      "quarter": "2021-12 (Q4)",
      "signal": "OP MARGIN TURNED POSITIVE (YoY)",
      "detail": "Op margin: -6.3% (year-ago) -> +3.9%",
      "severity": "HIGH"
    },
    {
      "quarter": "2021-09 (Q3)",
      "signal": "FCF MARGIN EXPANSION",
      "detail": "FCF margin: +6.8% -> +13.3% (+6.5%)",
      "severity": "MEDIUM"
    },
    {
      "quarter": "2021-06 (Q2)",
      "signal": "FCF TURNED POSITIVE",
      "detail": "FCF margin: -40.6% -> +6.8%",
      "severity": "HIGH"
    },
    {
      "quarter": "2021-06 (Q2)",
      "signal": "GROSS MARGIN INFLECTION",
      "detail": "GM: +27.8% -> +26.4% -> +29.0% (reversal +2.6%)",
      "severity": "MEDIUM"
    },
    {
      "quarter": "2021-03 (Q1)",
      "signal": "OP MARGIN TURNED POSITIVE (QoQ)",
      "detail": "Op margin: -6.3% -> +4.0%",
      "severity": "HIGH"
    }
  ],
  "data_quality": {
    "n_quarters": 20,
    "coverage": {
      "revenue": [
        20,
        20
      ],
      "gross_profit": [
        20,
        20
      ],
      "op_income": [
        20,
        20
      ],
      "fcf": [
        20,
        20
      ]
    },
    "gaps": [],
    "warnings": []
  },
  "market_cap": null,
  "source": "SEC EDGAR",
  "last_updated": "2026-02-02T21:23:23.576925",
  "sector": "Industrials",
  "industry": "Consulting Services"
}