{
  "ticker": "HWKN",
  "name": "HAWKINS, INC.",
  "quarters": [
    {
      "date": "2021-03-28T00:00:00",
      "quarter_label": "2021-03 (Q1)",
      "revenue": 162971000,
      "gross_profit": 31750000,
      "operating_income": 12875000,
      "net_income": 9081000,
      "opex": 18875000,
      "cogs": 131221000,
      "rd": null,
      "sga": 18875000,
      "fcf": 9593000,
      "ocf": 17187000,
      "capex": -7594000,
      "gross_margin": 0.1948199372894564,
      "op_margin": 0.07900178559375594,
      "fcf_margin": 0.05886323333599229
    },
    {
      "date": "2021-06-27T00:00:00",
      "quarter_label": "2021-06 (Q2)",
      "revenue": 181241000,
      "gross_profit": 38974000,
      "operating_income": 22118000,
      "net_income": 16628000,
      "opex": 16856000,
      "cogs": 142267000,
      "rd": null,
      "sga": 16856000,
      "fcf": 12666000,
      "ocf": 14821000,
      "capex": -2155000,
      "gross_margin": 0.21503964334780762,
      "op_margin": 0.1220364045662957,
      "fcf_margin": 0.06988484945459361,
      "op_leverage_ratio": Infinity,
      "fcf_margin_change": 0.011021616118601321
    },
    {
      "date": "2021-09-26T00:00:00",
      "quarter_label": "2021-09 (Q3)",
      "revenue": 183277000,
      "gross_profit": 37287000,
      "operating_income": 19608000,
      "net_income": 14133000,
      "opex": 17679000,
      "cogs": 145990000,
      "rd": null,
      "sga": 17679000,
      "fcf": 20512000,
      "ocf": 25261000,
      "capex": -4749000,
      "gross_margin": 0.20344614981694376,
      "op_margin": 0.10698560103013471,
      "fcf_margin": 0.11191802572063052,
      "op_leverage_ratio": 0.23007848622011937,
      "fcf_margin_change": 0.042033176266036906
    },
    {
      "date": "2021-12-26T00:00:00",
      "quarter_label": "2021-12 (Q4)",
      "revenue": 187050000,
      "gross_profit": 33940000,
      "operating_income": 14259000,
      "net_income": 10204000,
      "opex": 19681000,
      "cogs": 153110000,
      "rd": null,
      "sga": 19681000,
      "fcf": -10169000,
      "ocf": -1373000,
      "capex": -8796000,
      "gross_margin": 0.1814488104784817,
      "op_margin": 0.0762309542902967,
      "fcf_margin": -0.054365143009890406,
      "op_leverage_ratio": 0.18179103425206317,
      "fcf_margin_change": -0.16628316873052093
    },
    {
      "date": "2022-04-03T00:00:00",
      "quarter_label": "2022-04 (Q2)",
      "revenue": 222973000,
      "gross_profit": 36319000,
      "operating_income": 15209000,
      "net_income": 10577000,
      "opex": 21110000,
      "cogs": 186654000,
      "rd": null,
      "sga": 21110000,
      "fcf": -8684000,
      "ocf": 4128000,
      "capex": -12812000,
      "gross_margin": 0.16288519237755245,
      "op_margin": 0.06821005233817548,
      "fcf_margin": -0.03894641952164612,
      "incr_op_margin_yoy": 0.038898703376554114,
      "rev_growth_yoy": 0.3681759331414792,
      "op_leverage_ratio": 2.64502522592594,
      "fcf_margin_change": 0.015418723488244288
    },
    {
      "date": "2022-07-03T00:00:00",
      "quarter_label": "2022-07 (Q3)",
      "revenue": 246543000,
      "gross_profit": 46749000,
      "operating_income": 27864000,
      "net_income": 19695000,
      "opex": 18885000,
      "cogs": 199794000,
      "rd": null,
      "sga": 18885000,
      "fcf": -21035000,
      "ocf": -9395000,
      "capex": -11640000,
      "gross_margin": 0.18961803823268153,
      "op_margin": 0.11301882430245434,
      "fcf_margin": -0.08531980222516965,
      "incr_op_margin_yoy": 0.08799117944320235,
      "rev_growth_yoy": 0.3603047875480713,
      "rev_growth_yoy_accel": -0.007871145593407847,
      "op_leverage_ratio": Infinity,
      "fcf_margin_change": -0.04637338270352353
    },
    {
      "date": "2022-10-02T00:00:00",
      "quarter_label": "2022-10 (Q4)",
      "revenue": 241192000,
      "gross_profit": 46374000,
      "operating_income": 26536000,
      "net_income": 18000000,
      "opex": 19838000,
      "cogs": 194818000,
      "rd": null,
      "sga": 19838000,
      "fcf": 19170000,
      "ocf": 28198000,
      "capex": -9028000,
      "gross_margin": 0.19227005870841488,
      "op_margin": 0.11002023284354373,
      "fcf_margin": 0.07948024810109788,
      "incr_op_margin_yoy": 0.11962358629025295,
      "rev_growth_yoy": 0.31599709728989456,
      "rev_growth_yoy_accel": -0.04430769025817677,
      "fcf_margin_change": 0.16480005032626754
    },
    {
      "date": "2023-01-01T00:00:00",
      "quarter_label": "2023-01 (Q1)",
      "revenue": 219218000,
      "gross_profit": 36271000,
      "operating_income": 15267000,
      "net_income": 10733000,
      "opex": 21004000,
      "cogs": 182947000,
      "rd": null,
      "sga": 21004000,
      "fcf": 14099000,
      "ocf": 25738000,
      "capex": -11639000,
      "gross_margin": 0.16545630377067577,
      "op_margin": 0.06964300376793876,
      "fcf_margin": 0.0643149741353356,
      "incr_op_margin_yoy": 0.031335488684406866,
      "rev_growth_yoy": 0.1719754076450147,
      "rev_growth_yoy_accel": -0.14402168964487985,
      "fcf_margin_change": -0.015165273965762283
    },
    {
      "date": "2023-04-02T00:00:00",
      "quarter_label": "2023-04 (Q2)",
      "revenue": 228145000,
      "gross_profit": 35725000,
      "operating_income": 18483000,
      "net_income": 11613000,
      "opex": 17242000,
      "cogs": 192420000,
      "rd": null,
      "sga": 17242000,
      "fcf": 16845000,
      "ocf": 32859000,
      "capex": -16014000,
      "gross_margin": 0.15658901137434525,
      "op_margin": 0.08101426724232397,
      "fcf_margin": 0.07383462271800828,
      "incr_op_margin_yoy": 0.6330239752513535,
      "rev_growth_yoy": 0.023195633552044417,
      "rev_growth_yoy_accel": -0.14877977409297027,
      "op_leverage_ratio": Infinity,
      "fcf_margin_change": 0.00951964858267268
    },
    {
      "date": "2023-07-02T00:00:00",
      "quarter_label": "2023-07 (Q3)",
      "revenue": 251120000,
      "gross_profit": 51991000,
      "operating_income": 32487000,
      "net_income": 23430000,
      "opex": 19504000,
      "cogs": 199129000,
      "rd": null,
      "sga": 19504000,
      "fcf": 26993000,
      "ocf": 34866000,
      "capex": -7873000,
      "gross_margin": 0.20703647658489965,
      "op_margin": 0.12936842943612614,
      "fcf_margin": 0.1074904428161835,
      "incr_op_margin_yoy": 1.0100502512562815,
      "rev_growth_yoy": 0.01856471284927984,
      "rev_growth_yoy_accel": -0.004630920702764576,
      "op_leverage_ratio": 0.7676081991304993,
      "fcf_margin_change": 0.03365582009817522
    },
    {
      "date": "2023-10-01T00:00:00",
      "quarter_label": "2023-10 (Q4)",
      "revenue": 236526000,
      "gross_profit": 53886000,
      "operating_income": 32991000,
      "net_income": 23216000,
      "opex": 20895000,
      "cogs": 182640000,
      "rd": null,
      "sga": 20895000,
      "fcf": 48715000,
      "ocf": 57764000,
      "capex": -9049000,
      "gross_margin": 0.22782273407574644,
      "op_margin": 0.1394814946348393,
      "fcf_margin": 0.20596044409494094,
      "incr_op_margin_yoy": -1.3834119159879983,
      "rev_growth_yoy": -0.01934558360144615,
      "rev_growth_yoy_accel": -0.037910296450725994,
      "fcf_margin_change": 0.09847000127875744
    },
    {
      "date": "2023-12-31T00:00:00",
      "quarter_label": "2023-12 (Q4)",
      "revenue": 208496000,
      "gross_profit": 42248000,
      "operating_income": 18474000,
      "net_income": 14885000,
      "opex": 23774000,
      "cogs": 166248000,
      "rd": null,
      "sga": 23774000,
      "fcf": 13654000,
      "ocf": 24980000,
      "capex": -11326000,
      "gross_margin": 0.20263218479011588,
      "op_margin": 0.0886060164223774,
      "fcf_margin": 0.06548806691735093,
      "incr_op_margin_yoy": -0.2991046446558478,
      "rev_growth_yoy": -0.04891021722668759,
      "rev_growth_yoy_accel": -0.029564633625241442,
      "fcf_margin_change": -0.14047237717759
    },
    {
      "date": "2024-03-31T00:00:00",
      "quarter_label": "2024-03 (Q1)",
      "revenue": 223020000,
      "gross_profit": 45511000,
      "operating_income": 20084000,
      "net_income": 13832000,
      "opex": 25427000,
      "cogs": 177509000,
      "rd": null,
      "sga": 25427000,
      "fcf": 29986000,
      "ocf": 41889000,
      "capex": -11903000,
      "gross_margin": 0.20406689982961168,
      "op_margin": 0.09005470361402565,
      "fcf_margin": 0.13445430903058023,
      "incr_op_margin_yoy": -0.312390243902439,
      "rev_growth_yoy": -0.02246378399701944,
      "rev_growth_yoy_accel": 0.02644643322966815,
      "op_leverage_ratio": 1.0018850994392219,
      "fcf_margin_change": 0.0689662421132293
    },
    {
      "date": "2024-06-30T00:00:00",
      "quarter_label": "2024-06 (Q2)",
      "revenue": 255879000,
      "gross_profit": 64655000,
      "operating_income": 39791000,
      "net_income": 28879000,
      "opex": 24864000,
      "cogs": 191224000,
      "rd": null,
      "sga": 24864000,
      "fcf": 6937000,
      "ocf": 17586000,
      "capex": -10649000,
      "gross_margin": 0.2526780235970908,
      "op_margin": 0.1555070951504422,
      "fcf_margin": 0.027110470183172516,
      "incr_op_margin_yoy": 1.534776213490229,
      "rev_growth_yoy": 0.018951099076138896,
      "rev_growth_yoy_accel": 0.04141488307315834,
      "op_leverage_ratio": Infinity,
      "fcf_margin_change": -0.10734383884740771
    },
    {
      "date": "2024-09-29T00:00:00",
      "quarter_label": "2024-09 (Q3)",
      "revenue": 247029000,
      "gross_profit": 60222000,
      "operating_income": 33745000,
      "net_income": 24118000,
      "opex": 26477000,
      "cogs": 186807000,
      "rd": null,
      "sga": 26477000,
      "fcf": 30993000,
      "ocf": 41630000,
      "capex": -10637000,
      "gross_margin": 0.24378514263507522,
      "op_margin": 0.13660339474312733,
      "fcf_margin": 0.12546300231956573,
      "incr_op_margin_yoy": 0.07178901266304866,
      "rev_growth_yoy": 0.044405266228659854,
      "rev_growth_yoy_accel": 0.025454167152520957,
      "fcf_margin_change": 0.09835253213639321
    },
    {
      "date": "2024-12-29T00:00:00",
      "quarter_label": "2024-12 (Q4)",
      "revenue": 226205000,
      "gross_profit": 48424000,
      "operating_income": 21063000,
      "net_income": 15021000,
      "opex": 27361000,
      "cogs": 177781000,
      "rd": null,
      "sga": 27361000,
      "fcf": 12314000,
      "ocf": 21036000,
      "capex": -8722000,
      "gross_margin": 0.21407130700028734,
      "op_margin": 0.09311465263809376,
      "fcf_margin": 0.05443734665458323,
      "incr_op_margin_yoy": 0.1461968490598001,
      "rev_growth_yoy": 0.08493688128309416,
      "rev_growth_yoy_accel": 0.04053161505443431,
      "fcf_margin_change": -0.07102565566498249
    },
    {
      "date": "2025-03-30T00:00:00",
      "quarter_label": "2025-03 (Q1)",
      "revenue": 245318000,
      "gross_profit": 52237000,
      "operating_income": 24575000,
      "net_income": 16327000,
      "opex": 27662000,
      "cogs": 193081000,
      "rd": null,
      "sga": 27662000,
      "fcf": 19756000,
      "ocf": 30844000,
      "capex": -11088000,
      "gross_margin": 0.21293586283925353,
      "op_margin": 0.1001760979626444,
      "fcf_margin": 0.08053220717599198,
      "incr_op_margin_yoy": 0.2014081980446677,
      "rev_growth_yoy": 0.09998206438884405,
      "rev_growth_yoy_accel": 0.015045183105749885,
      "op_leverage_ratio": 7.680546627324272,
      "fcf_margin_change": 0.026094860521408747
    },
    {
      "date": "2025-06-29T00:00:00",
      "quarter_label": "2025-06 (Q2)",
      "revenue": 293272000,
      "gross_profit": 72362000,
      "operating_income": 41333000,
      "net_income": 29175000,
      "opex": 31029000,
      "cogs": 220910000,
      "rd": null,
      "sga": 31029000,
      "fcf": 17946000,
      "ocf": 31490000,
      "capex": -13544000,
      "gross_margin": 0.24674022750211408,
      "op_margin": 0.14093742327941297,
      "fcf_margin": 0.06119234021659074,
      "incr_op_margin_yoy": 0.04123766480357286,
      "rev_growth_yoy": 0.1461354780970693,
      "rev_growth_yoy_accel": 0.04615341370822526,
      "op_leverage_ratio": 1.6059642901374858,
      "fcf_margin_change": -0.019339866959401236
    },
    {
      "date": "2025-09-28T00:00:00",
      "quarter_label": "2025-09 (Q3)",
      "revenue": 280434000,
      "gross_profit": 67643000,
      "operating_income": 33940000,
      "net_income": 22598000,
      "opex": 33703000,
      "cogs": 212791000,
      "rd": null,
      "sga": 33703000,
      "fcf": 28743000,
      "ocf": 39541000,
      "capex": -10798000,
      "gross_margin": 0.24120827003858306,
      "op_margin": 0.12102669433806172,
      "fcf_margin": 0.10249470463638503,
      "incr_op_margin_yoy": 0.0058374494836102376,
      "rev_growth_yoy": 0.13522703812103032,
      "rev_growth_yoy_accel": -0.010908439976038992,
      "fcf_margin_change": 0.04130236441979429
    },
    {
      "date": "2025-12-28T00:00:00",
      "quarter_label": "2025-12 (Q4)",
      "revenue": 244080000,
      "gross_profit": 50813000,
      "operating_income": 22556000,
      "net_income": 14312000,
      "opex": 28257000,
      "cogs": 193267000,
      "rd": null,
      "sga": 28257000,
      "fcf": 21240000,
      "ocf": 35561000,
      "capex": -14321000,
      "gross_margin": 0.20818174369059325,
      "op_margin": 0.09241232382825303,
      "fcf_margin": 0.08702064896755163,
      "incr_op_margin_yoy": 0.08352447552447552,
      "rev_growth_yoy": 0.07902124179394797,
      "rev_growth_yoy_accel": -0.05620579632708235,
      "fcf_margin_change": -0.015474055668833406
    }
  ],
  "signals": [
    {
      "quarter": "2025-12 (Q4)",
      "signal": "YoY REVENUE GROWTH DECELERATION",
      "detail": "YoY growth: +7.9% vs prior quarter YoY: +13.5% (decel: -5.6%)",
      "severity": "WARNING"
    },
    {
      "quarter": "2025-06 (Q2)",
      "signal": "OPERATING LEVERAGE",
      "detail": "Rev growth +19.5% vs OpEx growth +12.2% (leverage: 1.6x)",
      "severity": "MEDIUM"
    },
    {
      "quarter": "2025-06 (Q2)",
      "signal": "GROSS MARGIN INFLECTION",
      "detail": "GM: +21.4% -> +21.3% -> +24.7% (reversal +3.4%)",
      "severity": "MEDIUM"
    },
    {
      "quarter": "2025-03 (Q1)",
      "signal": "OPERATING LEVERAGE",
      "detail": "Rev growth +8.4% vs OpEx growth +1.1% (leverage: 7.7x)",
      "severity": "MEDIUM"
    },
    {
      "quarter": "2025-03 (Q1)",
      "signal": "INCREMENTAL MARGIN (YoY)",
      "detail": "YoY Incr OPM: +20.1% vs year-ago OPM: +9.0%",
      "severity": "MEDIUM"
    },
    {
      "quarter": "2024-09 (Q3)",
      "signal": "FCF MARGIN EXPANSION",
      "detail": "FCF margin: +2.7% -> +12.5% (+9.8%)",
      "severity": "MEDIUM"
    },
    {
      "quarter": "2024-06 (Q2)",
      "signal": "INCREMENTAL MARGIN (YoY)",
      "detail": "YoY Incr OPM: +153.5% vs year-ago OPM: +12.9%",
      "severity": "HIGH"
    },
    {
      "quarter": "2024-03 (Q1)",
      "signal": "FCF MARGIN EXPANSION",
      "detail": "FCF margin: +6.5% -> +13.4% (+6.9%)",
      "severity": "MEDIUM"
    },
    {
      "quarter": "2023-10 (Q4)",
      "signal": "FCF MARGIN EXPANSION",
      "detail": "FCF margin: +10.7% -> +20.6% (+9.8%)",
      "severity": "MEDIUM"
    },
    {
      "quarter": "2023-07 (Q3)",
      "signal": "GROSS MARGIN INFLECTION",
      "detail": "GM: +16.5% -> +15.7% -> +20.7% (reversal +5.0%)",
      "severity": "HIGH"
    },
    {
      "quarter": "2023-07 (Q3)",
      "signal": "INCREMENTAL MARGIN (YoY)",
      "detail": "YoY Incr OPM: +101.0% vs year-ago OPM: +11.3%",
      "severity": "HIGH"
    },
    {
      "quarter": "2023-04 (Q2)",
      "signal": "YoY REVENUE GROWTH DECELERATION",
      "detail": "YoY growth: +2.3% vs prior quarter YoY: +17.2% (decel: -14.9%)",
      "severity": "WARNING"
    },
    {
      "quarter": "2023-04 (Q2)",
      "signal": "INCREMENTAL MARGIN (YoY)",
      "detail": "YoY Incr OPM: +63.3% vs year-ago OPM: +6.8%",
      "severity": "HIGH"
    },
    {
      "quarter": "2023-01 (Q1)",
      "signal": "YoY REVENUE GROWTH DECELERATION",
      "detail": "YoY growth: +17.2% vs prior quarter YoY: +31.6% (decel: -14.4%)",
      "severity": "WARNING"
    },
    {
      "quarter": "2022-10 (Q4)",
      "signal": "FCF TURNED POSITIVE",
      "detail": "FCF margin: -8.5% -> +7.9%",
      "severity": "HIGH"
    },
    {
      "quarter": "2022-07 (Q3)",
      "signal": "GROSS MARGIN INFLECTION",
      "detail": "GM: +18.1% -> +16.3% -> +19.0% (reversal +2.7%)",
      "severity": "MEDIUM"
    },
    {
      "quarter": "2022-04 (Q2)",
      "signal": "OPERATING LEVERAGE",
      "detail": "Rev growth +19.2% vs OpEx growth +7.3% (leverage: 2.6x)",
      "severity": "MEDIUM"
    }
  ],
  "data_quality": {
    "n_quarters": 20,
    "coverage": {
      "revenue": [
        20,
        20
      ],
      "gross_profit": [
        20,
        20
      ],
      "op_income": [
        20,
        20
      ],
      "fcf": [
        20,
        20
      ]
    },
    "gaps": [],
    "warnings": []
  },
  "market_cap": null,
  "source": "SEC EDGAR",
  "last_updated": "2026-02-02T21:20:06.742840"
}