{
  "ticker": "HWM",
  "name": "HOWMET AEROSPACE INC.",
  "quarters": [
    {
      "date": "2020-12-31T00:00:00",
      "quarter_label": "2020-12 (Q4)",
      "revenue": 1238000000,
      "gross_profit": 366000000,
      "operating_income": 221000000,
      "net_income": 106000000,
      "opex": 145000000,
      "cogs": 872000000,
      "rd": 4000000,
      "sga": 58000000,
      "fcf": 104000000,
      "ocf": 151000000,
      "capex": -47000000,
      "gross_margin": 0.2956381260096931,
      "op_margin": 0.17851373182552505,
      "fcf_margin": 0.0840064620355412
    },
    {
      "date": "2021-03-31T00:00:00",
      "quarter_label": "2021-03 (Q1)",
      "revenue": 1209000000,
      "gross_profit": 336000000,
      "operating_income": 189000000,
      "net_income": 80000000,
      "opex": 147000000,
      "cogs": 873000000,
      "rd": 5000000,
      "sga": 65000000,
      "fcf": -61000000,
      "ocf": -6000000,
      "capex": -55000000,
      "gross_margin": 0.27791563275434245,
      "op_margin": 0.15632754342431762,
      "fcf_margin": -0.050454921422663356,
      "fcf_margin_change": -0.13446138345820455
    },
    {
      "date": "2021-06-30T00:00:00",
      "quarter_label": "2021-06 (Q2)",
      "revenue": 1195000000,
      "gross_profit": 338000000,
      "operating_income": 207000000,
      "net_income": 74000000,
      "opex": 131000000,
      "cogs": 857000000,
      "rd": 4000000,
      "sga": 55000000,
      "fcf": 49000000,
      "ocf": 85000000,
      "capex": -36000000,
      "gross_margin": 0.2828451882845188,
      "op_margin": 0.17322175732217573,
      "fcf_margin": 0.04100418410041841,
      "fcf_margin_change": 0.09145910552308176
    },
    {
      "date": "2021-09-30T00:00:00",
      "quarter_label": "2021-09 (Q3)",
      "revenue": 1283000000,
      "gross_profit": 355000000,
      "operating_income": 205000000,
      "net_income": 27000000,
      "opex": 150000000,
      "cogs": 928000000,
      "rd": 4000000,
      "sga": 70000000,
      "fcf": 20000000,
      "ocf": 67000000,
      "capex": -47000000,
      "gross_margin": 0.2766952455183164,
      "op_margin": 0.1597817614964926,
      "fcf_margin": 0.01558846453624318,
      "op_leverage_ratio": 0.5077295749834838,
      "fcf_margin_change": -0.02541571956417523
    },
    {
      "date": "2021-12-31T00:00:00",
      "quarter_label": "2021-12 (Q4)",
      "revenue": 1285000000,
      "gross_profit": 347000000,
      "operating_income": 147000000,
      "net_income": 77000000,
      "opex": 200000000,
      "cogs": 938000000,
      "rd": 4000000,
      "sga": 61000000,
      "fcf": 242000000,
      "ocf": 303000000,
      "capex": -61000000,
      "gross_margin": 0.27003891050583656,
      "op_margin": 0.11439688715953307,
      "fcf_margin": 0.18832684824902723,
      "incr_op_margin_yoy": -1.574468085106383,
      "rev_growth_yoy": 0.03796445880452343,
      "fcf_margin_change": 0.17273838371278405
    },
    {
      "date": "2022-03-31T00:00:00",
      "quarter_label": "2022-03 (Q1)",
      "revenue": 1324000000,
      "gross_profit": 374000000,
      "operating_income": 230000000,
      "net_income": 131000000,
      "opex": 144000000,
      "cogs": 950000000,
      "rd": 7000000,
      "sga": 69000000,
      "fcf": -7000000,
      "ocf": 55000000,
      "capex": -62000000,
      "gross_margin": 0.2824773413897281,
      "op_margin": 0.17371601208459214,
      "fcf_margin": -0.005287009063444109,
      "incr_op_margin_yoy": 0.3565217391304348,
      "rev_growth_yoy": 0.09511993382961124,
      "rev_growth_yoy_accel": 0.05715547502508782,
      "op_leverage_ratio": Infinity,
      "fcf_margin_change": -0.19361385731247135
    },
    {
      "date": "2022-06-30T00:00:00",
      "quarter_label": "2022-06 (Q2)",
      "revenue": 1393000000,
      "gross_profit": 406000000,
      "operating_income": 241000000,
      "net_income": 147000000,
      "opex": 165000000,
      "cogs": 987000000,
      "rd": 9000000,
      "sga": 83000000,
      "fcf": 114000000,
      "ocf": 158000000,
      "capex": -44000000,
      "gross_margin": 0.2914572864321608,
      "op_margin": 0.1730078966259871,
      "fcf_margin": 0.08183776022972003,
      "incr_op_margin_yoy": 0.1717171717171717,
      "rev_growth_yoy": 0.16569037656903765,
      "rev_growth_yoy_accel": 0.0705704427394264,
      "op_leverage_ratio": 0.35735865343116097,
      "fcf_margin_change": 0.08712476929316414
    },
    {
      "date": "2022-09-30T00:00:00",
      "quarter_label": "2022-09 (Q3)",
      "revenue": 1433000000,
      "gross_profit": 377000000,
      "operating_income": 228000000,
      "net_income": 80000000,
      "opex": 149000000,
      "cogs": 1056000000,
      "rd": 7000000,
      "sga": 73000000,
      "fcf": 23000000,
      "ocf": 65000000,
      "capex": -42000000,
      "gross_margin": 0.2630844382414515,
      "op_margin": 0.15910676901605025,
      "fcf_margin": 0.016050244242847175,
      "incr_op_margin_yoy": 0.15333333333333332,
      "rev_growth_yoy": 0.11691348402182385,
      "rev_growth_yoy_accel": -0.048776892547213804,
      "op_leverage_ratio": Infinity,
      "fcf_margin_change": -0.06578751598687285
    },
    {
      "date": "2022-12-31T00:00:00",
      "quarter_label": "2022-12 (Q4)",
      "revenue": 1513000000,
      "gross_profit": 403000000,
      "operating_income": 220000000,
      "net_income": 111000000,
      "opex": 183000000,
      "cogs": 1110000000,
      "rd": 9000000,
      "sga": 63000000,
      "fcf": 410000000,
      "ocf": 455000000,
      "capex": -45000000,
      "gross_margin": 0.2663582286847323,
      "op_margin": 0.14540647719762062,
      "fcf_margin": 0.2709847984137475,
      "incr_op_margin_yoy": 0.3201754385964912,
      "rev_growth_yoy": 0.177431906614786,
      "rev_growth_yoy_accel": 0.060518422592962154,
      "op_leverage_ratio": 0.2446533393538853,
      "fcf_margin_change": 0.25493455417090033
    },
    {
      "date": "2023-03-31T00:00:00",
      "quarter_label": "2023-03 (Q1)",
      "revenue": 1603000000,
      "gross_profit": 439000000,
      "operating_income": 285000000,
      "net_income": 148000000,
      "opex": 154000000,
      "cogs": 1164000000,
      "rd": 9000000,
      "sga": 75000000,
      "fcf": -41000000,
      "ocf": 23000000,
      "capex": -64000000,
      "gross_margin": 0.27386150966936995,
      "op_margin": 0.17779164067373673,
      "fcf_margin": -0.025577043044291953,
      "incr_op_margin_yoy": 0.1971326164874552,
      "rev_growth_yoy": 0.2107250755287009,
      "rev_growth_yoy_accel": 0.0332931689139149,
      "op_leverage_ratio": Infinity,
      "fcf_margin_change": -0.29656184145803943
    },
    {
      "date": "2023-06-30T00:00:00",
      "quarter_label": "2023-06 (Q2)",
      "revenue": 1648000000,
      "gross_profit": 452000000,
      "operating_income": 285000000,
      "net_income": 193000000,
      "opex": 167000000,
      "cogs": 1196000000,
      "rd": 9000000,
      "sga": 88000000,
      "fcf": 188000000,
      "ocf": 229000000,
      "capex": -41000000,
      "gross_margin": 0.27427184466019416,
      "op_margin": 0.1729368932038835,
      "fcf_margin": 0.11407766990291263,
      "incr_op_margin_yoy": 0.17254901960784313,
      "rev_growth_yoy": 0.18305814788226848,
      "rev_growth_yoy_accel": -0.027666927646432415,
      "op_leverage_ratio": 0.3325495465233457,
      "fcf_margin_change": 0.13965471294720458
    },
    {
      "date": "2023-09-30T00:00:00",
      "quarter_label": "2023-09 (Q3)",
      "revenue": 1658000000,
      "gross_profit": 475000000,
      "operating_income": 307000000,
      "net_income": 188000000,
      "opex": 168000000,
      "cogs": 1183000000,
      "rd": 9000000,
      "sga": 87000000,
      "fcf": 132000000,
      "ocf": 191000000,
      "capex": -59000000,
      "gross_margin": 0.2864897466827503,
      "op_margin": 0.18516284680337755,
      "fcf_margin": 0.07961399276236429,
      "incr_op_margin_yoy": 0.3511111111111111,
      "rev_growth_yoy": 0.15701325889741802,
      "rev_growth_yoy_accel": -0.026044888984850467,
      "fcf_margin_change": -0.034463677140548335
    },
    {
      "date": "2023-12-31T00:00:00",
      "quarter_label": "2023-12 (Q4)",
      "revenue": 1731000000,
      "gross_profit": 501000000,
      "operating_income": 326000000,
      "net_income": 236000000,
      "opex": 175000000,
      "cogs": 1230000000,
      "rd": 9000000,
      "sga": 83000000,
      "fcf": 403000000,
      "ocf": 458000000,
      "capex": -55000000,
      "gross_margin": 0.28942807625649913,
      "op_margin": 0.18833044482957828,
      "fcf_margin": 0.23281340265742345,
      "incr_op_margin_yoy": 0.48623853211009177,
      "rev_growth_yoy": 0.1440846001321877,
      "rev_growth_yoy_accel": -0.012928658765230305,
      "op_leverage_ratio": 1.0566948130277445,
      "fcf_margin_change": 0.15319940989505915
    },
    {
      "date": "2024-03-31T00:00:00",
      "quarter_label": "2024-03 (Q1)",
      "revenue": 1824000000,
      "gross_profit": 534000000,
      "operating_income": 369000000,
      "net_income": 243000000,
      "opex": 165000000,
      "cogs": 1290000000,
      "rd": 10000000,
      "sga": 88000000,
      "fcf": 95000000,
      "ocf": 177000000,
      "capex": -82000000,
      "gross_margin": 0.29276315789473684,
      "op_margin": 0.20230263157894737,
      "fcf_margin": 0.052083333333333336,
      "incr_op_margin_yoy": 0.38009049773755654,
      "rev_growth_yoy": 0.13786650031191516,
      "rev_growth_yoy_accel": -0.006218099820272549,
      "op_leverage_ratio": Infinity,
      "fcf_margin_change": -0.1807300693240901
    },
    {
      "date": "2024-06-30T00:00:00",
      "quarter_label": "2024-06 (Q2)",
      "revenue": 1880000000,
      "gross_profit": 593000000,
      "operating_income": 398000000,
      "net_income": 266000000,
      "opex": 195000000,
      "cogs": 1287000000,
      "rd": 7000000,
      "sga": 97000000,
      "fcf": 342000000,
      "ocf": 397000000,
      "capex": -55000000,
      "gross_margin": 0.31542553191489364,
      "op_margin": 0.21170212765957447,
      "fcf_margin": 0.1819148936170213,
      "incr_op_margin_yoy": 0.4870689655172414,
      "rev_growth_yoy": 0.1407766990291262,
      "rev_growth_yoy_accel": 0.0029101987172110433,
      "op_leverage_ratio": 0.16885964912280702,
      "fcf_margin_change": 0.12983156028368795
    },
    {
      "date": "2024-09-30T00:00:00",
      "quarter_label": "2024-09 (Q3)",
      "revenue": 1835000000,
      "gross_profit": 582000000,
      "operating_income": 421000000,
      "net_income": 332000000,
      "opex": 161000000,
      "cogs": 1253000000,
      "rd": 9000000,
      "sga": 85000000,
      "fcf": 162000000,
      "ocf": 244000000,
      "capex": -82000000,
      "gross_margin": 0.31716621253405997,
      "op_margin": 0.22942779291553134,
      "fcf_margin": 0.088283378746594,
      "incr_op_margin_yoy": 0.6440677966101694,
      "rev_growth_yoy": 0.10675512665862485,
      "rev_growth_yoy_accel": -0.03402157237050135,
      "fcf_margin_change": -0.09363151487042728
    },
    {
      "date": "2024-12-31T00:00:00",
      "quarter_label": "2024-12 (Q4)",
      "revenue": 1891000000,
      "gross_profit": 602000000,
      "operating_income": 445000000,
      "net_income": 314000000,
      "opex": 157000000,
      "cogs": 1289000000,
      "rd": 7000000,
      "sga": 77000000,
      "fcf": 378000000,
      "ocf": 480000000,
      "capex": -102000000,
      "gross_margin": 0.3183500793231095,
      "op_margin": 0.23532522474881015,
      "fcf_margin": 0.19989423585404548,
      "incr_op_margin_yoy": 0.74375,
      "rev_growth_yoy": 0.09243212016175621,
      "rev_growth_yoy_accel": -0.014323006496868643,
      "op_leverage_ratio": Infinity,
      "fcf_margin_change": 0.11161085710745147
    },
    {
      "date": "2025-03-31T00:00:00",
      "quarter_label": "2025-03 (Q1)",
      "revenue": 1942000000,
      "gross_profit": 652000000,
      "operating_income": 494000000,
      "net_income": 344000000,
      "opex": 158000000,
      "cogs": 1290000000,
      "rd": 8000000,
      "sga": 85000000,
      "fcf": 134000000,
      "ocf": 253000000,
      "capex": -119000000,
      "gross_margin": 0.3357363542739444,
      "op_margin": 0.25437693099897013,
      "fcf_margin": 0.0690010298661174,
      "incr_op_margin_yoy": 1.0593220338983051,
      "rev_growth_yoy": 0.06469298245614036,
      "rev_growth_yoy_accel": -0.027739137705615854,
      "op_leverage_ratio": 4.234267583289265,
      "fcf_margin_change": -0.13089320598792809
    },
    {
      "date": "2025-06-30T00:00:00",
      "quarter_label": "2025-06 (Q2)",
      "revenue": 2053000000,
      "gross_profit": 688000000,
      "operating_income": 521000000,
      "net_income": 407000000,
      "opex": 167000000,
      "cogs": 1365000000,
      "rd": 9000000,
      "sga": 89000000,
      "fcf": 344000000,
      "ocf": 446000000,
      "capex": -102000000,
      "gross_margin": 0.33511933755479784,
      "op_margin": 0.25377496346809547,
      "fcf_margin": 0.16755966877739892,
      "incr_op_margin_yoy": 0.7109826589595376,
      "rev_growth_yoy": 0.09202127659574467,
      "rev_growth_yoy_accel": 0.027328294139604317,
      "op_leverage_ratio": 1.0034328870580158,
      "fcf_margin_change": 0.09855863891128151
    },
    {
      "date": "2025-09-30T00:00:00",
      "quarter_label": "2025-09 (Q3)",
      "revenue": 2089000000,
      "gross_profit": 724000000,
      "operating_income": 542000000,
      "net_income": 385000000,
      "opex": 182000000,
      "cogs": 1365000000,
      "rd": 10000000,
      "sga": 100000000,
      "fcf": 423000000,
      "ocf": 531000000,
      "capex": -108000000,
      "gross_margin": 0.3465773097175682,
      "op_margin": 0.2594542843465773,
      "fcf_margin": 0.20248922929631402,
      "incr_op_margin_yoy": 0.4763779527559055,
      "rev_growth_yoy": 0.13841961852861034,
      "rev_growth_yoy_accel": 0.04639834193286567,
      "op_leverage_ratio": 0.19522649780808574,
      "fcf_margin_change": 0.034929560518915104
    }
  ],
  "signals": [
    {
      "quarter": "2025-09 (Q3)",
      "signal": "INCREMENTAL MARGIN (YoY)",
      "detail": "YoY Incr OPM: +47.6% vs year-ago OPM: +22.9%",
      "severity": "HIGH"
    },
    {
      "quarter": "2025-06 (Q2)",
      "signal": "FCF MARGIN EXPANSION",
      "detail": "FCF margin: +6.9% -> +16.8% (+9.9%)",
      "severity": "MEDIUM"
    },
    {
      "quarter": "2025-06 (Q2)",
      "signal": "INCREMENTAL MARGIN (YoY)",
      "detail": "YoY Incr OPM: +71.1% vs year-ago OPM: +21.2%",
      "severity": "HIGH"
    },
    {
      "quarter": "2025-03 (Q1)",
      "signal": "OPERATING LEVERAGE",
      "detail": "Rev growth +2.7% vs OpEx growth +0.6% (leverage: 4.2x)",
      "severity": "MEDIUM"
    },
    {
      "quarter": "2025-03 (Q1)",
      "signal": "INCREMENTAL MARGIN (YoY)",
      "detail": "YoY Incr OPM: +105.9% vs year-ago OPM: +20.2%",
      "severity": "HIGH"
    },
    {
      "quarter": "2024-12 (Q4)",
      "signal": "FCF MARGIN EXPANSION",
      "detail": "FCF margin: +8.8% -> +20.0% (+11.2%)",
      "severity": "MEDIUM"
    },
    {
      "quarter": "2024-12 (Q4)",
      "signal": "INCREMENTAL MARGIN (YoY)",
      "detail": "YoY Incr OPM: +74.4% vs year-ago OPM: +18.8%",
      "severity": "HIGH"
    },
    {
      "quarter": "2024-09 (Q3)",
      "signal": "INCREMENTAL MARGIN (YoY)",
      "detail": "YoY Incr OPM: +64.4% vs year-ago OPM: +18.5%",
      "severity": "HIGH"
    },
    {
      "quarter": "2024-06 (Q2)",
      "signal": "FCF MARGIN EXPANSION",
      "detail": "FCF margin: +5.2% -> +18.2% (+13.0%)",
      "severity": "MEDIUM"
    },
    {
      "quarter": "2024-06 (Q2)",
      "signal": "INCREMENTAL MARGIN (YoY)",
      "detail": "YoY Incr OPM: +48.7% vs year-ago OPM: +17.3%",
      "severity": "HIGH"
    },
    {
      "quarter": "2024-03 (Q1)",
      "signal": "INCREMENTAL MARGIN (YoY)",
      "detail": "YoY Incr OPM: +38.0% vs year-ago OPM: +17.8%",
      "severity": "HIGH"
    },
    {
      "quarter": "2023-12 (Q4)",
      "signal": "FCF MARGIN EXPANSION",
      "detail": "FCF margin: +8.0% -> +23.3% (+15.3%)",
      "severity": "MEDIUM"
    },
    {
      "quarter": "2023-12 (Q4)",
      "signal": "INCREMENTAL MARGIN (YoY)",
      "detail": "YoY Incr OPM: +48.6% vs year-ago OPM: +14.5%",
      "severity": "HIGH"
    },
    {
      "quarter": "2023-09 (Q3)",
      "signal": "INCREMENTAL MARGIN (YoY)",
      "detail": "YoY Incr OPM: +35.1% vs year-ago OPM: +15.9%",
      "severity": "MEDIUM"
    },
    {
      "quarter": "2023-06 (Q2)",
      "signal": "FCF TURNED POSITIVE",
      "detail": "FCF margin: -2.6% -> +11.4%",
      "severity": "HIGH"
    },
    {
      "quarter": "2022-12 (Q4)",
      "signal": "FCF MARGIN EXPANSION",
      "detail": "FCF margin: +1.6% -> +27.1% (+25.5%)",
      "severity": "MEDIUM"
    },
    {
      "quarter": "2022-12 (Q4)",
      "signal": "YoY REVENUE GROWTH ACCELERATION",
      "detail": "YoY growth: +17.7% vs prior quarter YoY: +11.7% (accel: +6.1%)",
      "severity": "MEDIUM"
    },
    {
      "quarter": "2022-12 (Q4)",
      "signal": "INCREMENTAL MARGIN (YoY)",
      "detail": "YoY Incr OPM: +32.0% vs year-ago OPM: +11.4%",
      "severity": "HIGH"
    },
    {
      "quarter": "2022-06 (Q2)",
      "signal": "FCF TURNED POSITIVE",
      "detail": "FCF margin: -0.5% -> +8.2%",
      "severity": "HIGH"
    },
    {
      "quarter": "2022-06 (Q2)",
      "signal": "YoY REVENUE GROWTH ACCELERATION",
      "detail": "YoY growth: +16.6% vs prior quarter YoY: +9.5% (accel: +7.1%)",
      "severity": "MEDIUM"
    },
    {
      "quarter": "2022-03 (Q1)",
      "signal": "YoY REVENUE GROWTH ACCELERATION",
      "detail": "YoY growth: +9.5% vs prior quarter YoY: +3.8% (accel: +5.7%)",
      "severity": "MEDIUM"
    },
    {
      "quarter": "2022-03 (Q1)",
      "signal": "INCREMENTAL MARGIN (YoY)",
      "detail": "YoY Incr OPM: +35.7% vs year-ago OPM: +15.6%",
      "severity": "HIGH"
    },
    {
      "quarter": "2021-12 (Q4)",
      "signal": "FCF MARGIN EXPANSION",
      "detail": "FCF margin: +1.6% -> +18.8% (+17.3%)",
      "severity": "MEDIUM"
    },
    {
      "quarter": "2021-06 (Q2)",
      "signal": "FCF TURNED POSITIVE",
      "detail": "FCF margin: -5.0% -> +4.1%",
      "severity": "HIGH"
    }
  ],
  "data_quality": {
    "n_quarters": 20,
    "coverage": {
      "revenue": [
        20,
        20
      ],
      "gross_profit": [
        20,
        20
      ],
      "op_income": [
        20,
        20
      ],
      "fcf": [
        20,
        20
      ]
    },
    "gaps": [],
    "warnings": []
  },
  "market_cap": null,
  "source": "SEC EDGAR",
  "last_updated": "2026-02-02T19:52:05.169933"
}