{
  "ticker": "HXL",
  "name": "Hexcel Corporation",
  "quarters": [
    {
      "date": "2020-12-31T00:00:00",
      "quarter_label": "2020-12 (Q4)",
      "revenue": 295800000,
      "gross_profit": 30400000,
      "operating_income": -20400000,
      "net_income": -19400000,
      "opex": 50800000,
      "cogs": 265400000,
      "rd": 10600000,
      "sga": 25900000,
      "fcf": 104500000,
      "ocf": 107300000,
      "capex": -2800000,
      "gross_margin": 0.10277214334009466,
      "op_margin": -0.06896551724137931,
      "fcf_margin": 0.3532792427315754
    },
    {
      "date": "2021-03-31T00:00:00",
      "quarter_label": "2021-03 (Q1)",
      "revenue": 310300000,
      "gross_profit": 53100000,
      "operating_income": -10200000,
      "net_income": null,
      "opex": 63300000,
      "cogs": 257200000,
      "rd": 11600000,
      "sga": 39600000,
      "fcf": -6100000,
      "ocf": -1200000,
      "capex": -4900000,
      "gross_margin": 0.17112471801482437,
      "op_margin": -0.03287141475990976,
      "fcf_margin": -0.019658395101514663,
      "op_leverage_ratio": 0.1992156862745098,
      "fcf_margin_change": -0.3729376378330901
    },
    {
      "date": "2021-06-30T00:00:00",
      "quarter_label": "2021-06 (Q2)",
      "revenue": 320300000,
      "gross_profit": 61900000,
      "operating_income": 16200000,
      "net_income": null,
      "opex": 45700000,
      "cogs": 258400000,
      "rd": 11500000,
      "sga": 31100000,
      "fcf": 35800000,
      "ocf": 40100000,
      "capex": -4300000,
      "gross_margin": 0.19325632219793942,
      "op_margin": 0.050577583515454265,
      "fcf_margin": 0.1117702154230409,
      "op_leverage_ratio": Infinity,
      "fcf_margin_change": 0.13142861052455557
    },
    {
      "date": "2021-09-30T00:00:00",
      "quarter_label": "2021-09 (Q3)",
      "revenue": 333800000,
      "gross_profit": 66000000,
      "operating_income": 22800000,
      "net_income": null,
      "opex": 43200000,
      "cogs": 267800000,
      "rd": 10400000,
      "sga": 32000000,
      "fcf": 19500000,
      "ocf": 25300000,
      "capex": -5800000,
      "gross_margin": 0.19772318753744758,
      "op_margin": 0.0683043738765728,
      "fcf_margin": 0.058418214499700416,
      "op_leverage_ratio": Infinity,
      "fcf_margin_change": -0.053352000923340484
    },
    {
      "date": "2021-12-31T00:00:00",
      "quarter_label": "2021-12 (Q4)",
      "revenue": 360300000,
      "gross_profit": 69100000,
      "operating_income": 23000000,
      "net_income": null,
      "opex": 46100000,
      "cogs": 291200000,
      "rd": 11600000,
      "sga": 32300000,
      "fcf": 74600000,
      "ocf": 87500000,
      "capex": -12900000,
      "gross_margin": 0.19178462392450735,
      "op_margin": 0.06383569247849015,
      "fcf_margin": 0.2070496808215376,
      "incr_op_margin_yoy": 0.6728682170542636,
      "rev_growth_yoy": 0.21805273833671399,
      "op_leverage_ratio": 1.1826201937976488,
      "fcf_margin_change": 0.14863146632183719
    },
    {
      "date": "2022-03-31T00:00:00",
      "quarter_label": "2022-03 (Q1)",
      "revenue": 390600000,
      "gross_profit": 86700000,
      "operating_income": 30100000,
      "net_income": null,
      "opex": 56600000,
      "cogs": 303900000,
      "rd": 10900000,
      "sga": 44700000,
      "fcf": -39900000,
      "ocf": -19000000,
      "capex": -20900000,
      "gross_margin": 0.22196620583717358,
      "op_margin": 0.07706093189964158,
      "fcf_margin": -0.10215053763440861,
      "incr_op_margin_yoy": 0.50186799501868,
      "rev_growth_yoy": 0.2587818240412504,
      "rev_growth_yoy_accel": 0.0407290857045364,
      "op_leverage_ratio": 0.3692240593156496,
      "fcf_margin_change": -0.3092002184559462
    },
    {
      "date": "2022-06-30T00:00:00",
      "quarter_label": "2022-06 (Q2)",
      "revenue": 393000000,
      "gross_profit": 89500000,
      "operating_income": 63800000,
      "net_income": null,
      "opex": 25700000,
      "cogs": 303500000,
      "rd": 11300000,
      "sga": 33500000,
      "fcf": 20300000,
      "ocf": 37300000,
      "capex": -17000000,
      "gross_margin": 0.227735368956743,
      "op_margin": 0.1623409669211196,
      "fcf_margin": 0.05165394402035623,
      "incr_op_margin_yoy": 0.6547455295735901,
      "rev_growth_yoy": 0.22697471120824228,
      "rev_growth_yoy_accel": -0.031807112833008105,
      "fcf_margin_change": 0.15380448165476485
    },
    {
      "date": "2022-09-30T00:00:00",
      "quarter_label": "2022-09 (Q3)",
      "revenue": 364700000,
      "gross_profit": 81800000,
      "operating_income": 40800000,
      "net_income": null,
      "opex": 41000000,
      "cogs": 282900000,
      "rd": 11600000,
      "sga": 29000000,
      "fcf": 17700000,
      "ocf": 38100000,
      "capex": -20400000,
      "gross_margin": 0.22429394022484234,
      "op_margin": 0.11187277214148615,
      "fcf_margin": 0.04853304085549767,
      "incr_op_margin_yoy": 0.5825242718446602,
      "rev_growth_yoy": 0.09257040143798682,
      "rev_growth_yoy_accel": -0.13440430977025547,
      "fcf_margin_change": -0.0031209031648585586
    },
    {
      "date": "2022-12-31T00:00:00",
      "quarter_label": "2022-12 (Q4)",
      "revenue": 429400000,
      "gross_profit": 99100000,
      "operating_income": 40500000,
      "net_income": null,
      "opex": 58600000,
      "cogs": 330300000,
      "rd": 12000000,
      "sga": 40800000,
      "fcf": 98700000,
      "ocf": 116700000,
      "capex": -18000000,
      "gross_margin": 0.23078714485328364,
      "op_margin": 0.09431765253842571,
      "fcf_margin": 0.22985561248253378,
      "incr_op_margin_yoy": 0.2532561505065123,
      "rev_growth_yoy": 0.19178462392450735,
      "rev_growth_yoy_accel": 0.09921422248652052,
      "op_leverage_ratio": 0.4132755440337014,
      "fcf_margin_change": 0.1813225716270361
    },
    {
      "date": "2023-03-31T00:00:00",
      "quarter_label": "2023-03 (Q1)",
      "revenue": 457700000,
      "gross_profit": 127700000,
      "operating_income": 62800000,
      "net_income": null,
      "opex": 64900000,
      "cogs": 330000000,
      "rd": 13900000,
      "sga": 50800000,
      "fcf": -41500000,
      "ocf": -23400000,
      "capex": -18100000,
      "gross_margin": 0.27900371422329034,
      "op_margin": 0.13720777802053746,
      "fcf_margin": -0.0906707450294953,
      "incr_op_margin_yoy": 0.4873323397913562,
      "rev_growth_yoy": 0.17178699436763953,
      "rev_growth_yoy_accel": -0.01999762955686782,
      "op_leverage_ratio": 0.6130296242080127,
      "fcf_margin_change": -0.32052635751202907
    },
    {
      "date": "2023-06-30T00:00:00",
      "quarter_label": "2023-06 (Q2)",
      "revenue": 454300000,
      "gross_profit": 110800000,
      "operating_income": 61300000,
      "net_income": null,
      "opex": 49500000,
      "cogs": 343500000,
      "rd": 13300000,
      "sga": 35700000,
      "fcf": -3200000,
      "ocf": 53500000,
      "capex": -56700000,
      "gross_margin": 0.24389170151882017,
      "op_margin": 0.13493286374642308,
      "fcf_margin": -0.007043803653973145,
      "incr_op_margin_yoy": -0.040783034257748776,
      "rev_growth_yoy": 0.15597964376590331,
      "rev_growth_yoy_accel": -0.015807350601736214,
      "fcf_margin_change": 0.08362694137552217
    },
    {
      "date": "2023-09-30T00:00:00",
      "quarter_label": "2023-09 (Q3)",
      "revenue": 419500000,
      "gross_profit": 91600000,
      "operating_income": 43600000,
      "net_income": null,
      "opex": 48000000,
      "cogs": 327900000,
      "rd": 13400000,
      "sga": 35400000,
      "fcf": 48400000,
      "ocf": 68000000,
      "capex": -19600000,
      "gross_margin": 0.21835518474374255,
      "op_margin": 0.10393325387365912,
      "fcf_margin": 0.11537544696066745,
      "incr_op_margin_yoy": 0.051094890510948905,
      "rev_growth_yoy": 0.15026048807238826,
      "rev_growth_yoy_accel": -0.0057191556935150545,
      "fcf_margin_change": 0.1224192506146406
    },
    {
      "date": "2023-12-31T00:00:00",
      "quarter_label": "2023-12 (Q4)",
      "revenue": 457500000,
      "gross_profit": 103100000,
      "operating_income": 47600000,
      "net_income": null,
      "opex": 55500000,
      "cogs": 354400000,
      "rd": 12100000,
      "sga": 41900000,
      "fcf": 145200000,
      "ocf": 159000000,
      "capex": -13800000,
      "gross_margin": 0.2253551912568306,
      "op_margin": 0.10404371584699454,
      "fcf_margin": 0.3173770491803279,
      "incr_op_margin_yoy": 0.2526690391459075,
      "rev_growth_yoy": 0.06544014904517932,
      "rev_growth_yoy_accel": -0.08482033902720894,
      "op_leverage_ratio": 0.5797377830750894,
      "fcf_margin_change": 0.20200160221966043
    },
    {
      "date": "2024-03-31T00:00:00",
      "quarter_label": "2024-03 (Q1)",
      "revenue": 472300000,
      "gross_profit": 118200000,
      "operating_income": 52900000,
      "net_income": 36500000,
      "opex": 65300000,
      "cogs": 354100000,
      "rd": 15100000,
      "sga": 49000000,
      "fcf": -35700000,
      "ocf": -7000000,
      "capex": -28700000,
      "gross_margin": 0.2502646622909168,
      "op_margin": 0.11200508151598561,
      "fcf_margin": -0.07558755028583528,
      "incr_op_margin_yoy": -0.678082191780822,
      "rev_growth_yoy": 0.03189862355254534,
      "rev_growth_yoy_accel": -0.033541525492633985,
      "op_leverage_ratio": 0.18320508531281368,
      "fcf_margin_change": -0.39296459946616313
    },
    {
      "date": "2024-06-30T00:00:00",
      "quarter_label": "2024-06 (Q2)",
      "revenue": 500400000,
      "gross_profit": 126600000,
      "operating_income": 71800000,
      "net_income": 50000000,
      "opex": 54800000,
      "cogs": 373800000,
      "rd": 14700000,
      "sga": 39900000,
      "fcf": 21300000,
      "ocf": 44200000,
      "capex": -22900000,
      "gross_margin": 0.2529976019184652,
      "op_margin": 0.14348521183053556,
      "fcf_margin": 0.042565947242206234,
      "incr_op_margin_yoy": 0.227765726681128,
      "rev_growth_yoy": 0.10147479639005062,
      "rev_growth_yoy_accel": 0.06957617283750528,
      "op_leverage_ratio": Infinity,
      "fcf_margin_change": 0.11815349752804151
    },
    {
      "date": "2024-09-30T00:00:00",
      "quarter_label": "2024-09 (Q3)",
      "revenue": 456500000,
      "gross_profit": 106500000,
      "operating_income": 52500000,
      "net_income": 39800000,
      "opex": 54000000,
      "cogs": 350000000,
      "rd": 13800000,
      "sga": 39800000,
      "fcf": 73300000,
      "ocf": 90100000,
      "capex": -16800000,
      "gross_margin": 0.23329682365826945,
      "op_margin": 0.11500547645125958,
      "fcf_margin": 0.1605695509309967,
      "incr_op_margin_yoy": 0.24054054054054055,
      "rev_growth_yoy": 0.08820023837902265,
      "rev_growth_yoy_accel": -0.013274558011027976,
      "fcf_margin_change": 0.11800360368879047
    },
    {
      "date": "2024-12-31T00:00:00",
      "quarter_label": "2024-12 (Q4)",
      "revenue": 473800000,
      "gross_profit": 118500000,
      "operating_income": 8900000,
      "net_income": null,
      "opex": 109600000,
      "cogs": 355300000,
      "rd": 13500000,
      "sga": 47900000,
      "fcf": 144000000,
      "ocf": 162600000,
      "capex": -18600000,
      "gross_margin": 0.25010552975939215,
      "op_margin": 0.01878429717180245,
      "fcf_margin": 0.3039257070493879,
      "incr_op_margin_yoy": -2.374233128834356,
      "rev_growth_yoy": 0.035628415300546445,
      "rev_growth_yoy_accel": -0.0525718230784762,
      "op_leverage_ratio": 0.03680648033599407,
      "fcf_margin_change": 0.14335615611839123
    },
    {
      "date": "2025-03-31T00:00:00",
      "quarter_label": "2025-03 (Q1)",
      "revenue": 456500000,
      "gross_profit": 102400000,
      "operating_income": 44200000,
      "net_income": 28900000,
      "opex": 58200000,
      "cogs": 354100000,
      "rd": 13800000,
      "sga": 43300000,
      "fcf": -54600000,
      "ocf": -28500000,
      "capex": -26100000,
      "gross_margin": 0.22431544359255204,
      "op_margin": 0.0968236582694414,
      "fcf_margin": -0.11960569550930997,
      "incr_op_margin_yoy": 0.5506329113924051,
      "rev_growth_yoy": -0.033453313571882276,
      "rev_growth_yoy_accel": -0.06908172887242872,
      "fcf_margin_change": -0.4235314025586979
    },
    {
      "date": "2025-06-30T00:00:00",
      "quarter_label": "2025-06 (Q2)",
      "revenue": 489900000,
      "gross_profit": 111500000,
      "operating_income": 30000000,
      "net_income": 13500000,
      "opex": 81500000,
      "cogs": 378400000,
      "rd": 14300000,
      "sga": 43000000,
      "fcf": 8000000,
      "ocf": 23300000,
      "capex": -15300000,
      "gross_margin": 0.2275974688711982,
      "op_margin": 0.0612369871402327,
      "fcf_margin": 0.016329863237395388,
      "incr_op_margin_yoy": 3.980952380952381,
      "rev_growth_yoy": -0.020983213429256596,
      "rev_growth_yoy_accel": 0.01247010014262568,
      "op_leverage_ratio": 0.1827564647979354,
      "fcf_margin_change": 0.13593555874670535
    },
    {
      "date": "2025-09-30T00:00:00",
      "quarter_label": "2025-09 (Q3)",
      "revenue": 456200000,
      "gross_profit": 99900000,
      "operating_income": 36000000,
      "net_income": 20600000,
      "opex": 63900000,
      "cogs": 356300000,
      "rd": 14000000,
      "sga": 41100000,
      "fcf": 96500000,
      "ocf": 110200000,
      "capex": -13700000,
      "gross_margin": 0.21898290223586148,
      "op_margin": 0.0789127575624726,
      "fcf_margin": 0.2115300306882946,
      "rev_growth_yoy": -0.0006571741511500548,
      "rev_growth_yoy_accel": 0.020326039278106542,
      "fcf_margin_change": 0.19520016745089921
    }
  ],
  "signals": [
    {
      "quarter": "2025-09 (Q3)",
      "signal": "FCF MARGIN EXPANSION",
      "detail": "FCF margin: +1.6% -> +21.2% (+19.5%)",
      "severity": "MEDIUM"
    },
    {
      "quarter": "2025-06 (Q2)",
      "signal": "FCF TURNED POSITIVE",
      "detail": "FCF margin: -12.0% -> +1.6%",
      "severity": "HIGH"
    },
    {
      "quarter": "2025-06 (Q2)",
      "signal": "INCREMENTAL MARGIN (YoY)",
      "detail": "YoY Incr OPM: +398.1% vs year-ago OPM: +14.3%",
      "severity": "HIGH"
    },
    {
      "quarter": "2025-03 (Q1)",
      "signal": "YoY REVENUE GROWTH DECELERATION",
      "detail": "YoY growth: -3.3% vs prior quarter YoY: +3.6% (decel: -6.9%)",
      "severity": "WARNING"
    },
    {
      "quarter": "2025-03 (Q1)",
      "signal": "INCREMENTAL MARGIN (YoY)",
      "detail": "YoY Incr OPM: +55.1% vs year-ago OPM: +11.2%",
      "severity": "HIGH"
    },
    {
      "quarter": "2024-12 (Q4)",
      "signal": "FCF MARGIN EXPANSION",
      "detail": "FCF margin: +16.1% -> +30.4% (+14.3%)",
      "severity": "MEDIUM"
    },
    {
      "quarter": "2024-12 (Q4)",
      "signal": "YoY REVENUE GROWTH DECELERATION",
      "detail": "YoY growth: +3.6% vs prior quarter YoY: +8.8% (decel: -5.3%)",
      "severity": "WARNING"
    },
    {
      "quarter": "2024-09 (Q3)",
      "signal": "FCF MARGIN EXPANSION",
      "detail": "FCF margin: +4.3% -> +16.1% (+11.8%)",
      "severity": "MEDIUM"
    },
    {
      "quarter": "2024-09 (Q3)",
      "signal": "INCREMENTAL MARGIN (YoY)",
      "detail": "YoY Incr OPM: +24.1% vs year-ago OPM: +10.4%",
      "severity": "MEDIUM"
    },
    {
      "quarter": "2024-06 (Q2)",
      "signal": "FCF TURNED POSITIVE",
      "detail": "FCF margin: -7.6% -> +4.3%",
      "severity": "HIGH"
    },
    {
      "quarter": "2024-06 (Q2)",
      "signal": "YoY REVENUE GROWTH ACCELERATION",
      "detail": "YoY growth: +10.1% vs prior quarter YoY: +3.2% (accel: +7.0%)",
      "severity": "MEDIUM"
    },
    {
      "quarter": "2023-12 (Q4)",
      "signal": "FCF MARGIN EXPANSION",
      "detail": "FCF margin: +11.5% -> +31.7% (+20.2%)",
      "severity": "MEDIUM"
    },
    {
      "quarter": "2023-12 (Q4)",
      "signal": "YoY REVENUE GROWTH DECELERATION",
      "detail": "YoY growth: +6.5% vs prior quarter YoY: +15.0% (decel: -8.5%)",
      "severity": "WARNING"
    },
    {
      "quarter": "2023-12 (Q4)",
      "signal": "INCREMENTAL MARGIN (YoY)",
      "detail": "YoY Incr OPM: +25.3% vs year-ago OPM: +9.4%",
      "severity": "MEDIUM"
    },
    {
      "quarter": "2023-09 (Q3)",
      "signal": "FCF TURNED POSITIVE",
      "detail": "FCF margin: -0.7% -> +11.5%",
      "severity": "HIGH"
    },
    {
      "quarter": "2023-06 (Q2)",
      "signal": "FCF MARGIN EXPANSION",
      "detail": "FCF margin: -9.1% -> -0.7% (+8.4%)",
      "severity": "MEDIUM"
    },
    {
      "quarter": "2023-03 (Q1)",
      "signal": "INCREMENTAL MARGIN (YoY)",
      "detail": "YoY Incr OPM: +48.7% vs year-ago OPM: +7.7%",
      "severity": "HIGH"
    },
    {
      "quarter": "2022-12 (Q4)",
      "signal": "FCF MARGIN EXPANSION",
      "detail": "FCF margin: +4.9% -> +23.0% (+18.1%)",
      "severity": "MEDIUM"
    },
    {
      "quarter": "2022-12 (Q4)",
      "signal": "YoY REVENUE GROWTH ACCELERATION",
      "detail": "YoY growth: +19.2% vs prior quarter YoY: +9.3% (accel: +9.9%)",
      "severity": "MEDIUM"
    },
    {
      "quarter": "2022-12 (Q4)",
      "signal": "INCREMENTAL MARGIN (YoY)",
      "detail": "YoY Incr OPM: +25.3% vs year-ago OPM: +6.4%",
      "severity": "MEDIUM"
    },
    {
      "quarter": "2022-09 (Q3)",
      "signal": "YoY REVENUE GROWTH DECELERATION",
      "detail": "YoY growth: +9.3% vs prior quarter YoY: +22.7% (decel: -13.4%)",
      "severity": "WARNING"
    },
    {
      "quarter": "2022-09 (Q3)",
      "signal": "INCREMENTAL MARGIN (YoY)",
      "detail": "YoY Incr OPM: +58.3% vs year-ago OPM: +6.8%",
      "severity": "HIGH"
    },
    {
      "quarter": "2022-06 (Q2)",
      "signal": "FCF TURNED POSITIVE",
      "detail": "FCF margin: -10.2% -> +5.2%",
      "severity": "HIGH"
    },
    {
      "quarter": "2022-06 (Q2)",
      "signal": "INCREMENTAL MARGIN (YoY)",
      "detail": "YoY Incr OPM: +65.5% vs year-ago OPM: +5.1%",
      "severity": "HIGH"
    },
    {
      "quarter": "2022-03 (Q1)",
      "signal": "GROSS MARGIN INFLECTION",
      "detail": "GM: +19.8% -> +19.2% -> +22.2% (reversal +3.0%)",
      "severity": "MEDIUM"
    },
    {
      "quarter": "2022-03 (Q1)",
      "signal": "OP MARGIN TURNED POSITIVE (YoY)",
      "detail": "Op margin: -3.3% (year-ago) -> +7.7%",
      "severity": "HIGH"
    },
    {
      "quarter": "2021-12 (Q4)",
      "signal": "FCF MARGIN EXPANSION",
      "detail": "FCF margin: +5.8% -> +20.7% (+14.9%)",
      "severity": "MEDIUM"
    },
    {
      "quarter": "2021-12 (Q4)",
      "signal": "OP MARGIN TURNED POSITIVE (YoY)",
      "detail": "Op margin: -6.9% (year-ago) -> +6.4%",
      "severity": "HIGH"
    },
    {
      "quarter": "2021-06 (Q2)",
      "signal": "FCF TURNED POSITIVE",
      "detail": "FCF margin: -2.0% -> +11.2%",
      "severity": "HIGH"
    },
    {
      "quarter": "2021-06 (Q2)",
      "signal": "OP MARGIN TURNED POSITIVE (QoQ)",
      "detail": "Op margin: -3.3% -> +5.1%",
      "severity": "HIGH"
    }
  ],
  "data_quality": {
    "n_quarters": 20,
    "coverage": {
      "revenue": [
        20,
        20
      ],
      "gross_profit": [
        20,
        20
      ],
      "op_income": [
        20,
        20
      ],
      "fcf": [
        20,
        20
      ]
    },
    "gaps": [],
    "warnings": []
  },
  "market_cap": null,
  "source": "SEC EDGAR",
  "last_updated": "2026-02-02T20:53:45.773337",
  "sector": "Industrials",
  "industry": "Aerospace & Defense"
}