{
  "ticker": "HY",
  "name": "HYSTER-YALE, INC.",
  "quarters": [
    {
      "date": "2020-12-31T00:00:00",
      "quarter_label": "2020-12 (Q4)",
      "revenue": 719600000,
      "gross_profit": 121700000,
      "operating_income": 13700000,
      "net_income": 13100000,
      "opex": 108000000,
      "cogs": 597900000,
      "rd": null,
      "sga": 108000000,
      "fcf": 76300000,
      "ocf": 90800000,
      "capex": -14500000,
      "gross_margin": 0.16912173429683158,
      "op_margin": 0.01903835464146748,
      "fcf_margin": 0.10603112840466926
    },
    {
      "date": "2021-03-31T00:00:00",
      "quarter_label": "2021-03 (Q1)",
      "revenue": 732200000,
      "gross_profit": 118400000,
      "operating_income": 3100000,
      "net_income": 5600000,
      "opex": 115300000,
      "cogs": 613800000,
      "rd": null,
      "sga": 115300000,
      "fcf": -54800000,
      "ocf": -47100000,
      "capex": -7700000,
      "gross_margin": 0.1617044523354275,
      "op_margin": 0.004233815897295821,
      "fcf_margin": -0.07484293908768096,
      "op_leverage_ratio": 0.2590480251585736,
      "fcf_margin_change": -0.18087406749235022
    },
    {
      "date": "2021-06-30T00:00:00",
      "quarter_label": "2021-06 (Q2)",
      "revenue": 765600000,
      "gross_profit": 116400000,
      "operating_income": 5900000,
      "net_income": 1900000,
      "opex": 110500000,
      "cogs": 649200000,
      "rd": null,
      "sga": 110500000,
      "fcf": -64000000,
      "ocf": -53600000,
      "capex": -10400000,
      "gross_margin": 0.15203761755485892,
      "op_margin": 0.00770637408568443,
      "fcf_margin": -0.08359456635318704,
      "op_leverage_ratio": Infinity,
      "fcf_margin_change": -0.008751627265506087
    },
    {
      "date": "2021-09-30T00:00:00",
      "quarter_label": "2021-09 (Q3)",
      "revenue": 748200000,
      "gross_profit": 65100000,
      "operating_income": -54300000,
      "net_income": -77200000,
      "opex": 119400000,
      "cogs": 683100000,
      "rd": null,
      "sga": 119400000,
      "fcf": -102500000,
      "ocf": -91100000,
      "capex": -11400000,
      "gross_margin": 0.08700882117080995,
      "op_margin": -0.07257417802726544,
      "fcf_margin": -0.13699545576049185,
      "fcf_margin_change": -0.05340088940730481
    },
    {
      "date": "2021-12-31T00:00:00",
      "quarter_label": "2021-12 (Q4)",
      "revenue": 829700000,
      "gross_profit": 63500000,
      "operating_income": -107000000,
      "net_income": -103300000,
      "opex": 170500000,
      "cogs": 766200000,
      "rd": null,
      "sga": 104900000,
      "fcf": -76500000,
      "ocf": -61700000,
      "capex": -14800000,
      "gross_margin": 0.07653368687477402,
      "op_margin": -0.12896227552127276,
      "fcf_margin": -0.09220200072315295,
      "incr_op_margin_yoy": -1.0962761126248866,
      "rev_growth_yoy": 0.1530016675931073,
      "op_leverage_ratio": 0.2545208304235449,
      "fcf_margin_change": 0.044793455037338906
    },
    {
      "date": "2022-03-31T00:00:00",
      "quarter_label": "2022-03 (Q1)",
      "revenue": 827600000,
      "gross_profit": 101200000,
      "operating_income": -18300000,
      "net_income": -25000000,
      "opex": 119500000,
      "cogs": 726400000,
      "rd": null,
      "sga": 119500000,
      "fcf": 49400000,
      "ocf": 59100000,
      "capex": -9700000,
      "gross_margin": 0.12228129531174481,
      "op_margin": -0.022112131464475594,
      "fcf_margin": 0.0596906718221363,
      "incr_op_margin_yoy": -0.22431865828092243,
      "rev_growth_yoy": 0.13029226987161976,
      "rev_growth_yoy_accel": -0.02270939772148753,
      "fcf_margin_change": 0.15189267254528924
    },
    {
      "date": "2022-06-30T00:00:00",
      "quarter_label": "2022-06 (Q2)",
      "revenue": 895400000,
      "gross_profit": 99100000,
      "operating_income": -15700000,
      "net_income": -19400000,
      "opex": 114800000,
      "cogs": 796300000,
      "rd": null,
      "sga": 114800000,
      "fcf": -64500000,
      "ocf": -58900000,
      "capex": -5600000,
      "gross_margin": 0.11067679249497431,
      "op_margin": -0.017534062988608445,
      "fcf_margin": -0.0720348447621175,
      "incr_op_margin_yoy": -0.16640986132511557,
      "rev_growth_yoy": 0.16954022988505746,
      "rev_growth_yoy_accel": 0.039247960013437694,
      "op_leverage_ratio": Infinity,
      "fcf_margin_change": -0.1317255165842538
    },
    {
      "date": "2022-09-30T00:00:00",
      "quarter_label": "2022-09 (Q3)",
      "revenue": 840100000,
      "gross_profit": 86900000,
      "operating_income": -24900000,
      "net_income": -37300000,
      "opex": 111800000,
      "cogs": 753200000,
      "rd": null,
      "sga": 111800000,
      "fcf": 29700000,
      "ocf": 34100000,
      "capex": -4400000,
      "gross_margin": 0.10344006665873111,
      "op_margin": -0.029639328651351028,
      "fcf_margin": 0.03535293417450303,
      "incr_op_margin_yoy": 0.31991294885745375,
      "rev_growth_yoy": 0.12282812082330928,
      "rev_growth_yoy_accel": -0.04671210906174818,
      "fcf_margin_change": 0.10738777893662052
    },
    {
      "date": "2022-12-31T00:00:00",
      "quarter_label": "2022-12 (Q4)",
      "revenue": 985200000,
      "gross_profit": 146700000,
      "operating_income": 19800000,
      "net_income": 7600000,
      "opex": 126900000,
      "cogs": 838500000,
      "rd": null,
      "sga": 126900000,
      "fcf": -2800000,
      "ocf": 6300000,
      "capex": -9100000,
      "gross_margin": 0.14890377588306944,
      "op_margin": 0.020097442143727162,
      "fcf_margin": -0.0028420625253755584,
      "incr_op_margin_yoy": 0.8154340836012862,
      "rev_growth_yoy": 0.1874171387248403,
      "rev_growth_yoy_accel": 0.06458901790153103,
      "op_leverage_ratio": 1.2787960436750276,
      "fcf_margin_change": -0.038194996699878594
    },
    {
      "date": "2023-03-31T00:00:00",
      "quarter_label": "2023-03 (Q1)",
      "revenue": 999300000,
      "gross_profit": 174400000,
      "operating_income": 42600000,
      "net_income": 26600000,
      "opex": 131800000,
      "cogs": 824900000,
      "rd": null,
      "sga": 131800000,
      "fcf": 5700000,
      "ocf": 9000000,
      "capex": -3300000,
      "gross_margin": 0.1745221655158611,
      "op_margin": 0.04262984088862203,
      "fcf_margin": 0.005703992794956469,
      "incr_op_margin_yoy": 0.3546884100174723,
      "rev_growth_yoy": 0.20746737554374095,
      "rev_growth_yoy_accel": 0.02005023681890064,
      "op_leverage_ratio": 0.37064679708667875,
      "fcf_margin_change": 0.008546055320332029
    },
    {
      "date": "2023-06-30T00:00:00",
      "quarter_label": "2023-06 (Q2)",
      "revenue": 1090600000,
      "gross_profit": 197900000,
      "operating_income": 58800000,
      "net_income": 38300000,
      "opex": 139100000,
      "cogs": 892700000,
      "rd": null,
      "sga": 139100000,
      "fcf": 28500000,
      "ocf": 35800000,
      "capex": -7300000,
      "gross_margin": 0.18145974692829636,
      "op_margin": 0.05391527599486521,
      "fcf_margin": 0.02613240418118467,
      "incr_op_margin_yoy": 0.38165983606557374,
      "rev_growth_yoy": 0.2180031270940362,
      "rev_growth_yoy_accel": 0.010535751550295236,
      "op_leverage_ratio": 1.6495574299269762,
      "fcf_margin_change": 0.0204284113862282
    },
    {
      "date": "2023-09-30T00:00:00",
      "quarter_label": "2023-09 (Q3)",
      "revenue": 1001200000,
      "gross_profit": 203600000,
      "operating_income": 58600000,
      "net_income": 35800000,
      "opex": 145000000,
      "cogs": 797600000,
      "rd": null,
      "sga": 145000000,
      "fcf": 52000000,
      "ocf": 60300000,
      "capex": -8300000,
      "gross_margin": 0.20335597283260087,
      "op_margin": 0.058529764282860566,
      "fcf_margin": 0.0519376747902517,
      "incr_op_margin_yoy": 0.5183116076970825,
      "rev_growth_yoy": 0.1917628853707892,
      "rev_growth_yoy_accel": -0.026240241723246988,
      "fcf_margin_change": 0.02580527060906703
    },
    {
      "date": "2023-12-31T00:00:00",
      "quarter_label": "2023-12 (Q4)",
      "revenue": 1027200000,
      "gross_profit": 209700000,
      "operating_income": 48700000,
      "net_income": 25200000,
      "opex": 161000000,
      "cogs": 817500000,
      "rd": null,
      "sga": 161000000,
      "fcf": 29100000,
      "ocf": 45600000,
      "capex": -16500000,
      "gross_margin": 0.20414719626168223,
      "op_margin": 0.04741043613707165,
      "fcf_margin": 0.02832943925233645,
      "incr_op_margin_yoy": 0.6880952380952381,
      "rev_growth_yoy": 0.04263093788063337,
      "rev_growth_yoy_accel": -0.14913194749015582,
      "op_leverage_ratio": 0.23534258889332801,
      "fcf_margin_change": -0.023608235537915252
    },
    {
      "date": "2024-03-31T00:00:00",
      "quarter_label": "2024-03 (Q1)",
      "revenue": 1056500000,
      "gross_profit": 235700000,
      "operating_income": 83800000,
      "net_income": 51500000,
      "opex": 151900000,
      "cogs": 820800000,
      "rd": null,
      "sga": 151900000,
      "fcf": 14900000,
      "ocf": 22400000,
      "capex": -7500000,
      "gross_margin": 0.22309512541410317,
      "op_margin": 0.07931850449597729,
      "fcf_margin": 0.014103170847136772,
      "incr_op_margin_yoy": 0.7202797202797203,
      "rev_growth_yoy": 0.05724006804763335,
      "rev_growth_yoy_accel": 0.014609130166999974,
      "op_leverage_ratio": Infinity,
      "fcf_margin_change": -0.014226268405199676
    },
    {
      "date": "2024-06-30T00:00:00",
      "quarter_label": "2024-06 (Q2)",
      "revenue": 1168100000,
      "gross_profit": 259300000,
      "operating_income": 95600000,
      "net_income": 63300000,
      "opex": 163700000,
      "cogs": 908800000,
      "rd": null,
      "sga": 163700000,
      "fcf": -14700000,
      "ocf": -2500000,
      "capex": -12200000,
      "gross_margin": 0.22198441914219674,
      "op_margin": 0.0818423080215735,
      "fcf_margin": -0.012584538994949063,
      "incr_op_margin_yoy": 0.47483870967741937,
      "rev_growth_yoy": 0.07106180084357235,
      "rev_growth_yoy_accel": 0.013821732795938999,
      "op_leverage_ratio": 1.3597856690222754,
      "fcf_margin_change": -0.026687709842085836
    },
    {
      "date": "2024-09-30T00:00:00",
      "quarter_label": "2024-09 (Q3)",
      "revenue": 1016100000,
      "gross_profit": 192900000,
      "operating_income": 33100000,
      "net_income": 17200000,
      "opex": 159800000,
      "cogs": 823200000,
      "rd": null,
      "sga": 159800000,
      "fcf": 59900000,
      "ocf": 70100000,
      "capex": -10200000,
      "gross_margin": 0.18984351933864776,
      "op_margin": 0.03257553390414329,
      "fcf_margin": 0.05895089066036807,
      "incr_op_margin_yoy": -1.7114093959731544,
      "rev_growth_yoy": 0.01488214143028366,
      "rev_growth_yoy_accel": -0.05617965941328869,
      "fcf_margin_change": 0.07153542965531713
    },
    {
      "date": "2024-12-31T00:00:00",
      "quarter_label": "2024-12 (Q4)",
      "revenue": 1067500000,
      "gross_profit": 207600000,
      "operating_income": 32300000,
      "net_income": 10300000,
      "opex": 175300000,
      "cogs": 859900000,
      "rd": null,
      "sga": 152700000,
      "fcf": 62800000,
      "ocf": 80700000,
      "capex": -17900000,
      "gross_margin": 0.19447306791569086,
      "op_margin": 0.0302576112412178,
      "fcf_margin": 0.05882903981264637,
      "incr_op_margin_yoy": -0.40694789081885857,
      "rev_growth_yoy": 0.03923286604361371,
      "rev_growth_yoy_accel": 0.02435072461333005,
      "op_leverage_ratio": 0.5215209323440987,
      "fcf_margin_change": -0.00012185084772169813
    },
    {
      "date": "2025-03-31T00:00:00",
      "quarter_label": "2025-03 (Q1)",
      "revenue": 910400000,
      "gross_profit": 177700000,
      "operating_income": 21300000,
      "net_income": 8600000,
      "opex": 156400000,
      "cogs": 732700000,
      "rd": null,
      "sga": 156200000,
      "fcf": -47000000,
      "ocf": -36400000,
      "capex": -10600000,
      "gross_margin": 0.19518892794376097,
      "op_margin": 0.023396309314586996,
      "fcf_margin": -0.05162565905096661,
      "incr_op_margin_yoy": 0.4277891854893908,
      "rev_growth_yoy": -0.13828679602460955,
      "rev_growth_yoy_accel": -0.17751966206822326,
      "fcf_margin_change": -0.11045469886361298
    },
    {
      "date": "2025-06-30T00:00:00",
      "quarter_label": "2025-06 (Q2)",
      "revenue": 956600000,
      "gross_profit": 168200000,
      "operating_income": -8500000,
      "net_income": -13900000,
      "opex": 176700000,
      "cogs": 788400000,
      "rd": null,
      "sga": 161000000,
      "fcf": 15100000,
      "ocf": 28900000,
      "capex": -13800000,
      "gross_margin": 0.1758310683671336,
      "op_margin": -0.008885636629730295,
      "fcf_margin": 0.01578507213046205,
      "incr_op_margin_yoy": 0.4921985815602837,
      "rev_growth_yoy": -0.18106326513141,
      "rev_growth_yoy_accel": -0.04277646910680044,
      "op_leverage_ratio": 0.390976304466396,
      "fcf_margin_change": 0.06741073118142867
    },
    {
      "date": "2025-09-30T00:00:00",
      "quarter_label": "2025-09 (Q3)",
      "revenue": 979100000,
      "gross_profit": 155900000,
      "operating_income": 2300000,
      "net_income": -2300000,
      "opex": 153600000,
      "cogs": 823200000,
      "rd": null,
      "sga": 152600000,
      "fcf": 22600000,
      "ocf": 37100000,
      "capex": -14500000,
      "gross_margin": 0.1592278623225411,
      "op_margin": 0.002349096108671229,
      "fcf_margin": 0.023082422633030335,
      "incr_op_margin_yoy": 0.8324324324324325,
      "rev_growth_yoy": -0.036413738805235706,
      "rev_growth_yoy_accel": 0.14464952632617428,
      "op_leverage_ratio": Infinity,
      "fcf_margin_change": 0.007297350502568283
    }
  ],
  "signals": [
    {
      "quarter": "2025-09 (Q3)",
      "signal": "YoY REVENUE GROWTH ACCELERATION",
      "detail": "YoY growth: -3.6% vs prior quarter YoY: -18.1% (accel: +14.5%)",
      "severity": "MEDIUM"
    },
    {
      "quarter": "2025-09 (Q3)",
      "signal": "INCREMENTAL MARGIN (YoY)",
      "detail": "YoY Incr OPM: +83.2% vs year-ago OPM: +3.3%",
      "severity": "HIGH"
    },
    {
      "quarter": "2025-09 (Q3)",
      "signal": "OP MARGIN TURNED POSITIVE (QoQ)",
      "detail": "Op margin: -0.9% -> +0.2%",
      "severity": "HIGH"
    },
    {
      "quarter": "2025-06 (Q2)",
      "signal": "FCF TURNED POSITIVE",
      "detail": "FCF margin: -5.2% -> +1.6%",
      "severity": "HIGH"
    },
    {
      "quarter": "2025-03 (Q1)",
      "signal": "YoY REVENUE GROWTH DECELERATION",
      "detail": "YoY growth: -13.8% vs prior quarter YoY: +3.9% (decel: -17.8%)",
      "severity": "WARNING"
    },
    {
      "quarter": "2025-03 (Q1)",
      "signal": "INCREMENTAL MARGIN (YoY)",
      "detail": "YoY Incr OPM: +42.8% vs year-ago OPM: +7.9%",
      "severity": "HIGH"
    },
    {
      "quarter": "2024-09 (Q3)",
      "signal": "FCF TURNED POSITIVE",
      "detail": "FCF margin: -1.3% -> +5.9%",
      "severity": "HIGH"
    },
    {
      "quarter": "2024-09 (Q3)",
      "signal": "YoY REVENUE GROWTH DECELERATION",
      "detail": "YoY growth: +1.5% vs prior quarter YoY: +7.1% (decel: -5.6%)",
      "severity": "WARNING"
    },
    {
      "quarter": "2024-06 (Q2)",
      "signal": "INCREMENTAL MARGIN (YoY)",
      "detail": "YoY Incr OPM: +47.5% vs year-ago OPM: +5.4%",
      "severity": "HIGH"
    },
    {
      "quarter": "2024-03 (Q1)",
      "signal": "INCREMENTAL MARGIN (YoY)",
      "detail": "YoY Incr OPM: +72.0% vs year-ago OPM: +4.3%",
      "severity": "HIGH"
    },
    {
      "quarter": "2023-12 (Q4)",
      "signal": "YoY REVENUE GROWTH DECELERATION",
      "detail": "YoY growth: +4.3% vs prior quarter YoY: +19.2% (decel: -14.9%)",
      "severity": "WARNING"
    },
    {
      "quarter": "2023-12 (Q4)",
      "signal": "INCREMENTAL MARGIN (YoY)",
      "detail": "YoY Incr OPM: +68.8% vs year-ago OPM: +2.0%",
      "severity": "HIGH"
    },
    {
      "quarter": "2023-09 (Q3)",
      "signal": "OP MARGIN TURNED POSITIVE (YoY)",
      "detail": "Op margin: -3.0% (year-ago) -> +5.9%",
      "severity": "HIGH"
    },
    {
      "quarter": "2023-06 (Q2)",
      "signal": "OPERATING LEVERAGE",
      "detail": "Rev growth +9.1% vs OpEx growth +5.5% (leverage: 1.6x)",
      "severity": "MEDIUM"
    },
    {
      "quarter": "2023-06 (Q2)",
      "signal": "OP MARGIN TURNED POSITIVE (YoY)",
      "detail": "Op margin: -1.8% (year-ago) -> +5.4%",
      "severity": "HIGH"
    },
    {
      "quarter": "2023-03 (Q1)",
      "signal": "FCF TURNED POSITIVE",
      "detail": "FCF margin: -0.3% -> +0.6%",
      "severity": "HIGH"
    },
    {
      "quarter": "2023-03 (Q1)",
      "signal": "OP MARGIN TURNED POSITIVE (YoY)",
      "detail": "Op margin: -2.2% (year-ago) -> +4.3%",
      "severity": "HIGH"
    },
    {
      "quarter": "2022-12 (Q4)",
      "signal": "GROSS MARGIN INFLECTION",
      "detail": "GM: +11.1% -> +10.3% -> +14.9% (reversal +4.5%)",
      "severity": "MEDIUM"
    },
    {
      "quarter": "2022-12 (Q4)",
      "signal": "YoY REVENUE GROWTH ACCELERATION",
      "detail": "YoY growth: +18.7% vs prior quarter YoY: +12.3% (accel: +6.5%)",
      "severity": "MEDIUM"
    },
    {
      "quarter": "2022-12 (Q4)",
      "signal": "OP MARGIN TURNED POSITIVE (YoY)",
      "detail": "Op margin: -12.9% (year-ago) -> +2.0%",
      "severity": "HIGH"
    },
    {
      "quarter": "2022-12 (Q4)",
      "signal": "OP MARGIN TURNED POSITIVE (QoQ)",
      "detail": "Op margin: -3.0% -> +2.0%",
      "severity": "HIGH"
    },
    {
      "quarter": "2022-09 (Q3)",
      "signal": "FCF TURNED POSITIVE",
      "detail": "FCF margin: -7.2% -> +3.5%",
      "severity": "HIGH"
    },
    {
      "quarter": "2022-03 (Q1)",
      "signal": "FCF TURNED POSITIVE",
      "detail": "FCF margin: -9.2% -> +6.0%",
      "severity": "HIGH"
    },
    {
      "quarter": "2022-03 (Q1)",
      "signal": "GROSS MARGIN INFLECTION",
      "detail": "GM: +8.7% -> +7.7% -> +12.2% (reversal +4.6%)",
      "severity": "MEDIUM"
    }
  ],
  "data_quality": {
    "n_quarters": 20,
    "coverage": {
      "revenue": [
        20,
        20
      ],
      "gross_profit": [
        20,
        20
      ],
      "op_income": [
        20,
        20
      ],
      "fcf": [
        20,
        20
      ]
    },
    "gaps": [],
    "warnings": []
  },
  "market_cap": null,
  "source": "SEC EDGAR",
  "last_updated": "2026-02-02T22:20:37.478805"
}