{
  "ticker": "HYFM",
  "name": "Hydrofarm Holdings Group, Inc.",
  "quarters": [
    {
      "date": "2020-12-31T00:00:00",
      "quarter_label": "2020-12 (Q4)",
      "revenue": 87442000,
      "gross_profit": 16009000,
      "operating_income": -5983000,
      "net_income": -9398000,
      "opex": 21992000,
      "cogs": 71433000,
      "rd": null,
      "sga": 21408000,
      "fcf": -37795000,
      "ocf": -37048000,
      "capex": -747000,
      "gross_margin": 0.18308135678506895,
      "op_margin": -0.06842249719814276,
      "fcf_margin": -0.4322293634637817
    },
    {
      "date": "2021-03-31T00:00:00",
      "quarter_label": "2021-03 (Q1)",
      "revenue": 111389000,
      "gross_profit": 23223000,
      "operating_income": 6382000,
      "net_income": 4940000,
      "opex": 16841000,
      "cogs": 88166000,
      "rd": null,
      "sga": 16826000,
      "fcf": -3066000,
      "ocf": -2638000,
      "capex": -428000,
      "gross_margin": 0.20848557757049618,
      "op_margin": 0.057294705940442954,
      "fcf_margin": -0.02752515957590067,
      "op_leverage_ratio": Infinity,
      "fcf_margin_change": 0.40470420388788103
    },
    {
      "date": "2021-06-30T00:00:00",
      "quarter_label": "2021-06 (Q2)",
      "revenue": 133800000,
      "gross_profit": 29590000,
      "operating_income": 2331000,
      "net_income": 2257000,
      "opex": 27259000,
      "cogs": 104210000,
      "rd": null,
      "sga": 27258000,
      "fcf": 1874000,
      "ocf": 2137000,
      "capex": -263000,
      "gross_margin": 0.22115097159940209,
      "op_margin": 0.01742152466367713,
      "fcf_margin": 0.014005979073243647,
      "op_leverage_ratio": 0.32523887733740864,
      "fcf_margin_change": 0.04153113864914432
    },
    {
      "date": "2021-09-30T00:00:00",
      "quarter_label": "2021-09 (Q3)",
      "revenue": 123822000,
      "gross_profit": 29989000,
      "operating_income": -2406000,
      "net_income": 17265000,
      "opex": 32395000,
      "cogs": 93833000,
      "rd": null,
      "sga": 32149000,
      "fcf": -19387000,
      "ocf": -17009000,
      "capex": -2378000,
      "gross_margin": 0.24219444040638982,
      "op_margin": -0.019431118864175995,
      "fcf_margin": -0.15657153009965918,
      "fcf_margin_change": -0.17057750917290282
    },
    {
      "date": "2021-12-31T00:00:00",
      "quarter_label": "2021-12 (Q4)",
      "revenue": 110409000,
      "gross_profit": 18684000,
      "operating_income": -9006000,
      "net_income": -11046000,
      "opex": 27690000,
      "cogs": 91725000,
      "rd": null,
      "sga": 27655000,
      "fcf": -29890000,
      "ocf": -27557000,
      "capex": -2333000,
      "gross_margin": 0.16922533489117736,
      "op_margin": -0.08156943727413526,
      "fcf_margin": -0.27072068400220994,
      "incr_op_margin_yoy": -0.13162363390952236,
      "rev_growth_yoy": 0.26265410214770935,
      "fcf_margin_change": -0.11414915390255076
    },
    {
      "date": "2022-03-31T00:00:00",
      "quarter_label": "2022-03 (Q1)",
      "revenue": 111377000,
      "gross_profit": 16606000,
      "operating_income": -26397000,
      "net_income": -23296000,
      "opex": 43003000,
      "cogs": 94771000,
      "rd": null,
      "sga": 43003000,
      "fcf": -12625000,
      "ocf": -10155000,
      "capex": -2470000,
      "gross_margin": 0.14909721037557125,
      "op_margin": -0.23700584501288416,
      "fcf_margin": -0.11335374448943678,
      "rev_growth_yoy": -0.00010773056585479716,
      "rev_growth_yoy_accel": -0.2627618327135641,
      "fcf_margin_change": 0.15736693951277317
    },
    {
      "date": "2022-06-30T00:00:00",
      "quarter_label": "2022-06 (Q2)",
      "revenue": 97508000,
      "gross_profit": 7339000,
      "operating_income": -208207000,
      "net_income": -203312000,
      "opex": 215546000,
      "cogs": 90169000,
      "rd": null,
      "sga": 25974000,
      "fcf": 15371000,
      "ocf": 17423000,
      "capex": -2052000,
      "gross_margin": 0.07526561923124256,
      "op_margin": -2.135281207695779,
      "fcf_margin": 0.15763834762275916,
      "incr_op_margin_yoy": 5.801223410117933,
      "rev_growth_yoy": -0.2712406576980568,
      "rev_growth_yoy_accel": -0.271132927132202,
      "fcf_margin_change": 0.27099209211219594
    },
    {
      "date": "2022-09-30T00:00:00",
      "quarter_label": "2022-09 (Q3)",
      "revenue": 74155000,
      "gross_profit": 5864000,
      "operating_income": -20322000,
      "net_income": -23539000,
      "opex": 26186000,
      "cogs": 68291000,
      "rd": null,
      "sga": 26186000,
      "fcf": 5631000,
      "ocf": 8222000,
      "capex": -2591000,
      "gross_margin": 0.07907760771357292,
      "op_margin": -0.2740476029937294,
      "fcf_margin": 0.07593554042208887,
      "incr_op_margin_yoy": 0.36072241125898485,
      "rev_growth_yoy": -0.40111611829884836,
      "rev_growth_yoy_accel": -0.12987546060079158,
      "fcf_margin_change": -0.08170280720067029
    },
    {
      "date": "2022-12-31T00:00:00",
      "quarter_label": "2022-12 (Q4)",
      "revenue": 61461000,
      "gross_profit": -473000,
      "operating_income": -26670000,
      "net_income": -35268000,
      "opex": 26197000,
      "cogs": 61934000,
      "rd": null,
      "sga": 26197000,
      "fcf": 5383000,
      "ocf": 6499000,
      "capex": -1116000,
      "gross_margin": -0.007695937261027318,
      "op_margin": -0.43393371406257625,
      "fcf_margin": 0.08758399635541238,
      "incr_op_margin_yoy": 0.3608727629320912,
      "rev_growth_yoy": -0.4433334239056599,
      "rev_growth_yoy_accel": -0.04221730560681153,
      "fcf_margin_change": 0.011648455933323504
    },
    {
      "date": "2023-03-31T00:00:00",
      "quarter_label": "2023-03 (Q1)",
      "revenue": 62178000,
      "gross_profit": 11381000,
      "operating_income": -13050000,
      "net_income": -16849000,
      "opex": 24431000,
      "cogs": 50797000,
      "rd": null,
      "sga": 24431000,
      "fcf": -10603000,
      "ocf": -8950000,
      "capex": -1653000,
      "gross_margin": 0.18303901701566472,
      "op_margin": -0.20988130850139922,
      "fcf_margin": -0.17052655280002574,
      "incr_op_margin_yoy": -0.271286001748003,
      "rev_growth_yoy": -0.4417339307038258,
      "rev_growth_yoy_accel": 0.0015994932018341124,
      "op_leverage_ratio": Infinity,
      "fcf_margin_change": -0.25811054915543813
    },
    {
      "date": "2023-06-30T00:00:00",
      "quarter_label": "2023-06 (Q2)",
      "revenue": 63051000,
      "gross_profit": 14473000,
      "operating_income": -8995000,
      "net_income": -12865000,
      "opex": 23468000,
      "cogs": 48578000,
      "rd": null,
      "sga": 23468000,
      "fcf": 8258000,
      "ocf": 9911000,
      "capex": -1653000,
      "gross_margin": 0.22954433712391556,
      "op_margin": -0.14266228925790234,
      "fcf_margin": 0.13097333904299693,
      "incr_op_margin_yoy": -5.781466755666483,
      "rev_growth_yoy": -0.3533761332403495,
      "rev_growth_yoy_accel": 0.08835779746347627,
      "op_leverage_ratio": Infinity,
      "fcf_margin_change": 0.30149989184302267
    },
    {
      "date": "2023-09-30T00:00:00",
      "quarter_label": "2023-09 (Q3)",
      "revenue": 54168000,
      "gross_profit": 3309000,
      "operating_income": -16234000,
      "net_income": -19884000,
      "opex": 19543000,
      "cogs": 50859000,
      "rd": null,
      "sga": 19543000,
      "fcf": 6918000,
      "ocf": 7668000,
      "capex": -750000,
      "gross_margin": 0.06108772707133363,
      "op_margin": -0.29969723822182837,
      "fcf_margin": 0.1277137793531236,
      "incr_op_margin_yoy": -0.20453294641516986,
      "rev_growth_yoy": -0.26953003843301193,
      "rev_growth_yoy_accel": 0.08384609480733757,
      "fcf_margin_change": -0.0032595596898733203
    },
    {
      "date": "2023-12-31T00:00:00",
      "quarter_label": "2023-12 (Q4)",
      "revenue": 47184000,
      "gross_profit": 8449000,
      "operating_income": -11423000,
      "net_income": -15215000,
      "opex": 19872000,
      "cogs": 38735000,
      "rd": null,
      "sga": 19872000,
      "fcf": -1744000,
      "ocf": -1585000,
      "capex": -159000,
      "gross_margin": 0.17906493726687012,
      "op_margin": -0.24209477789081044,
      "fcf_margin": -0.036961681926076635,
      "incr_op_margin_yoy": -1.0679414442810113,
      "rev_growth_yoy": -0.23229364963147361,
      "rev_growth_yoy_accel": 0.03723638880153832,
      "fcf_margin_change": -0.16467546127920024
    },
    {
      "date": "2024-03-31T00:00:00",
      "quarter_label": "2024-03 (Q1)",
      "revenue": 54172000,
      "gross_profit": 10925000,
      "operating_income": -8696000,
      "net_income": -12608000,
      "opex": 19621000,
      "cogs": 43247000,
      "rd": null,
      "sga": 19621000,
      "fcf": -3739000,
      "ocf": -2297000,
      "capex": -1442000,
      "gross_margin": 0.20167245071254522,
      "op_margin": -0.16052573285091928,
      "fcf_margin": -0.06902089640404636,
      "incr_op_margin_yoy": -0.5438421184111916,
      "rev_growth_yoy": -0.12875936826530285,
      "rev_growth_yoy_accel": 0.10353428136617077,
      "op_leverage_ratio": Infinity,
      "fcf_margin_change": -0.03205921447796973
    },
    {
      "date": "2024-06-30T00:00:00",
      "quarter_label": "2024-06 (Q2)",
      "revenue": 54793000,
      "gross_profit": 10851000,
      "operating_income": -19328000,
      "net_income": -23450000,
      "opex": 30179000,
      "cogs": 43942000,
      "rd": null,
      "sga": 18659000,
      "fcf": 3416000,
      "ocf": 3784000,
      "capex": -368000,
      "gross_margin": 0.19803624550581278,
      "op_margin": -0.35274578869563633,
      "fcf_margin": 0.06234373003850857,
      "incr_op_margin_yoy": 1.2512714943085492,
      "rev_growth_yoy": -0.13097333904299693,
      "rev_growth_yoy_accel": -0.0022139707776940853,
      "op_leverage_ratio": 0.021303757529163803,
      "fcf_margin_change": 0.13136462644255492
    },
    {
      "date": "2024-09-30T00:00:00",
      "quarter_label": "2024-09 (Q3)",
      "revenue": 44009000,
      "gross_profit": 8519000,
      "operating_income": -9037000,
      "net_income": -13146000,
      "opex": 17556000,
      "cogs": 35490000,
      "rd": null,
      "sga": 17556000,
      "fcf": -5279000,
      "ocf": -4467000,
      "capex": -812000,
      "gross_margin": 0.1935740416732941,
      "op_margin": -0.2053443613806267,
      "fcf_margin": -0.11995273694017133,
      "incr_op_margin_yoy": -0.7084358696722118,
      "rev_growth_yoy": -0.18754615271008715,
      "rev_growth_yoy_accel": -0.056572813667090216,
      "fcf_margin_change": -0.1822964669786799
    },
    {
      "date": "2024-12-31T00:00:00",
      "quarter_label": "2024-12 (Q4)",
      "revenue": 37314000,
      "gross_profit": 1838000,
      "operating_income": -15120000,
      "net_income": -17513000,
      "opex": 16958000,
      "cogs": 35476000,
      "rd": null,
      "sga": 16958000,
      "fcf": 2386000,
      "ocf": 2656000,
      "capex": -270000,
      "gross_margin": 0.049257651283700486,
      "op_margin": -0.40520984081041966,
      "fcf_margin": 0.06394382805381359,
      "incr_op_margin_yoy": 0.3745694022289767,
      "rev_growth_yoy": -0.20918107833163785,
      "rev_growth_yoy_accel": -0.0216349256215507,
      "fcf_margin_change": 0.18389656499398493
    },
    {
      "date": "2025-03-31T00:00:00",
      "quarter_label": "2025-03 (Q1)",
      "revenue": 40534000,
      "gross_profit": 6877000,
      "operating_income": -10986000,
      "net_income": -14385000,
      "opex": 17863000,
      "cogs": 33657000,
      "rd": null,
      "sga": 17863000,
      "fcf": -12007000,
      "ocf": -11763000,
      "capex": -244000,
      "gross_margin": 0.1696600384862091,
      "op_margin": -0.27103172645186757,
      "fcf_margin": -0.2962204569003799,
      "incr_op_margin_yoy": 0.16791318375128317,
      "rev_growth_yoy": -0.25175367348445693,
      "rev_growth_yoy_accel": -0.04257259515281908,
      "op_leverage_ratio": 1.6170003586111237,
      "fcf_margin_change": -0.3601642849541935
    },
    {
      "date": "2025-06-30T00:00:00",
      "quarter_label": "2025-06 (Q2)",
      "revenue": 39245000,
      "gross_profit": 2794000,
      "operating_income": -13346000,
      "net_income": -16861000,
      "opex": 16140000,
      "cogs": 36451000,
      "rd": null,
      "sga": 16140000,
      "fcf": 1435000,
      "ocf": 1716000,
      "capex": -281000,
      "gross_margin": 0.07119378264747102,
      "op_margin": -0.34006879857306666,
      "fcf_margin": 0.036565167537265894,
      "incr_op_margin_yoy": -0.3847440185232827,
      "rev_growth_yoy": -0.28375887430876207,
      "rev_growth_yoy_accel": -0.032005200824305136,
      "fcf_margin_change": 0.3327856244376458
    },
    {
      "date": "2025-09-30T00:00:00",
      "quarter_label": "2025-09 (Q3)",
      "revenue": 29350000,
      "gross_profit": 3409000,
      "operating_income": -12956000,
      "net_income": -16390000,
      "opex": 16365000,
      "cogs": 25941000,
      "rd": null,
      "sga": 16365000,
      "fcf": -207000,
      "ocf": -37000,
      "capex": -170000,
      "gross_margin": 0.11614991482112436,
      "op_margin": -0.4414310051107325,
      "fcf_margin": -0.007052810902896082,
      "incr_op_margin_yoy": 0.26734429360802237,
      "rev_growth_yoy": -0.3330909586675453,
      "rev_growth_yoy_accel": -0.049332084358783224,
      "fcf_margin_change": -0.04361797844016198
    }
  ],
  "signals": [
    {
      "quarter": "2025-09 (Q3)",
      "signal": "GROSS MARGIN INFLECTION",
      "detail": "GM: +17.0% -> +7.1% -> +11.6% (reversal +4.5%)",
      "severity": "MEDIUM"
    },
    {
      "quarter": "2025-06 (Q2)",
      "signal": "FCF TURNED POSITIVE",
      "detail": "FCF margin: -29.6% -> +3.7%",
      "severity": "HIGH"
    },
    {
      "quarter": "2025-03 (Q1)",
      "signal": "OPERATING LEVERAGE",
      "detail": "Rev growth +8.6% vs OpEx growth +5.3% (leverage: 1.6x)",
      "severity": "MEDIUM"
    },
    {
      "quarter": "2025-03 (Q1)",
      "signal": "GROSS MARGIN INFLECTION",
      "detail": "GM: +19.4% -> +4.9% -> +17.0% (reversal +12.0%)",
      "severity": "HIGH"
    },
    {
      "quarter": "2024-12 (Q4)",
      "signal": "FCF TURNED POSITIVE",
      "detail": "FCF margin: -12.0% -> +6.4%",
      "severity": "HIGH"
    },
    {
      "quarter": "2024-09 (Q3)",
      "signal": "YoY REVENUE GROWTH DECELERATION",
      "detail": "YoY growth: -18.8% vs prior quarter YoY: -13.1% (decel: -5.7%)",
      "severity": "WARNING"
    },
    {
      "quarter": "2024-06 (Q2)",
      "signal": "FCF TURNED POSITIVE",
      "detail": "FCF margin: -6.9% -> +6.2%",
      "severity": "HIGH"
    },
    {
      "quarter": "2024-03 (Q1)",
      "signal": "YoY REVENUE GROWTH ACCELERATION",
      "detail": "YoY growth: -12.9% vs prior quarter YoY: -23.2% (accel: +10.4%)",
      "severity": "MEDIUM"
    },
    {
      "quarter": "2023-12 (Q4)",
      "signal": "GROSS MARGIN INFLECTION",
      "detail": "GM: +23.0% -> +6.1% -> +17.9% (reversal +11.8%)",
      "severity": "HIGH"
    },
    {
      "quarter": "2023-09 (Q3)",
      "signal": "YoY REVENUE GROWTH ACCELERATION",
      "detail": "YoY growth: -27.0% vs prior quarter YoY: -35.3% (accel: +8.4%)",
      "severity": "MEDIUM"
    },
    {
      "quarter": "2023-06 (Q2)",
      "signal": "FCF TURNED POSITIVE",
      "detail": "FCF margin: -17.1% -> +13.1%",
      "severity": "HIGH"
    },
    {
      "quarter": "2023-06 (Q2)",
      "signal": "YoY REVENUE GROWTH ACCELERATION",
      "detail": "YoY growth: -35.3% vs prior quarter YoY: -44.2% (accel: +8.8%)",
      "severity": "MEDIUM"
    },
    {
      "quarter": "2023-03 (Q1)",
      "signal": "GROSS MARGIN INFLECTION",
      "detail": "GM: +7.9% -> -0.8% -> +18.3% (reversal +19.1%)",
      "severity": "HIGH"
    },
    {
      "quarter": "2022-09 (Q3)",
      "signal": "YoY REVENUE GROWTH DECELERATION",
      "detail": "YoY growth: -40.1% vs prior quarter YoY: -27.1% (decel: -13.0%)",
      "severity": "WARNING"
    },
    {
      "quarter": "2022-06 (Q2)",
      "signal": "FCF TURNED POSITIVE",
      "detail": "FCF margin: -11.3% -> +15.8%",
      "severity": "HIGH"
    },
    {
      "quarter": "2022-06 (Q2)",
      "signal": "YoY REVENUE GROWTH DECELERATION",
      "detail": "YoY growth: -27.1% vs prior quarter YoY: -0.0% (decel: -27.1%)",
      "severity": "WARNING"
    },
    {
      "quarter": "2022-03 (Q1)",
      "signal": "FCF MARGIN EXPANSION",
      "detail": "FCF margin: -27.1% -> -11.3% (+15.7%)",
      "severity": "MEDIUM"
    },
    {
      "quarter": "2022-03 (Q1)",
      "signal": "YoY REVENUE GROWTH DECELERATION",
      "detail": "YoY growth: -0.0% vs prior quarter YoY: +26.3% (decel: -26.3%)",
      "severity": "WARNING"
    },
    {
      "quarter": "2021-06 (Q2)",
      "signal": "FCF TURNED POSITIVE",
      "detail": "FCF margin: -2.8% -> +1.4%",
      "severity": "HIGH"
    },
    {
      "quarter": "2021-03 (Q1)",
      "signal": "FCF MARGIN EXPANSION",
      "detail": "FCF margin: -43.2% -> -2.8% (+40.5%)",
      "severity": "MEDIUM"
    },
    {
      "quarter": "2021-03 (Q1)",
      "signal": "OP MARGIN TURNED POSITIVE (QoQ)",
      "detail": "Op margin: -6.8% -> +5.7%",
      "severity": "HIGH"
    }
  ],
  "data_quality": {
    "n_quarters": 20,
    "coverage": {
      "revenue": [
        20,
        20
      ],
      "gross_profit": [
        20,
        20
      ],
      "op_income": [
        20,
        20
      ],
      "fcf": [
        20,
        20
      ]
    },
    "gaps": [],
    "warnings": []
  },
  "market_cap": null,
  "source": "SEC EDGAR",
  "last_updated": "2026-02-03T00:15:17.351074",
  "sector": "Industrials",
  "industry": "Farm & Heavy Construction Machinery"
}