{
  "ticker": "HZO",
  "name": "MARINEMAX, INC.",
  "quarters": [
    {
      "date": "2021-03-31T00:00:00",
      "quarter_label": "2021-03 (Q1)",
      "revenue": 523095000,
      "gross_profit": 156806000,
      "operating_income": 52870000,
      "net_income": 38935000,
      "opex": 103936000,
      "cogs": 366289000,
      "rd": null,
      "sga": 103936000,
      "fcf": 154397000,
      "ocf": 159479000,
      "capex": -5082000,
      "gross_margin": 0.29976581691662124,
      "op_margin": 0.1010715070876227,
      "fcf_margin": 0.2951605348932794
    },
    {
      "date": "2021-06-30T00:00:00",
      "quarter_label": "2021-06 (Q2)",
      "revenue": 666328000,
      "gross_profit": 204674000,
      "operating_income": 80908000,
      "net_income": 59618000,
      "opex": 123766000,
      "cogs": 461654000,
      "rd": null,
      "sga": 123766000,
      "fcf": 176628000,
      "ocf": 182974000,
      "capex": -6346000,
      "gross_margin": 0.3071670408567552,
      "op_margin": 0.1214236832310814,
      "fcf_margin": 0.2650766589427429,
      "op_leverage_ratio": 1.4351781179897605,
      "fcf_margin_change": -0.03008387595053652
    },
    {
      "date": "2021-09-30T00:00:00",
      "quarter_label": "2021-09 (Q3)",
      "revenue": 462310000,
      "gross_profit": 174552000,
      "operating_income": 43698000,
      "net_income": 32826000,
      "opex": 130854000,
      "cogs": 287758000,
      "rd": null,
      "sga": 130854000,
      "fcf": 36615000,
      "ocf": 44267000,
      "capex": -7652000,
      "gross_margin": 0.37756483744673486,
      "op_margin": 0.09452099240769181,
      "fcf_margin": 0.0792001038264368,
      "fcf_margin_change": -0.1858765551163061
    },
    {
      "date": "2021-12-31T00:00:00",
      "quarter_label": "2021-12 (Q4)",
      "revenue": 472691000,
      "gross_profit": 167199000,
      "operating_income": 47202000,
      "net_income": 35943000,
      "opex": 119997000,
      "cogs": 305492000,
      "rd": null,
      "sga": 119997000,
      "fcf": -15777000,
      "ocf": 8079000,
      "capex": -23856000,
      "gross_margin": 0.3537173333107675,
      "op_margin": 0.09985804680012947,
      "fcf_margin": -0.0333769841185891,
      "op_leverage_ratio": Infinity,
      "fcf_margin_change": -0.11257708794502591
    },
    {
      "date": "2022-03-31T00:00:00",
      "quarter_label": "2022-03 (Q1)",
      "revenue": 610106000,
      "gross_profit": 205315000,
      "operating_income": 71783000,
      "net_income": 53507000,
      "opex": 133532000,
      "cogs": 404791000,
      "rd": null,
      "sga": 133532000,
      "fcf": 72980000,
      "ocf": 81017000,
      "capex": -8037000,
      "gross_margin": 0.3365234893608652,
      "op_margin": 0.11765660393439828,
      "fcf_margin": 0.11961855808662757,
      "incr_op_margin_yoy": 0.2173633218788429,
      "rev_growth_yoy": 0.16633881034993644,
      "op_leverage_ratio": 2.577323520935303,
      "fcf_margin_change": 0.15299554220521666
    },
    {
      "date": "2022-06-30T00:00:00",
      "quarter_label": "2022-06 (Q2)",
      "revenue": 688537000,
      "gross_profit": 236473000,
      "operating_income": 95300000,
      "net_income": 70179000,
      "opex": 141173000,
      "cogs": 452064000,
      "rd": null,
      "sga": 141173000,
      "fcf": 22742000,
      "ocf": 33940000,
      "capex": -11198000,
      "gross_margin": 0.3434426908067395,
      "op_margin": 0.13840941009706087,
      "fcf_margin": 0.033029452302490644,
      "incr_op_margin_yoy": 0.6480255752172542,
      "rev_growth_yoy": 0.033330431859384564,
      "rev_growth_yoy_accel": -0.1330083784905519,
      "op_leverage_ratio": 2.2465578708131426,
      "fcf_margin_change": -0.08658910578413692
    },
    {
      "date": "2022-09-30T00:00:00",
      "quarter_label": "2022-09 (Q3)",
      "revenue": 536764000,
      "gross_profit": 196767000,
      "operating_income": 50919000,
      "net_income": 38360000,
      "opex": 145848000,
      "cogs": 339997000,
      "rd": null,
      "sga": 145848000,
      "fcf": -61806000,
      "ocf": -46441000,
      "capex": -15365000,
      "gross_margin": 0.3665800985162939,
      "op_margin": 0.09486291927178425,
      "fcf_margin": -0.11514557608185348,
      "incr_op_margin_yoy": 0.09698605850592312,
      "rev_growth_yoy": 0.16104778179143864,
      "rev_growth_yoy_accel": 0.12771734993205408,
      "fcf_margin_change": -0.14817502838434413
    },
    {
      "date": "2022-12-31T00:00:00",
      "quarter_label": "2022-12 (Q4)",
      "revenue": 507927000,
      "gross_profit": 186897000,
      "operating_income": 36500000,
      "net_income": 19690000,
      "opex": 150397000,
      "cogs": 321030000,
      "rd": null,
      "sga": 150397000,
      "fcf": -166731000,
      "ocf": -156294000,
      "capex": -10437000,
      "gross_margin": 0.36796035650792336,
      "op_margin": 0.07186072014285518,
      "fcf_margin": -0.3282578008257092,
      "incr_op_margin_yoy": -0.30372346463843797,
      "rev_growth_yoy": 0.07454341208104237,
      "rev_growth_yoy_accel": -0.08650436971039627,
      "fcf_margin_change": -0.21311222474385572
    },
    {
      "date": "2023-03-31T00:00:00",
      "quarter_label": "2023-03 (Q1)",
      "revenue": 570340000,
      "gross_profit": 200909000,
      "operating_income": 55405000,
      "net_income": 30035000,
      "opex": 145504000,
      "cogs": 369431000,
      "rd": null,
      "sga": 145504000,
      "fcf": -109696000,
      "ocf": -94228000,
      "capex": -15468000,
      "gross_margin": 0.3522618087456605,
      "op_margin": 0.0971438089560613,
      "fcf_margin": -0.19233439702633517,
      "incr_op_margin_yoy": 0.41185937735754163,
      "rev_growth_yoy": -0.06517883777573077,
      "rev_growth_yoy_accel": -0.13972224985677315,
      "op_leverage_ratio": Infinity,
      "fcf_margin_change": 0.13592340379937404
    },
    {
      "date": "2023-06-30T00:00:00",
      "quarter_label": "2023-06 (Q2)",
      "revenue": 721844000,
      "gross_profit": 243808000,
      "operating_income": 74581000,
      "net_income": 44416000,
      "opex": 169227000,
      "cogs": 478036000,
      "rd": null,
      "sga": 169227000,
      "fcf": 30721000,
      "ocf": 53585000,
      "capex": -22864000,
      "gross_margin": 0.33775718853381065,
      "op_margin": 0.10332010794576113,
      "fcf_margin": 0.04255905708158549,
      "incr_op_margin_yoy": -0.6220614285285375,
      "rev_growth_yoy": 0.04837358050475138,
      "rev_growth_yoy_accel": 0.11355241828048215,
      "op_leverage_ratio": 1.6292794941669873,
      "fcf_margin_change": 0.23489345410792067
    },
    {
      "date": "2023-09-30T00:00:00",
      "quarter_label": "2023-09 (Q3)",
      "revenue": 594595000,
      "gross_profit": 203715000,
      "operating_income": 34316000,
      "net_income": 15141000,
      "opex": 169399000,
      "cogs": 390880000,
      "rd": null,
      "sga": 169399000,
      "fcf": -41937000,
      "ocf": -25298000,
      "capex": -16639000,
      "gross_margin": 0.3426113573104382,
      "op_margin": 0.057713233377340876,
      "fcf_margin": -0.07053036100202659,
      "incr_op_margin_yoy": -0.2870951565769224,
      "rev_growth_yoy": 0.10774008689107317,
      "rev_growth_yoy_accel": 0.05936650638632179,
      "fcf_margin_change": -0.11308941808361209
    },
    {
      "date": "2023-12-31T00:00:00",
      "quarter_label": "2023-12 (Q4)",
      "revenue": 527274000,
      "gross_profit": 175481000,
      "operating_income": 18999000,
      "net_income": 930000,
      "opex": 156482000,
      "cogs": 351793000,
      "rd": null,
      "sga": 156482000,
      "fcf": -102424000,
      "ocf": -89095000,
      "capex": -13329000,
      "gross_margin": 0.3328079897738178,
      "op_margin": 0.036032499231898406,
      "fcf_margin": -0.1942519449090985,
      "incr_op_margin_yoy": -0.9045846901328372,
      "rev_growth_yoy": 0.0380901192494197,
      "rev_growth_yoy_accel": -0.06964996764165347,
      "fcf_margin_change": -0.12372158390707191
    },
    {
      "date": "2024-03-31T00:00:00",
      "quarter_label": "2024-03 (Q1)",
      "revenue": 582892000,
      "gross_profit": 190421000,
      "operating_income": 21401000,
      "net_income": 1587000,
      "opex": 169020000,
      "cogs": 392471000,
      "rd": null,
      "sga": 169020000,
      "fcf": -37266000,
      "ocf": -22087000,
      "capex": -15179000,
      "gross_margin": 0.3266831591444041,
      "op_margin": 0.03671520624746952,
      "fcf_margin": -0.06393294126527728,
      "incr_op_margin_yoy": -2.7090503505417463,
      "rev_growth_yoy": 0.022007925097310376,
      "rev_growth_yoy_accel": -0.016082194152109323,
      "op_leverage_ratio": 1.3164826314372686,
      "fcf_margin_change": 0.1303190036438212
    },
    {
      "date": "2024-06-30T00:00:00",
      "quarter_label": "2024-06 (Q2)",
      "revenue": 757720000,
      "gross_profit": 242099000,
      "operating_income": 61027000,
      "net_income": 31550000,
      "opex": 181072000,
      "cogs": 515621000,
      "rd": null,
      "sga": 181072000,
      "fcf": 71130000,
      "ocf": 86304000,
      "capex": -15174000,
      "gross_margin": 0.31950984532545,
      "op_margin": 0.08054030512590403,
      "fcf_margin": 0.09387372644248534,
      "incr_op_margin_yoy": -0.37780131564276953,
      "rev_growth_yoy": 0.049700489302397746,
      "rev_growth_yoy_accel": 0.02769256420508737,
      "op_leverage_ratio": 4.20631573755935,
      "fcf_margin_change": 0.15780666770776264
    },
    {
      "date": "2024-09-30T00:00:00",
      "quarter_label": "2024-09 (Q3)",
      "revenue": 563122000,
      "gross_profit": 193195000,
      "operating_income": 26799000,
      "net_income": 3999000,
      "opex": 166396000,
      "cogs": 369927000,
      "rd": null,
      "sga": 166396000,
      "fcf": -17523000,
      "ocf": -782000,
      "capex": -16741000,
      "gross_margin": 0.3430784092967421,
      "op_margin": 0.04759004265505521,
      "fcf_margin": -0.031117590859529552,
      "incr_op_margin_yoy": 0.2388396403266292,
      "rev_growth_yoy": -0.052931827546481215,
      "rev_growth_yoy_accel": -0.10263231684887897,
      "fcf_margin_change": -0.1249913173020149
    },
    {
      "date": "2024-12-31T00:00:00",
      "quarter_label": "2024-12 (Q4)",
      "revenue": 468461000,
      "gross_profit": 169654000,
      "operating_income": 38972000,
      "net_income": 18066000,
      "opex": 130682000,
      "cogs": 298807000,
      "rd": null,
      "sga": 130682000,
      "fcf": -164397000,
      "ocf": -146081000,
      "capex": -18316000,
      "gross_margin": 0.3621518119971566,
      "op_margin": 0.08319155703463042,
      "fcf_margin": -0.35092996001801646,
      "incr_op_margin_yoy": -0.33960178872018093,
      "rev_growth_yoy": -0.11154162731331338,
      "rev_growth_yoy_accel": -0.058609799766832164,
      "fcf_margin_change": -0.31981236915848693
    },
    {
      "date": "2025-03-31T00:00:00",
      "quarter_label": "2025-03 (Q1)",
      "revenue": 631515000,
      "gross_profit": 189511000,
      "operating_income": 22741000,
      "net_income": 3300000,
      "opex": 166770000,
      "cogs": 442004000,
      "rd": null,
      "sga": 166770000,
      "fcf": 59839000,
      "ocf": 72498000,
      "capex": -12659000,
      "gross_margin": 0.3000894673919068,
      "op_margin": 0.03601022936905695,
      "fcf_margin": 0.09475467724440433,
      "incr_op_margin_yoy": 0.027558974148036937,
      "rev_growth_yoy": 0.08341682507222607,
      "rev_growth_yoy_accel": 0.19495845238553944,
      "op_leverage_ratio": 1.2604074876041829,
      "fcf_margin_change": 0.4456846372624208
    },
    {
      "date": "2025-06-30T00:00:00",
      "quarter_label": "2025-06 (Q2)",
      "revenue": 657159000,
      "gross_profit": 199621000,
      "operating_income": -41540000,
      "net_income": -52146000,
      "opex": 241161000,
      "cogs": 457538000,
      "rd": null,
      "sga": 172106000,
      "fcf": 68498000,
      "ocf": 84937000,
      "capex": -16439000,
      "gross_margin": 0.30376362493703957,
      "op_margin": -0.06321149067425083,
      "fcf_margin": 0.10423352643728534,
      "incr_op_margin_yoy": 1.0199480912083214,
      "rev_growth_yoy": -0.13271525101620651,
      "rev_growth_yoy_accel": -0.2161320760884326,
      "op_leverage_ratio": 0.09103316234299796,
      "fcf_margin_change": 0.009478849192881014
    },
    {
      "date": "2025-09-30T00:00:00",
      "quarter_label": "2025-09 (Q3)",
      "revenue": 552153000,
      "gross_profit": 191442000,
      "operating_income": 13844000,
      "net_income": -851000,
      "opex": 177598000,
      "cogs": 360711000,
      "rd": null,
      "sga": 177598000,
      "fcf": 48002000,
      "ocf": 61452000,
      "capex": -13450000,
      "gross_margin": 0.34671911589722415,
      "op_margin": 0.025072760629752985,
      "fcf_margin": 0.08693604852278264,
      "incr_op_margin_yoy": 1.1810557024341326,
      "rev_growth_yoy": -0.01947890510404495,
      "rev_growth_yoy_accel": 0.11323634591216156,
      "fcf_margin_change": -0.0172974779145027
    },
    {
      "date": "2025-12-31T00:00:00",
      "quarter_label": "2025-12 (Q4)",
      "revenue": 505178000,
      "gross_profit": 160470000,
      "operating_income": 4920000,
      "net_income": -7926000,
      "opex": 155550000,
      "cogs": 344708000,
      "rd": null,
      "sga": 155550000,
      "fcf": 8336000,
      "ocf": 16876000,
      "capex": -8540000,
      "gross_margin": 0.3176504123299114,
      "op_margin": 0.009739141451132076,
      "fcf_margin": 0.016501114458666054,
      "incr_op_margin_yoy": -0.9274178173598061,
      "rev_growth_yoy": 0.07837792260188148,
      "rev_growth_yoy_accel": 0.09785682770592644,
      "fcf_margin_change": -0.07043493406411658
    }
  ],
  "signals": [
    {
      "quarter": "2025-12 (Q4)",
      "signal": "YoY REVENUE GROWTH ACCELERATION",
      "detail": "YoY growth: +7.8% vs prior quarter YoY: -1.9% (accel: +9.8%)",
      "severity": "MEDIUM"
    },
    {
      "quarter": "2025-09 (Q3)",
      "signal": "YoY REVENUE GROWTH ACCELERATION",
      "detail": "YoY growth: -1.9% vs prior quarter YoY: -13.3% (accel: +11.3%)",
      "severity": "MEDIUM"
    },
    {
      "quarter": "2025-09 (Q3)",
      "signal": "INCREMENTAL MARGIN (YoY)",
      "detail": "YoY Incr OPM: +118.1% vs year-ago OPM: +4.8%",
      "severity": "HIGH"
    },
    {
      "quarter": "2025-09 (Q3)",
      "signal": "OP MARGIN TURNED POSITIVE (QoQ)",
      "detail": "Op margin: -6.3% -> +2.5%",
      "severity": "HIGH"
    },
    {
      "quarter": "2025-06 (Q2)",
      "signal": "YoY REVENUE GROWTH DECELERATION",
      "detail": "YoY growth: -13.3% vs prior quarter YoY: +8.3% (decel: -21.6%)",
      "severity": "WARNING"
    },
    {
      "quarter": "2025-03 (Q1)",
      "signal": "FCF TURNED POSITIVE",
      "detail": "FCF margin: -35.1% -> +9.5%",
      "severity": "HIGH"
    },
    {
      "quarter": "2025-03 (Q1)",
      "signal": "YoY REVENUE GROWTH ACCELERATION",
      "detail": "YoY growth: +8.3% vs prior quarter YoY: -11.2% (accel: +19.5%)",
      "severity": "HIGH"
    },
    {
      "quarter": "2024-12 (Q4)",
      "signal": "YoY REVENUE GROWTH DECELERATION",
      "detail": "YoY growth: -11.2% vs prior quarter YoY: -5.3% (decel: -5.9%)",
      "severity": "WARNING"
    },
    {
      "quarter": "2024-09 (Q3)",
      "signal": "GROSS MARGIN INFLECTION",
      "detail": "GM: +32.7% -> +32.0% -> +34.3% (reversal +2.4%)",
      "severity": "MEDIUM"
    },
    {
      "quarter": "2024-09 (Q3)",
      "signal": "YoY REVENUE GROWTH DECELERATION",
      "detail": "YoY growth: -5.3% vs prior quarter YoY: +5.0% (decel: -10.3%)",
      "severity": "WARNING"
    },
    {
      "quarter": "2024-09 (Q3)",
      "signal": "INCREMENTAL MARGIN (YoY)",
      "detail": "YoY Incr OPM: +23.9% vs year-ago OPM: +5.8%",
      "severity": "MEDIUM"
    },
    {
      "quarter": "2024-06 (Q2)",
      "signal": "FCF TURNED POSITIVE",
      "detail": "FCF margin: -6.4% -> +9.4%",
      "severity": "HIGH"
    },
    {
      "quarter": "2024-06 (Q2)",
      "signal": "OPERATING LEVERAGE",
      "detail": "Rev growth +30.0% vs OpEx growth +7.1% (leverage: 4.2x)",
      "severity": "MEDIUM"
    },
    {
      "quarter": "2024-03 (Q1)",
      "signal": "FCF MARGIN EXPANSION",
      "detail": "FCF margin: -19.4% -> -6.4% (+13.0%)",
      "severity": "MEDIUM"
    },
    {
      "quarter": "2023-12 (Q4)",
      "signal": "YoY REVENUE GROWTH DECELERATION",
      "detail": "YoY growth: +3.8% vs prior quarter YoY: +10.8% (decel: -7.0%)",
      "severity": "WARNING"
    },
    {
      "quarter": "2023-09 (Q3)",
      "signal": "YoY REVENUE GROWTH ACCELERATION",
      "detail": "YoY growth: +10.8% vs prior quarter YoY: +4.8% (accel: +5.9%)",
      "severity": "MEDIUM"
    },
    {
      "quarter": "2023-06 (Q2)",
      "signal": "FCF TURNED POSITIVE",
      "detail": "FCF margin: -19.2% -> +4.3%",
      "severity": "HIGH"
    },
    {
      "quarter": "2023-06 (Q2)",
      "signal": "OPERATING LEVERAGE",
      "detail": "Rev growth +26.6% vs OpEx growth +16.3% (leverage: 1.6x)",
      "severity": "MEDIUM"
    },
    {
      "quarter": "2023-06 (Q2)",
      "signal": "YoY REVENUE GROWTH ACCELERATION",
      "detail": "YoY growth: +4.8% vs prior quarter YoY: -6.5% (accel: +11.4%)",
      "severity": "MEDIUM"
    },
    {
      "quarter": "2023-03 (Q1)",
      "signal": "FCF MARGIN EXPANSION",
      "detail": "FCF margin: -32.8% -> -19.2% (+13.6%)",
      "severity": "MEDIUM"
    },
    {
      "quarter": "2023-03 (Q1)",
      "signal": "YoY REVENUE GROWTH DECELERATION",
      "detail": "YoY growth: -6.5% vs prior quarter YoY: +7.5% (decel: -14.0%)",
      "severity": "WARNING"
    },
    {
      "quarter": "2023-03 (Q1)",
      "signal": "INCREMENTAL MARGIN (YoY)",
      "detail": "YoY Incr OPM: +41.2% vs year-ago OPM: +11.8%",
      "severity": "HIGH"
    },
    {
      "quarter": "2022-12 (Q4)",
      "signal": "YoY REVENUE GROWTH DECELERATION",
      "detail": "YoY growth: +7.5% vs prior quarter YoY: +16.1% (decel: -8.7%)",
      "severity": "WARNING"
    },
    {
      "quarter": "2022-09 (Q3)",
      "signal": "YoY REVENUE GROWTH ACCELERATION",
      "detail": "YoY growth: +16.1% vs prior quarter YoY: +3.3% (accel: +12.8%)",
      "severity": "MEDIUM"
    },
    {
      "quarter": "2022-06 (Q2)",
      "signal": "OPERATING LEVERAGE",
      "detail": "Rev growth +12.9% vs OpEx growth +5.7% (leverage: 2.2x)",
      "severity": "MEDIUM"
    },
    {
      "quarter": "2022-06 (Q2)",
      "signal": "YoY REVENUE GROWTH DECELERATION",
      "detail": "YoY growth: +3.3% vs prior quarter YoY: +16.6% (decel: -13.3%)",
      "severity": "WARNING"
    },
    {
      "quarter": "2022-06 (Q2)",
      "signal": "INCREMENTAL MARGIN (YoY)",
      "detail": "YoY Incr OPM: +64.8% vs year-ago OPM: +12.1%",
      "severity": "HIGH"
    },
    {
      "quarter": "2022-03 (Q1)",
      "signal": "FCF TURNED POSITIVE",
      "detail": "FCF margin: -3.3% -> +12.0%",
      "severity": "HIGH"
    },
    {
      "quarter": "2022-03 (Q1)",
      "signal": "OPERATING LEVERAGE",
      "detail": "Rev growth +29.1% vs OpEx growth +11.3% (leverage: 2.6x)",
      "severity": "MEDIUM"
    },
    {
      "quarter": "2022-03 (Q1)",
      "signal": "INCREMENTAL MARGIN (YoY)",
      "detail": "YoY Incr OPM: +21.7% vs year-ago OPM: +10.1%",
      "severity": "MEDIUM"
    }
  ],
  "data_quality": {
    "n_quarters": 20,
    "coverage": {
      "revenue": [
        20,
        20
      ],
      "gross_profit": [
        20,
        20
      ],
      "op_income": [
        20,
        20
      ],
      "fcf": [
        20,
        20
      ]
    },
    "gaps": [],
    "warnings": []
  },
  "market_cap": null,
  "source": "SEC EDGAR",
  "last_updated": "2026-02-02T22:18:51.228784"
}