{
  "ticker": "IART",
  "name": "INTEGRA LIFESCIENCES HOLDINGS CORP",
  "quarters": [
    {
      "date": "2020-12-31T00:00:00",
      "quarter_label": "2020-12 (Q4)",
      "revenue": 388647000,
      "gross_profit": 241578000,
      "operating_income": 52645000,
      "net_income": 92744000,
      "opex": 336002000,
      "cogs": 147069000,
      "rd": null,
      "sga": 162390000,
      "fcf": 71835000,
      "ocf": 80262000,
      "capex": -8427000,
      "gross_margin": 0.6215871986661418,
      "op_margin": 0.1354571114661891,
      "fcf_margin": 0.18483353788913848
    },
    {
      "date": "2021-03-31T00:00:00",
      "quarter_label": "2021-03 (Q1)",
      "revenue": 360071000,
      "gross_profit": 214248000,
      "operating_income": 30714000,
      "net_income": 45394000,
      "opex": 329357000,
      "cogs": 145823000,
      "rd": null,
      "sga": 156633000,
      "fcf": 62406000,
      "ocf": 69081000,
      "capex": -6675000,
      "gross_margin": 0.5950159829589164,
      "op_margin": 0.0852998436419484,
      "fcf_margin": 0.1733158182691747,
      "fcf_margin_change": -0.011517719619963784
    },
    {
      "date": "2021-06-30T00:00:00",
      "quarter_label": "2021-06 (Q2)",
      "revenue": 389992000,
      "gross_profit": 238725000,
      "operating_income": 51854000,
      "net_income": 35068000,
      "opex": 338138000,
      "cogs": 151267000,
      "rd": null,
      "sga": 162552000,
      "fcf": 84656000,
      "ocf": 91290000,
      "capex": -6634000,
      "gross_margin": 0.612127941085971,
      "op_margin": 0.13296170177849803,
      "fcf_margin": 0.2170711194075776,
      "op_leverage_ratio": 3.1168139595022506,
      "fcf_margin_change": 0.0437553011384029
    },
    {
      "date": "2021-09-30T00:00:00",
      "quarter_label": "2021-09 (Q3)",
      "revenue": 386861000,
      "gross_profit": 242393000,
      "operating_income": 56439000,
      "net_income": 43229000,
      "opex": 330422000,
      "cogs": 144468000,
      "rd": null,
      "sga": 156010000,
      "fcf": 75493000,
      "ocf": 82779000,
      "capex": -7286000,
      "gross_margin": 0.6265635460798581,
      "op_margin": 0.14588960892930536,
      "fcf_margin": 0.19514244134198072,
      "fcf_margin_change": -0.02192867806559687
    },
    {
      "date": "2021-12-31T00:00:00",
      "quarter_label": "2021-12 (Q4)",
      "revenue": 405524000,
      "gross_profit": 249274000,
      "operating_income": 58223000,
      "net_income": 45384000,
      "opex": 347301000,
      "cogs": 156250000,
      "rd": null,
      "sga": 162250000,
      "fcf": 41850000,
      "ocf": 69277000,
      "capex": -27427000,
      "gross_margin": 0.6146960475828804,
      "op_margin": 0.1435747329381245,
      "fcf_margin": 0.1031998106154013,
      "incr_op_margin_yoy": 0.33050897671387097,
      "rev_growth_yoy": 0.04342501035644171,
      "op_leverage_ratio": 0.9443842780112788,
      "fcf_margin_change": -0.09194263072657942
    },
    {
      "date": "2022-03-31T00:00:00",
      "quarter_label": "2022-03 (Q1)",
      "revenue": 376638000,
      "gross_profit": 234069000,
      "operating_income": 46164000,
      "net_income": 32901000,
      "opex": 330474000,
      "cogs": 142569000,
      "rd": null,
      "sga": 159926000,
      "fcf": 35019000,
      "ocf": 44344000,
      "capex": -9325000,
      "gross_margin": 0.6214694215665971,
      "op_margin": 0.12256862026667516,
      "fcf_margin": 0.09297787265225495,
      "incr_op_margin_yoy": 0.932576809319732,
      "rev_growth_yoy": 0.046010370176992874,
      "rev_growth_yoy_accel": 0.002585359820551164,
      "fcf_margin_change": -0.010221937963146355
    },
    {
      "date": "2022-06-30T00:00:00",
      "quarter_label": "2022-06 (Q2)",
      "revenue": 397815000,
      "gross_profit": 249411000,
      "operating_income": 59867000,
      "net_income": 44788000,
      "opex": 337948000,
      "cogs": 148404000,
      "rd": null,
      "sga": 160651000,
      "fcf": 57071000,
      "ocf": 66478000,
      "capex": -9407000,
      "gross_margin": 0.6269522265374609,
      "op_margin": 0.15048954916229906,
      "fcf_margin": 0.14346115656775135,
      "incr_op_margin_yoy": 1.0242873577911287,
      "rev_growth_yoy": 0.02005938583355556,
      "rev_growth_yoy_accel": -0.025950984343437313,
      "op_leverage_ratio": 2.4861338411309366,
      "fcf_margin_change": 0.050483283915496405
    },
    {
      "date": "2022-09-30T00:00:00",
      "quarter_label": "2022-09 (Q3)",
      "revenue": 385191000,
      "gross_profit": 236746000,
      "operating_income": 65049000,
      "net_income": 49915000,
      "opex": 320142000,
      "cogs": 148445000,
      "rd": null,
      "sga": 143820000,
      "fcf": 59158000,
      "ocf": 68313000,
      "capex": -9155000,
      "gross_margin": 0.6146197600670836,
      "op_margin": 0.16887466218058053,
      "fcf_margin": 0.15358095074910888,
      "incr_op_margin_yoy": -5.155688622754491,
      "rev_growth_yoy": -0.004316795955136341,
      "rev_growth_yoy_accel": -0.0243761817886919,
      "fcf_margin_change": 0.010119794181357528
    },
    {
      "date": "2022-12-31T00:00:00",
      "quarter_label": "2022-12 (Q4)",
      "revenue": 398022000,
      "gross_profit": 250085000,
      "operating_income": 67840000,
      "net_income": 52946000,
      "opex": 330182000,
      "cogs": 147937000,
      "rd": null,
      "sga": 151919000,
      "fcf": 70878000,
      "ocf": 85334000,
      "capex": -14456000,
      "gross_margin": 0.6283195401259227,
      "op_margin": 0.17044283984302375,
      "fcf_margin": 0.17807558376170163,
      "incr_op_margin_yoy": -1.2819248200479871,
      "rev_growth_yoy": -0.018499521606612678,
      "rev_growth_yoy_accel": -0.014182725651476338,
      "op_leverage_ratio": 1.0621682479642403,
      "fcf_margin_change": 0.024494633012592748
    },
    {
      "date": "2023-03-31T00:00:00",
      "quarter_label": "2023-03 (Q1)",
      "revenue": 380846000,
      "gross_profit": 232871000,
      "operating_income": 36382000,
      "net_income": 24226000,
      "opex": 344464000,
      "cogs": 147975000,
      "rd": null,
      "sga": 166657000,
      "fcf": 12452000,
      "ocf": 26156000,
      "capex": -13704000,
      "gross_margin": 0.6114571244019893,
      "op_margin": 0.09552942659237593,
      "fcf_margin": 0.032695630254748635,
      "incr_op_margin_yoy": -2.324619771863118,
      "rev_growth_yoy": 0.011172531714803074,
      "rev_growth_yoy_accel": 0.029672053321415752,
      "fcf_margin_change": -0.14537995350695299
    },
    {
      "date": "2023-06-30T00:00:00",
      "quarter_label": "2023-06 (Q2)",
      "revenue": 381267000,
      "gross_profit": 207026000,
      "operating_income": 12504000,
      "net_income": 4184000,
      "opex": 368763000,
      "cogs": 174241000,
      "rd": null,
      "sga": 164908000,
      "fcf": 12731000,
      "ocf": 28279000,
      "capex": -15548000,
      "gross_margin": 0.5429948041661093,
      "op_margin": 0.03279591467396863,
      "fcf_margin": 0.0333912979617958,
      "incr_op_margin_yoy": 2.8621585690113607,
      "rev_growth_yoy": -0.04159722484069228,
      "rev_growth_yoy_accel": -0.05276975655549536,
      "fcf_margin_change": 0.0006956677070471678
    },
    {
      "date": "2023-09-30T00:00:00",
      "quarter_label": "2023-09 (Q3)",
      "revenue": 382421000,
      "gross_profit": 218345000,
      "operating_income": 26593000,
      "net_income": 19497000,
      "opex": 355828000,
      "cogs": 164076000,
      "rd": null,
      "sga": 161948000,
      "fcf": 13692000,
      "ocf": 26770000,
      "capex": -13078000,
      "gross_margin": 0.5709545239408924,
      "op_margin": 0.06953854521587464,
      "fcf_margin": 0.03580347313562801,
      "incr_op_margin_yoy": 13.88303249097473,
      "rev_growth_yoy": -0.007191237593817093,
      "rev_growth_yoy_accel": 0.034405987246875186,
      "fcf_margin_change": 0.002412175173832208
    },
    {
      "date": "2023-12-31T00:00:00",
      "quarter_label": "2023-12 (Q4)",
      "revenue": 397039000,
      "gross_profit": 226493000,
      "operating_income": 36047000,
      "net_income": 19834000,
      "opex": 360992000,
      "cogs": 170546000,
      "rd": null,
      "sga": 163128000,
      "fcf": 34215000,
      "ocf": 58750000,
      "capex": -24535000,
      "gross_margin": 0.5704552953236331,
      "op_margin": 0.09078956979037324,
      "fcf_margin": 0.08617541349842207,
      "rev_growth_yoy": -0.002469712729447116,
      "rev_growth_yoy_accel": 0.004721524864369977,
      "op_leverage_ratio": 2.6339050244063404,
      "fcf_margin_change": 0.05037194036279406
    },
    {
      "date": "2024-03-31T00:00:00",
      "quarter_label": "2024-03 (Q1)",
      "revenue": 368872000,
      "gross_profit": 206834000,
      "operating_income": 3964000,
      "net_income": -3281000,
      "opex": 364908000,
      "cogs": 162038000,
      "rd": null,
      "sga": 165798000,
      "fcf": 291000,
      "ocf": 15756000,
      "capex": -15465000,
      "gross_margin": 0.5607202498427639,
      "op_margin": 0.010746275130668633,
      "fcf_margin": 0.000788891539612657,
      "incr_op_margin_yoy": 2.707365959579088,
      "rev_growth_yoy": -0.031440529767937694,
      "rev_growth_yoy_accel": -0.028970817038490578,
      "fcf_margin_change": -0.08538652195880941
    },
    {
      "date": "2024-06-30T00:00:00",
      "quarter_label": "2024-06 (Q2)",
      "revenue": 418175000,
      "gross_profit": 225917000,
      "operating_income": -3029000,
      "net_income": -12402000,
      "opex": 421204000,
      "cogs": 192258000,
      "rd": null,
      "sga": 195472000,
      "fcf": 10694000,
      "ocf": 40401000,
      "capex": -29707000,
      "gross_margin": 0.5402451126920548,
      "op_margin": -0.00724337896813535,
      "fcf_margin": 0.025573025647157292,
      "incr_op_margin_yoy": -0.4208572667172429,
      "rev_growth_yoy": 0.09680355236618958,
      "rev_growth_yoy_accel": 0.12824408213412727,
      "op_leverage_ratio": 0.8663701932150178,
      "fcf_margin_change": 0.024784134107544636
    },
    {
      "date": "2024-09-30T00:00:00",
      "quarter_label": "2024-09 (Q3)",
      "revenue": 380834000,
      "gross_profit": 200238000,
      "operating_income": -8150000,
      "net_income": -10695000,
      "opex": 388984000,
      "cogs": 180596000,
      "rd": null,
      "sga": 177193000,
      "fcf": -7161000,
      "ocf": 22485000,
      "capex": -29646000,
      "gross_margin": 0.5257881386640899,
      "op_margin": -0.02140040017435418,
      "fcf_margin": -0.018803468177736232,
      "incr_op_margin_yoy": 21.892249527410208,
      "rev_growth_yoy": -0.004149876706561617,
      "rev_growth_yoy_accel": -0.10095342907275119,
      "fcf_margin_change": -0.044376493824893525
    },
    {
      "date": "2024-12-31T00:00:00",
      "quarter_label": "2024-12 (Q4)",
      "revenue": 442646000,
      "gross_profit": 249072000,
      "operating_income": 35627000,
      "net_income": 19435000,
      "opex": 407019000,
      "cogs": 193574000,
      "rd": null,
      "sga": 178520000,
      "fcf": 21140000,
      "ocf": 50740000,
      "capex": -29600000,
      "gross_margin": 0.5626889207176841,
      "op_margin": 0.08048643837287585,
      "fcf_margin": 0.04775825377389607,
      "incr_op_margin_yoy": -0.009209112636218125,
      "rev_growth_yoy": 0.11486780895579528,
      "rev_growth_yoy_accel": 0.11901768566235689,
      "op_leverage_ratio": 3.5006820923524913,
      "fcf_margin_change": 0.0665617219516323
    },
    {
      "date": "2025-03-31T00:00:00",
      "quarter_label": "2025-03 (Q1)",
      "revenue": 382653000,
      "gross_profit": 194432000,
      "operating_income": -15497000,
      "net_income": -25293000,
      "opex": 398150000,
      "cogs": 188221000,
      "rd": null,
      "sga": 181497000,
      "fcf": -40177000,
      "ocf": -11257000,
      "capex": -28920000,
      "gross_margin": 0.5081157079651799,
      "op_margin": -0.04049883314647997,
      "fcf_margin": -0.10499591013267895,
      "incr_op_margin_yoy": -1.4121616718670633,
      "rev_growth_yoy": 0.037359842980762975,
      "rev_growth_yoy_accel": -0.0775079659750323,
      "fcf_margin_change": -0.15275416390657504
    },
    {
      "date": "2025-06-30T00:00:00",
      "quarter_label": "2025-06 (Q2)",
      "revenue": 415605000,
      "gross_profit": 209332000,
      "operating_income": -512674000,
      "net_income": -484073000,
      "opex": 928279000,
      "cogs": 206273000,
      "rd": null,
      "sga": 179890000,
      "fcf": -11227000,
      "ocf": 8919000,
      "capex": -20146000,
      "gross_margin": 0.5036801770912285,
      "op_margin": -1.2335607126959494,
      "fcf_margin": -0.02701363073110285,
      "incr_op_margin_yoy": 198.3054474708171,
      "rev_growth_yoy": -0.006145752376397441,
      "rev_growth_yoy_accel": -0.04350559535716041,
      "op_leverage_ratio": 0.06467580070104222,
      "fcf_margin_change": 0.0779822794015761
    },
    {
      "date": "2025-09-30T00:00:00",
      "quarter_label": "2025-09 (Q3)",
      "revenue": 402062000,
      "gross_profit": 206991000,
      "operating_income": 11761000,
      "net_income": -5404000,
      "opex": 390301000,
      "cogs": 195071000,
      "rd": null,
      "sga": 169046000,
      "fcf": 25750000,
      "ocf": 40906000,
      "capex": -15156000,
      "gross_margin": 0.514823584422303,
      "op_margin": 0.02925170744810502,
      "fcf_margin": 0.06404484880441325,
      "incr_op_margin_yoy": 0.9379592990390051,
      "rev_growth_yoy": 0.05574082146026878,
      "rev_growth_yoy_accel": 0.061886573836666216,
      "fcf_margin_change": 0.0910584795355161
    }
  ],
  "signals": [
    {
      "quarter": "2025-09 (Q3)",
      "signal": "FCF TURNED POSITIVE",
      "detail": "FCF margin: -2.7% -> +6.4%",
      "severity": "HIGH"
    },
    {
      "quarter": "2025-09 (Q3)",
      "signal": "YoY REVENUE GROWTH ACCELERATION",
      "detail": "YoY growth: +5.6% vs prior quarter YoY: -0.6% (accel: +6.2%)",
      "severity": "MEDIUM"
    },
    {
      "quarter": "2025-09 (Q3)",
      "signal": "OP MARGIN TURNED POSITIVE (YoY)",
      "detail": "Op margin: -2.1% (year-ago) -> +2.9%",
      "severity": "HIGH"
    },
    {
      "quarter": "2025-09 (Q3)",
      "signal": "OP MARGIN TURNED POSITIVE (QoQ)",
      "detail": "Op margin: -123.4% -> +2.9%",
      "severity": "HIGH"
    },
    {
      "quarter": "2025-06 (Q2)",
      "signal": "FCF MARGIN EXPANSION",
      "detail": "FCF margin: -10.5% -> -2.7% (+7.8%)",
      "severity": "MEDIUM"
    },
    {
      "quarter": "2025-03 (Q1)",
      "signal": "YoY REVENUE GROWTH DECELERATION",
      "detail": "YoY growth: +3.7% vs prior quarter YoY: +11.5% (decel: -7.8%)",
      "severity": "WARNING"
    },
    {
      "quarter": "2024-12 (Q4)",
      "signal": "FCF TURNED POSITIVE",
      "detail": "FCF margin: -1.9% -> +4.8%",
      "severity": "HIGH"
    },
    {
      "quarter": "2024-12 (Q4)",
      "signal": "OPERATING LEVERAGE",
      "detail": "Rev growth +16.2% vs OpEx growth +4.6% (leverage: 3.5x)",
      "severity": "MEDIUM"
    },
    {
      "quarter": "2024-12 (Q4)",
      "signal": "GROSS MARGIN INFLECTION",
      "detail": "GM: +54.0% -> +52.6% -> +56.3% (reversal +3.7%)",
      "severity": "MEDIUM"
    },
    {
      "quarter": "2024-12 (Q4)",
      "signal": "YoY REVENUE GROWTH ACCELERATION",
      "detail": "YoY growth: +11.5% vs prior quarter YoY: -0.4% (accel: +11.9%)",
      "severity": "MEDIUM"
    },
    {
      "quarter": "2024-12 (Q4)",
      "signal": "OP MARGIN TURNED POSITIVE (QoQ)",
      "detail": "Op margin: -2.1% -> +8.0%",
      "severity": "HIGH"
    },
    {
      "quarter": "2024-09 (Q3)",
      "signal": "YoY REVENUE GROWTH DECELERATION",
      "detail": "YoY growth: -0.4% vs prior quarter YoY: +9.7% (decel: -10.1%)",
      "severity": "WARNING"
    },
    {
      "quarter": "2024-06 (Q2)",
      "signal": "YoY REVENUE GROWTH ACCELERATION",
      "detail": "YoY growth: +9.7% vs prior quarter YoY: -3.1% (accel: +12.8%)",
      "severity": "MEDIUM"
    },
    {
      "quarter": "2024-03 (Q1)",
      "signal": "INCREMENTAL MARGIN (YoY)",
      "detail": "YoY Incr OPM: +270.7% vs year-ago OPM: +9.6%",
      "severity": "HIGH"
    },
    {
      "quarter": "2023-12 (Q4)",
      "signal": "FCF MARGIN EXPANSION",
      "detail": "FCF margin: +3.6% -> +8.6% (+5.0%)",
      "severity": "MEDIUM"
    },
    {
      "quarter": "2023-12 (Q4)",
      "signal": "OPERATING LEVERAGE",
      "detail": "Rev growth +3.8% vs OpEx growth +1.5% (leverage: 2.6x)",
      "severity": "MEDIUM"
    },
    {
      "quarter": "2023-09 (Q3)",
      "signal": "GROSS MARGIN INFLECTION",
      "detail": "GM: +61.1% -> +54.3% -> +57.1% (reversal +2.8%)",
      "severity": "MEDIUM"
    },
    {
      "quarter": "2023-09 (Q3)",
      "signal": "INCREMENTAL MARGIN (YoY)",
      "detail": "YoY Incr OPM: +1388.3% vs year-ago OPM: +16.9%",
      "severity": "HIGH"
    },
    {
      "quarter": "2023-06 (Q2)",
      "signal": "YoY REVENUE GROWTH DECELERATION",
      "detail": "YoY growth: -4.2% vs prior quarter YoY: +1.1% (decel: -5.3%)",
      "severity": "WARNING"
    },
    {
      "quarter": "2023-06 (Q2)",
      "signal": "INCREMENTAL MARGIN (YoY)",
      "detail": "YoY Incr OPM: +286.2% vs year-ago OPM: +15.0%",
      "severity": "HIGH"
    },
    {
      "quarter": "2022-06 (Q2)",
      "signal": "FCF MARGIN EXPANSION",
      "detail": "FCF margin: +9.3% -> +14.3% (+5.0%)",
      "severity": "MEDIUM"
    },
    {
      "quarter": "2022-06 (Q2)",
      "signal": "OPERATING LEVERAGE",
      "detail": "Rev growth +5.6% vs OpEx growth +2.3% (leverage: 2.5x)",
      "severity": "MEDIUM"
    },
    {
      "quarter": "2022-06 (Q2)",
      "signal": "INCREMENTAL MARGIN (YoY)",
      "detail": "YoY Incr OPM: +102.4% vs year-ago OPM: +13.3%",
      "severity": "HIGH"
    },
    {
      "quarter": "2022-03 (Q1)",
      "signal": "INCREMENTAL MARGIN (YoY)",
      "detail": "YoY Incr OPM: +93.3% vs year-ago OPM: +8.5%",
      "severity": "HIGH"
    },
    {
      "quarter": "2021-12 (Q4)",
      "signal": "INCREMENTAL MARGIN (YoY)",
      "detail": "YoY Incr OPM: +33.1% vs year-ago OPM: +13.5%",
      "severity": "MEDIUM"
    },
    {
      "quarter": "2021-06 (Q2)",
      "signal": "OPERATING LEVERAGE",
      "detail": "Rev growth +8.3% vs OpEx growth +2.7% (leverage: 3.1x)",
      "severity": "MEDIUM"
    }
  ],
  "data_quality": {
    "n_quarters": 20,
    "coverage": {
      "revenue": [
        20,
        20
      ],
      "gross_profit": [
        20,
        20
      ],
      "op_income": [
        20,
        20
      ],
      "fcf": [
        20,
        20
      ]
    },
    "gaps": [],
    "warnings": []
  },
  "market_cap": null,
  "source": "SEC EDGAR",
  "last_updated": "2026-02-02T22:06:10.459927",
  "sector": "Healthcare",
  "industry": "Medical Devices"
}