{
  "ticker": "IBRX",
  "name": "ImmunityBio, Inc.",
  "quarters": [
    {
      "date": "2020-12-31T00:00:00",
      "quarter_label": "2020-12 (Q4)",
      "revenue": 21000,
      "gross_profit": null,
      "operating_income": -30886000,
      "net_income": -32132000,
      "opex": 30907000,
      "cogs": null,
      "rd": 20256000,
      "sga": 10651000,
      "fcf": -56905000,
      "ocf": -57604000,
      "capex": 699000,
      "gross_margin": null,
      "op_margin": -1470.7619047619048,
      "fcf_margin": -2709.7619047619046
    },
    {
      "date": "2021-03-31T00:00:00",
      "quarter_label": "2021-03 (Q1)",
      "revenue": 139000,
      "gross_profit": null,
      "operating_income": -86264000,
      "net_income": -79614000,
      "opex": 86403000,
      "cogs": null,
      "rd": 41128000,
      "sga": 45275000,
      "fcf": -67552000,
      "ocf": -60469000,
      "capex": -7083000,
      "gross_margin": null,
      "op_margin": -620.6043165467626,
      "fcf_margin": -485.9856115107914,
      "op_leverage_ratio": 3.129376977834524,
      "fcf_margin_change": 2223.776293251113
    },
    {
      "date": "2021-06-30T00:00:00",
      "quarter_label": "2021-06 (Q2)",
      "revenue": 339000,
      "gross_profit": null,
      "operating_income": -85906000,
      "net_income": -88288000,
      "opex": 86245000,
      "cogs": null,
      "rd": 53800000,
      "sga": 32445000,
      "fcf": -77640000,
      "ocf": -69595000,
      "capex": -8045000,
      "gross_margin": null,
      "op_margin": -253.41002949852506,
      "fcf_margin": -229.02654867256638,
      "op_leverage_ratio": Infinity,
      "fcf_margin_change": 256.959062838225
    },
    {
      "date": "2021-09-30T00:00:00",
      "quarter_label": "2021-09 (Q3)",
      "revenue": 66000,
      "gross_profit": null,
      "operating_income": -78836000,
      "net_income": -87629000,
      "opex": 78902000,
      "cogs": null,
      "rd": 49277000,
      "sga": 29625000,
      "fcf": -80748000,
      "ocf": -72716000,
      "capex": -8032000,
      "gross_margin": null,
      "op_margin": -1194.4848484848485,
      "fcf_margin": -1223.4545454545455,
      "fcf_margin_change": -994.4279967819791
    },
    {
      "date": "2021-12-31T00:00:00",
      "quarter_label": "2021-12 (Q4)",
      "revenue": 390000,
      "gross_profit": null,
      "operating_income": -79274000,
      "net_income": -91259000,
      "opex": 79664000,
      "cogs": null,
      "rd": 51753000,
      "sga": 27911000,
      "fcf": -82042000,
      "ocf": -71639000,
      "capex": -10403000,
      "gross_margin": null,
      "op_margin": -203.26666666666668,
      "fcf_margin": -210.36410256410255,
      "rev_growth_yoy": 17.571428571428573,
      "op_leverage_ratio": 508.31639226914814,
      "fcf_margin_change": 1013.090442890443
    },
    {
      "date": "2022-03-31T00:00:00",
      "quarter_label": "2022-03 (Q1)",
      "revenue": 14000,
      "gross_profit": null,
      "operating_income": -95972000,
      "net_income": -102826000,
      "opex": 95986000,
      "cogs": null,
      "rd": 55378000,
      "sga": 40608000,
      "fcf": -102277000,
      "ocf": -74930000,
      "capex": -27347000,
      "gross_margin": null,
      "op_margin": -6855.142857142857,
      "fcf_margin": -7305.5,
      "rev_growth_yoy": -0.8992805755395683,
      "rev_growth_yoy_accel": -18.47070914696814,
      "fcf_margin_change": -7095.135897435897
    },
    {
      "date": "2022-06-30T00:00:00",
      "quarter_label": "2022-06 (Q2)",
      "revenue": 35000,
      "gross_profit": null,
      "operating_income": -79622000,
      "net_income": -94588000,
      "opex": 79657000,
      "cogs": null,
      "rd": 63082000,
      "sga": 16575000,
      "fcf": -107201000,
      "ocf": -91252000,
      "capex": -15949000,
      "gross_margin": null,
      "op_margin": -2274.9142857142856,
      "fcf_margin": -3062.885714285714,
      "rev_growth_yoy": -0.8967551622418879,
      "rev_growth_yoy_accel": 0.0025254132976804122,
      "op_leverage_ratio": Infinity,
      "fcf_margin_change": 4242.614285714286
    },
    {
      "date": "2022-09-30T00:00:00",
      "quarter_label": "2022-09 (Q3)",
      "revenue": 118000,
      "gross_profit": null,
      "operating_income": -90804000,
      "net_income": -110938000,
      "opex": 90922000,
      "cogs": null,
      "rd": 71612000,
      "sga": 19310000,
      "fcf": -96535000,
      "ocf": -80600000,
      "capex": -15935000,
      "gross_margin": null,
      "op_margin": -769.5254237288135,
      "fcf_margin": -818.0932203389831,
      "rev_growth_yoy": 0.7878787878787878,
      "rev_growth_yoy_accel": 1.6846339501206757,
      "op_leverage_ratio": 16.768831399403968,
      "fcf_margin_change": 2244.792493946731
    },
    {
      "date": "2022-12-31T00:00:00",
      "quarter_label": "2022-12 (Q4)",
      "revenue": 73000,
      "gross_profit": null,
      "operating_income": -84900000,
      "net_income": -108215000,
      "opex": 84973000,
      "cogs": null,
      "rd": 58077000,
      "sga": 26215000,
      "fcf": -109658000,
      "ocf": -90727000,
      "capex": -18931000,
      "gross_margin": null,
      "op_margin": -1163.013698630137,
      "fcf_margin": -1502.164383561644,
      "rev_growth_yoy": -0.8128205128205128,
      "rev_growth_yoy_accel": -1.6006993006993007,
      "fcf_margin_change": -684.0711632226609
    },
    {
      "date": "2023-03-31T00:00:00",
      "quarter_label": "2023-03 (Q1)",
      "revenue": 360000,
      "gross_profit": null,
      "operating_income": -111580000,
      "net_income": -116343000,
      "opex": 111940000,
      "cogs": null,
      "rd": 79264000,
      "sga": 32676000,
      "fcf": -92738000,
      "ocf": -84310000,
      "capex": -8428000,
      "gross_margin": null,
      "op_margin": -309.94444444444446,
      "fcf_margin": -257.60555555555555,
      "rev_growth_yoy": 24.714285714285715,
      "rev_growth_yoy_accel": 25.527106227106227,
      "op_leverage_ratio": 12.388175603769396,
      "fcf_margin_change": 1244.5588280060883
    },
    {
      "date": "2023-06-30T00:00:00",
      "quarter_label": "2023-06 (Q2)",
      "revenue": 41000,
      "gross_profit": 41000,
      "operating_income": -85145000,
      "net_income": -137879000,
      "opex": 85186000,
      "cogs": 0,
      "rd": 53168000,
      "sga": 32018000,
      "fcf": -88299000,
      "ocf": -79773000,
      "capex": -8526000,
      "gross_margin": 1.0,
      "op_margin": -2076.7073170731705,
      "fcf_margin": -2153.6341463414633,
      "rev_growth_yoy": 0.17142857142857143,
      "rev_growth_yoy_accel": -24.542857142857144,
      "fcf_margin_change": -1896.0285907859077
    },
    {
      "date": "2023-09-30T00:00:00",
      "quarter_label": "2023-09 (Q3)",
      "revenue": 82000,
      "gross_profit": 82000,
      "operating_income": -80136000,
      "net_income": -95582000,
      "opex": 80218000,
      "cogs": 0,
      "rd": 48402000,
      "sga": 31816000,
      "fcf": -93078000,
      "ocf": -87403000,
      "capex": -5675000,
      "gross_margin": 1.0,
      "op_margin": -977.2682926829268,
      "fcf_margin": -1135.0975609756097,
      "rev_growth_yoy": -0.3050847457627119,
      "rev_growth_yoy_accel": -0.4765133171912833,
      "op_leverage_ratio": Infinity,
      "fcf_margin_change": 1018.5365853658536
    },
    {
      "date": "2023-12-31T00:00:00",
      "quarter_label": "2023-12 (Q4)",
      "revenue": 139000,
      "gross_profit": 139000,
      "operating_income": -85389000,
      "net_income": -233392000,
      "opex": 85528000,
      "cogs": 0,
      "rd": 51532000,
      "sga": 33110000,
      "fcf": -123226000,
      "ocf": -115271000,
      "capex": -7955000,
      "gross_margin": 1.0,
      "op_margin": -614.3093525179856,
      "fcf_margin": -886.5179856115108,
      "rev_growth_yoy": 0.9041095890410958,
      "rev_growth_yoy_accel": 1.2091943348038077,
      "op_leverage_ratio": 10.501185062698084,
      "fcf_margin_change": 248.5795753640989
    },
    {
      "date": "2024-03-31T00:00:00",
      "quarter_label": "2024-03 (Q1)",
      "revenue": 40000,
      "gross_profit": 40000,
      "operating_income": -95196000,
      "net_income": -134109000,
      "opex": 95236000,
      "cogs": 0,
      "rd": 53351000,
      "sga": 41885000,
      "fcf": -108243000,
      "ocf": -106982000,
      "capex": -1261000,
      "gross_margin": 1.0,
      "op_margin": -2379.9,
      "fcf_margin": -2706.075,
      "rev_growth_yoy": -0.8888888888888888,
      "rev_growth_yoy_accel": -1.7929984779299848,
      "fcf_margin_change": -1819.557014388489
    },
    {
      "date": "2024-06-30T00:00:00",
      "quarter_label": "2024-06 (Q2)",
      "revenue": 1047000,
      "gross_profit": 1047000,
      "operating_income": -99333000,
      "net_income": -134564000,
      "opex": 100380000,
      "cogs": 0,
      "rd": 51129000,
      "sga": 49251000,
      "fcf": -101071000,
      "ocf": -100347000,
      "capex": -724000,
      "gross_margin": 1.0,
      "op_margin": -94.87392550143267,
      "fcf_margin": -96.53390639923592,
      "incr_op_margin_yoy": -14.103379721669981,
      "rev_growth_yoy": 24.536585365853657,
      "rev_growth_yoy_accel": 25.425474254742547,
      "op_leverage_ratio": 466.08987169517883,
      "fcf_margin_change": 2609.541093600764
    },
    {
      "date": "2024-09-30T00:00:00",
      "quarter_label": "2024-09 (Q3)",
      "revenue": 6106000,
      "gross_profit": 6106000,
      "operating_income": -80253000,
      "net_income": -85729000,
      "opex": 86359000,
      "cogs": 0,
      "rd": 50443000,
      "sga": 35916000,
      "fcf": -101555000,
      "ocf": -98763000,
      "capex": -2792000,
      "gross_margin": 1.0,
      "op_margin": -13.143301670488045,
      "fcf_margin": -16.632001310186702,
      "incr_op_margin_yoy": -0.01942231075697211,
      "rev_growth_yoy": 73.46341463414635,
      "rev_growth_yoy_accel": 48.92682926829269,
      "op_leverage_ratio": Infinity,
      "fcf_margin_change": 79.90190508904922
    },
    {
      "date": "2024-12-31T00:00:00",
      "quarter_label": "2024-12 (Q4)",
      "revenue": 7552000,
      "gross_profit": 7552000,
      "operating_income": -69400000,
      "net_income": -59162000,
      "opex": 76952000,
      "cogs": 0,
      "rd": 35221000,
      "sga": 41731000,
      "fcf": -87255000,
      "ocf": -85144000,
      "capex": -2111000,
      "gross_margin": 1.0,
      "op_margin": -9.189618644067796,
      "fcf_margin": -11.553893008474576,
      "incr_op_margin_yoy": 2.156886550654256,
      "rev_growth_yoy": 53.330935251798564,
      "rev_growth_yoy_accel": -20.132479382347782,
      "op_leverage_ratio": Infinity,
      "fcf_margin_change": 5.078108301712126
    },
    {
      "date": "2025-03-31T00:00:00",
      "quarter_label": "2025-03 (Q1)",
      "revenue": 16517000,
      "gross_profit": 16459000,
      "operating_income": -64429000,
      "net_income": -129646000,
      "opex": 80946000,
      "cogs": 58000,
      "rd": null,
      "sga": null,
      "fcf": -87026000,
      "ocf": -85905000,
      "capex": -1121000,
      "gross_margin": 0.9964884664285282,
      "op_margin": -3.9007689047647878,
      "fcf_margin": -5.268874492946661,
      "incr_op_margin_yoy": 1.8672695272197608,
      "rev_growth_yoy": 411.925,
      "rev_growth_yoy_accel": 358.59406474820145,
      "op_leverage_ratio": 22.871790471724534,
      "fcf_margin_change": 6.2850185155279155
    },
    {
      "date": "2025-06-30T00:00:00",
      "quarter_label": "2025-06 (Q2)",
      "revenue": 26425000,
      "gross_profit": 26289000,
      "operating_income": -71285000,
      "net_income": -92555000,
      "opex": 97710000,
      "cogs": 136000,
      "rd": null,
      "sga": null,
      "fcf": -80827000,
      "ocf": -79746000,
      "capex": -1081000,
      "gross_margin": 0.9948533585619679,
      "op_margin": -2.69763481551561,
      "fcf_margin": -3.058732261116367,
      "incr_op_margin_yoy": 1.1052092363464419,
      "rev_growth_yoy": 24.23877745940783,
      "rev_growth_yoy_accel": -387.68622254059215,
      "op_leverage_ratio": 2.8964935760206107,
      "fcf_margin_change": 2.2101422318302935
    },
    {
      "date": "2025-09-30T00:00:00",
      "quarter_label": "2025-09 (Q3)",
      "revenue": 32061000,
      "gross_profit": 31884000,
      "operating_income": -55630000,
      "net_income": -67253000,
      "opex": 87691000,
      "cogs": 177000,
      "rd": null,
      "sga": null,
      "fcf": -69648000,
      "ocf": -68907000,
      "capex": -741000,
      "gross_margin": 0.9944792738841584,
      "op_margin": -1.735129908611709,
      "fcf_margin": -2.1723589407691586,
      "incr_op_margin_yoy": 0.9486804083991524,
      "rev_growth_yoy": 4.250736980019653,
      "rev_growth_yoy_accel": -19.98804047938818,
      "op_leverage_ratio": Infinity,
      "fcf_margin_change": 0.8863733203472086
    }
  ],
  "signals": [
    {
      "quarter": "2025-09 (Q3)",
      "signal": "FCF MARGIN EXPANSION",
      "detail": "FCF margin: -305.9% -> -217.2% (+88.6%)",
      "severity": "MEDIUM"
    },
    {
      "quarter": "2025-09 (Q3)",
      "signal": "YoY REVENUE GROWTH DECELERATION",
      "detail": "YoY growth: +425.1% vs prior quarter YoY: +2423.9% (decel: -1998.8%)",
      "severity": "WARNING"
    },
    {
      "quarter": "2025-06 (Q2)",
      "signal": "FCF MARGIN EXPANSION",
      "detail": "FCF margin: -526.9% -> -305.9% (+221.0%)",
      "severity": "MEDIUM"
    },
    {
      "quarter": "2025-06 (Q2)",
      "signal": "OPERATING LEVERAGE",
      "detail": "Rev growth +60.0% vs OpEx growth +20.7% (leverage: 2.9x)",
      "severity": "MEDIUM"
    },
    {
      "quarter": "2025-06 (Q2)",
      "signal": "YoY REVENUE GROWTH DECELERATION",
      "detail": "YoY growth: +2423.9% vs prior quarter YoY: +41192.5% (decel: -38768.6%)",
      "severity": "WARNING"
    },
    {
      "quarter": "2025-03 (Q1)",
      "signal": "FCF MARGIN EXPANSION",
      "detail": "FCF margin: -1155.4% -> -526.9% (+628.5%)",
      "severity": "MEDIUM"
    },
    {
      "quarter": "2025-03 (Q1)",
      "signal": "OPERATING LEVERAGE",
      "detail": "Rev growth +118.7% vs OpEx growth +5.2% (leverage: 22.9x)",
      "severity": "MEDIUM"
    },
    {
      "quarter": "2025-03 (Q1)",
      "signal": "YoY REVENUE GROWTH ACCELERATION",
      "detail": "YoY growth: +41192.5% vs prior quarter YoY: +5333.1% (accel: +35859.4%)",
      "severity": "HIGH"
    },
    {
      "quarter": "2024-12 (Q4)",
      "signal": "FCF MARGIN EXPANSION",
      "detail": "FCF margin: -1663.2% -> -1155.4% (+507.8%)",
      "severity": "MEDIUM"
    },
    {
      "quarter": "2024-12 (Q4)",
      "signal": "YoY REVENUE GROWTH DECELERATION",
      "detail": "YoY growth: +5333.1% vs prior quarter YoY: +7346.3% (decel: -2013.2%)",
      "severity": "WARNING"
    },
    {
      "quarter": "2024-09 (Q3)",
      "signal": "FCF MARGIN EXPANSION",
      "detail": "FCF margin: -9653.4% -> -1663.2% (+7990.2%)",
      "severity": "MEDIUM"
    },
    {
      "quarter": "2024-09 (Q3)",
      "signal": "YoY REVENUE GROWTH ACCELERATION",
      "detail": "YoY growth: +7346.3% vs prior quarter YoY: +2453.7% (accel: +4892.7%)",
      "severity": "HIGH"
    },
    {
      "quarter": "2024-06 (Q2)",
      "signal": "FCF MARGIN EXPANSION",
      "detail": "FCF margin: -270607.5% -> -9653.4% (+260954.1%)",
      "severity": "MEDIUM"
    },
    {
      "quarter": "2024-06 (Q2)",
      "signal": "OPERATING LEVERAGE",
      "detail": "Rev growth +2517.5% vs OpEx growth +5.4% (leverage: 466.1x)",
      "severity": "MEDIUM"
    },
    {
      "quarter": "2024-06 (Q2)",
      "signal": "YoY REVENUE GROWTH ACCELERATION",
      "detail": "YoY growth: +2453.7% vs prior quarter YoY: -88.9% (accel: +2542.5%)",
      "severity": "HIGH"
    },
    {
      "quarter": "2024-03 (Q1)",
      "signal": "YoY REVENUE GROWTH DECELERATION",
      "detail": "YoY growth: -88.9% vs prior quarter YoY: +90.4% (decel: -179.3%)",
      "severity": "WARNING"
    },
    {
      "quarter": "2023-12 (Q4)",
      "signal": "FCF MARGIN EXPANSION",
      "detail": "FCF margin: -113509.8% -> -88651.8% (+24858.0%)",
      "severity": "MEDIUM"
    },
    {
      "quarter": "2023-12 (Q4)",
      "signal": "OPERATING LEVERAGE",
      "detail": "Rev growth +69.5% vs OpEx growth +6.6% (leverage: 10.5x)",
      "severity": "MEDIUM"
    },
    {
      "quarter": "2023-12 (Q4)",
      "signal": "YoY REVENUE GROWTH ACCELERATION",
      "detail": "YoY growth: +90.4% vs prior quarter YoY: -30.5% (accel: +120.9%)",
      "severity": "HIGH"
    },
    {
      "quarter": "2023-09 (Q3)",
      "signal": "FCF MARGIN EXPANSION",
      "detail": "FCF margin: -215363.4% -> -113509.8% (+101853.7%)",
      "severity": "MEDIUM"
    },
    {
      "quarter": "2023-09 (Q3)",
      "signal": "YoY REVENUE GROWTH DECELERATION",
      "detail": "YoY growth: -30.5% vs prior quarter YoY: +17.1% (decel: -47.7%)",
      "severity": "WARNING"
    },
    {
      "quarter": "2023-06 (Q2)",
      "signal": "YoY REVENUE GROWTH DECELERATION",
      "detail": "YoY growth: +17.1% vs prior quarter YoY: +2471.4% (decel: -2454.3%)",
      "severity": "WARNING"
    },
    {
      "quarter": "2023-03 (Q1)",
      "signal": "FCF MARGIN EXPANSION",
      "detail": "FCF margin: -150216.4% -> -25760.6% (+124455.9%)",
      "severity": "MEDIUM"
    },
    {
      "quarter": "2023-03 (Q1)",
      "signal": "OPERATING LEVERAGE",
      "detail": "Rev growth +393.2% vs OpEx growth +31.7% (leverage: 12.4x)",
      "severity": "MEDIUM"
    },
    {
      "quarter": "2023-03 (Q1)",
      "signal": "YoY REVENUE GROWTH ACCELERATION",
      "detail": "YoY growth: +2471.4% vs prior quarter YoY: -81.3% (accel: +2552.7%)",
      "severity": "HIGH"
    },
    {
      "quarter": "2022-12 (Q4)",
      "signal": "YoY REVENUE GROWTH DECELERATION",
      "detail": "YoY growth: -81.3% vs prior quarter YoY: +78.8% (decel: -160.1%)",
      "severity": "WARNING"
    },
    {
      "quarter": "2022-09 (Q3)",
      "signal": "FCF MARGIN EXPANSION",
      "detail": "FCF margin: -306288.6% -> -81809.3% (+224479.2%)",
      "severity": "MEDIUM"
    },
    {
      "quarter": "2022-09 (Q3)",
      "signal": "OPERATING LEVERAGE",
      "detail": "Rev growth +237.1% vs OpEx growth +14.1% (leverage: 16.8x)",
      "severity": "MEDIUM"
    },
    {
      "quarter": "2022-09 (Q3)",
      "signal": "YoY REVENUE GROWTH ACCELERATION",
      "detail": "YoY growth: +78.8% vs prior quarter YoY: -89.7% (accel: +168.5%)",
      "severity": "HIGH"
    },
    {
      "quarter": "2022-06 (Q2)",
      "signal": "FCF MARGIN EXPANSION",
      "detail": "FCF margin: -730550.0% -> -306288.6% (+424261.4%)",
      "severity": "MEDIUM"
    },
    {
      "quarter": "2022-03 (Q1)",
      "signal": "YoY REVENUE GROWTH DECELERATION",
      "detail": "YoY growth: -89.9% vs prior quarter YoY: +1757.1% (decel: -1847.1%)",
      "severity": "WARNING"
    },
    {
      "quarter": "2021-12 (Q4)",
      "signal": "FCF MARGIN EXPANSION",
      "detail": "FCF margin: -122345.5% -> -21036.4% (+101309.0%)",
      "severity": "MEDIUM"
    },
    {
      "quarter": "2021-12 (Q4)",
      "signal": "OPERATING LEVERAGE",
      "detail": "Rev growth +490.9% vs OpEx growth +1.0% (leverage: 508.3x)",
      "severity": "MEDIUM"
    },
    {
      "quarter": "2021-06 (Q2)",
      "signal": "FCF MARGIN EXPANSION",
      "detail": "FCF margin: -48598.6% -> -22902.7% (+25695.9%)",
      "severity": "MEDIUM"
    },
    {
      "quarter": "2021-03 (Q1)",
      "signal": "FCF MARGIN EXPANSION",
      "detail": "FCF margin: -270976.2% -> -48598.6% (+222377.6%)",
      "severity": "MEDIUM"
    },
    {
      "quarter": "2021-03 (Q1)",
      "signal": "OPERATING LEVERAGE",
      "detail": "Rev growth +561.9% vs OpEx growth +179.6% (leverage: 3.1x)",
      "severity": "MEDIUM"
    }
  ],
  "data_quality": {
    "n_quarters": 20,
    "coverage": {
      "revenue": [
        20,
        20
      ],
      "gross_profit": [
        10,
        20
      ],
      "op_income": [
        20,
        20
      ],
      "fcf": [
        20,
        20
      ]
    },
    "gaps": [],
    "warnings": [
      "gross_profit: 10/20Q"
    ]
  },
  "market_cap": null,
  "source": "SEC EDGAR",
  "last_updated": "2026-02-02T20:57:23.239935",
  "sector": "Healthcare",
  "industry": "Biotechnology"
}