{
  "ticker": "ICCC",
  "name": "ImmuCell Corporation",
  "quarters": [
    {
      "date": "2020-12-31T00:00:00",
      "quarter_label": "2020-12 (Q4)",
      "revenue": 3743346,
      "gross_profit": 1621036,
      "operating_income": -634364,
      "net_income": 188830,
      "opex": 2255400,
      "cogs": 2122310,
      "rd": 1170429,
      "sga": null,
      "fcf": -128431,
      "ocf": 156248,
      "capex": -284679,
      "gross_margin": 0.43304466111334616,
      "op_margin": -0.16946443101973474,
      "fcf_margin": -0.03430914481322325
    },
    {
      "date": "2021-03-31T00:00:00",
      "quarter_label": "2021-03 (Q1)",
      "revenue": 4107146,
      "gross_profit": 1602188,
      "operating_income": -374625,
      "net_income": -441303,
      "opex": 1976813,
      "cogs": 2504958,
      "rd": 1031064,
      "sga": null,
      "fcf": -972862,
      "ocf": -623546,
      "capex": -349316,
      "gross_margin": 0.3900976493165814,
      "op_margin": -0.0912129736805071,
      "fcf_margin": -0.23687056656860994,
      "op_leverage_ratio": Infinity,
      "fcf_margin_change": -0.2025614217553867
    },
    {
      "date": "2021-06-30T00:00:00",
      "quarter_label": "2021-06 (Q2)",
      "revenue": 4541810,
      "gross_profit": 2074321,
      "operating_income": 215508,
      "net_income": 141113,
      "opex": 1858813,
      "cogs": 2467489,
      "rd": 1000107,
      "sga": null,
      "fcf": -148507,
      "ocf": 730832,
      "capex": -879339,
      "gross_margin": 0.45671681554270216,
      "op_margin": 0.04744980525385254,
      "fcf_margin": -0.032697757061612,
      "op_leverage_ratio": Infinity,
      "fcf_margin_change": 0.20417280950699795
    },
    {
      "date": "2021-09-30T00:00:00",
      "quarter_label": "2021-09 (Q3)",
      "revenue": 5150173,
      "gross_profit": 2418704,
      "operating_income": 271090,
      "net_income": 147764,
      "opex": 2147614,
      "cogs": 2731469,
      "rd": 1047498,
      "sga": null,
      "fcf": -416409,
      "ocf": 258991,
      "capex": -675400,
      "gross_margin": 0.46963548603124594,
      "op_margin": 0.05263706675484493,
      "fcf_margin": -0.08085340045858654,
      "op_leverage_ratio": 0.8621261913232828,
      "fcf_margin_change": -0.048155643396974535
    },
    {
      "date": "2021-12-31T00:00:00",
      "quarter_label": "2021-12 (Q4)",
      "revenue": 5443840,
      "gross_profit": 2560715,
      "operating_income": 145412,
      "net_income": 74134,
      "opex": 2415303,
      "cogs": 2883125,
      "rd": 1089848,
      "sga": null,
      "fcf": -116701,
      "ocf": 587893,
      "capex": -704594,
      "gross_margin": 0.47038763079003054,
      "op_margin": 0.02671129202915589,
      "fcf_margin": -0.021437257524100636,
      "incr_op_margin_yoy": 0.4585585129968115,
      "rev_growth_yoy": 0.45427112535149033,
      "op_leverage_ratio": 0.4574662193576981,
      "fcf_margin_change": 0.0594161429344859
    },
    {
      "date": "2022-03-31T00:00:00",
      "quarter_label": "2022-03 (Q1)",
      "revenue": 5999684,
      "gross_profit": 3103223,
      "operating_income": 792988,
      "net_income": 735666,
      "opex": 2310235,
      "cogs": 2896461,
      "rd": 1035935,
      "sga": null,
      "fcf": -168961,
      "ocf": 638535,
      "capex": -807496,
      "gross_margin": 0.5172310741699063,
      "op_margin": 0.13217162770572582,
      "fcf_margin": -0.028161649846891935,
      "incr_op_margin_yoy": 0.6169561720821458,
      "rev_growth_yoy": 0.4607915082638893,
      "rev_growth_yoy_accel": 0.006520382912398981,
      "op_leverage_ratio": Infinity,
      "fcf_margin_change": -0.0067243923227913
    },
    {
      "date": "2022-06-30T00:00:00",
      "quarter_label": "2022-06 (Q2)",
      "revenue": 3861372,
      "gross_profit": 1707328,
      "operating_income": -619007,
      "net_income": -684148,
      "opex": 2326335,
      "cogs": 2154044,
      "rd": 1138767,
      "sga": null,
      "fcf": -569832,
      "ocf": 373458,
      "capex": -943290,
      "gross_margin": 0.4421557933294176,
      "op_margin": -0.16030752799782047,
      "fcf_margin": -0.1475724172651586,
      "rev_growth_yoy": -0.1498164828559539,
      "rev_growth_yoy_accel": -0.6106079911198432,
      "fcf_margin_change": -0.11941076741826667
    },
    {
      "date": "2022-09-30T00:00:00",
      "quarter_label": "2022-09 (Q3)",
      "revenue": 4796025,
      "gross_profit": 1846051,
      "operating_income": -616790,
      "net_income": -655078,
      "opex": 2462841,
      "cogs": 2949974,
      "rd": 1269761,
      "sga": null,
      "fcf": -1992351,
      "ocf": -1258042,
      "capex": -734309,
      "gross_margin": 0.3849127141747593,
      "op_margin": -0.12860441719966015,
      "fcf_margin": -0.4154171423209846,
      "rev_growth_yoy": -0.06876429199562811,
      "rev_growth_yoy_accel": 0.08105219086032578,
      "op_leverage_ratio": 4.125050552125672,
      "fcf_margin_change": -0.267844725055826
    },
    {
      "date": "2022-12-31T00:00:00",
      "quarter_label": "2022-12 (Q4)",
      "revenue": 3910880,
      "gross_profit": 992176,
      "operating_income": -1633754,
      "net_income": -1667866,
      "opex": 2625930,
      "cogs": 2918704,
      "rd": 1049408,
      "sga": null,
      "fcf": -2788001,
      "ocf": -1297822,
      "capex": -1490179,
      "gross_margin": 0.2536963547846009,
      "op_margin": -0.41774587816552794,
      "fcf_margin": -0.7128832896943911,
      "incr_op_margin_yoy": 1.1606082350485336,
      "rev_growth_yoy": -0.2815953444627322,
      "rev_growth_yoy_accel": -0.2128310524671041,
      "fcf_margin_change": -0.2974661473734065
    },
    {
      "date": "2023-03-31T00:00:00",
      "quarter_label": "2023-03 (Q1)",
      "revenue": 3446527,
      "gross_profit": 300775,
      "operating_income": -2256039,
      "net_income": -2315053,
      "opex": 2556814,
      "cogs": 3145752,
      "rd": 1110368,
      "sga": null,
      "fcf": -3444151,
      "ocf": -2761985,
      "capex": -682166,
      "gross_margin": 0.08726901022391527,
      "op_margin": -0.6545832950097301,
      "fcf_margin": -0.9993106103622574,
      "incr_op_margin_yoy": 1.1942183735665295,
      "rev_growth_yoy": -0.4255485788918216,
      "rev_growth_yoy_accel": -0.14395323442908942,
      "fcf_margin_change": -0.28642732066786636
    },
    {
      "date": "2023-06-30T00:00:00",
      "quarter_label": "2023-06 (Q2)",
      "revenue": 3532681,
      "gross_profit": 1043888,
      "operating_income": -1304495,
      "net_income": -1379714,
      "opex": 2348383,
      "cogs": 2488793,
      "rd": 1099538,
      "sga": null,
      "fcf": -1389914,
      "ocf": -681426,
      "capex": -708488,
      "gross_margin": 0.29549455498529303,
      "op_margin": -0.36926487276943487,
      "fcf_margin": -0.39344452556004916,
      "rev_growth_yoy": -0.08512285270624016,
      "rev_growth_yoy_accel": 0.3404257261855815,
      "op_leverage_ratio": Infinity,
      "fcf_margin_change": 0.6058660848022083
    },
    {
      "date": "2023-09-30T00:00:00",
      "quarter_label": "2023-09 (Q3)",
      "revenue": 5396500,
      "gross_profit": 1266881,
      "operating_income": -1184046,
      "net_income": -940000,
      "opex": 2450927,
      "cogs": 4129619,
      "rd": 1118489,
      "sga": null,
      "fcf": -928269,
      "ocf": -507754,
      "capex": -420515,
      "gross_margin": 0.23475975169091076,
      "op_margin": -0.21940998795515612,
      "fcf_margin": -0.17201315667562309,
      "rev_growth_yoy": 0.12520264177104998,
      "rev_growth_yoy_accel": 0.21032549447729015,
      "op_leverage_ratio": 12.082532882259217,
      "fcf_margin_change": 0.22143136888442608
    },
    {
      "date": "2023-12-31T00:00:00",
      "quarter_label": "2023-12 (Q4)",
      "revenue": 5095961,
      "gross_profit": 1257740,
      "operating_income": -1003498,
      "net_income": -1139831,
      "opex": 2261238,
      "cogs": 0,
      "rd": 1066455,
      "sga": null,
      "fcf": -804415,
      "ocf": -723071,
      "capex": -81344,
      "gross_margin": 0.24681115102725473,
      "op_margin": -0.19692026685447553,
      "fcf_margin": -0.15785344511074556,
      "incr_op_margin_yoy": 0.5318252507634499,
      "rev_growth_yoy": 0.30302157059280777,
      "rev_growth_yoy_accel": 0.1778189288217578,
      "fcf_margin_change": 0.014159711564877525
    },
    {
      "date": "2024-03-31T00:00:00",
      "quarter_label": "2024-03 (Q1)",
      "revenue": 7257577,
      "gross_profit": 2295359,
      "operating_income": -300052,
      "net_income": -437868,
      "opex": 2595411,
      "cogs": 4962218,
      "rd": 1262550,
      "sga": null,
      "fcf": 348149,
      "ocf": 418505,
      "capex": -70356,
      "gross_margin": 0.3162707057741172,
      "op_margin": -0.04134327475960641,
      "fcf_margin": 0.04797041767521033,
      "incr_op_margin_yoy": 0.513240970336259,
      "rev_growth_yoy": 1.1057653109927763,
      "rev_growth_yoy_accel": 0.8027437403999685,
      "op_leverage_ratio": 2.8703005108007953,
      "fcf_margin_change": 0.20582386278595588
    },
    {
      "date": "2024-06-30T00:00:00",
      "quarter_label": "2024-06 (Q2)",
      "revenue": 5472890,
      "gross_profit": 1230486,
      "operating_income": -1386607,
      "net_income": -1531626,
      "opex": 2617093,
      "cogs": 4242404,
      "rd": 1030502,
      "sga": null,
      "fcf": 471039,
      "ocf": 581780,
      "capex": -110741,
      "gross_margin": 0.22483294931928105,
      "op_margin": -0.25335919413691854,
      "fcf_margin": 0.08606769001386835,
      "incr_op_margin_yoy": -0.04232121384861116,
      "rev_growth_yoy": 0.5492171526384635,
      "rev_growth_yoy_accel": -0.5565481583543128,
      "fcf_margin_change": 0.03809727233865802
    },
    {
      "date": "2024-09-30T00:00:00",
      "quarter_label": "2024-09 (Q3)",
      "revenue": 6011573,
      "gross_profit": 1583554,
      "operating_income": -574894,
      "net_income": -701690,
      "opex": 2158448,
      "cogs": 4428019,
      "rd": 786136,
      "sga": null,
      "fcf": -727743,
      "ocf": -639331,
      "capex": -88412,
      "gross_margin": 0.26341757806151567,
      "op_margin": -0.09563121000110952,
      "fcf_margin": -0.12105700122081192,
      "rev_growth_yoy": 0.11397628092282035,
      "rev_growth_yoy_accel": -0.43524087171564313,
      "op_leverage_ratio": Infinity,
      "fcf_margin_change": -0.20712469123468027
    },
    {
      "date": "2024-12-31T00:00:00",
      "quarter_label": "2024-12 (Q4)",
      "revenue": 7751129,
      "gross_profit": 2831646,
      "operating_income": 621395,
      "net_income": 514555,
      "opex": 2210251,
      "cogs": 4919483,
      "rd": 819393,
      "sga": null,
      "fcf": -199267,
      "ocf": -3051,
      "capex": -196216,
      "gross_margin": 0.36532045847772626,
      "op_margin": 0.08016832128584107,
      "fcf_margin": -0.025708125874308117,
      "incr_op_margin_yoy": 0.6119737056186275,
      "rev_growth_yoy": 0.5210338148192264,
      "rev_growth_yoy_accel": 0.40705753389640603,
      "op_leverage_ratio": 12.056936346680077,
      "fcf_margin_change": 0.0953488753465038
    },
    {
      "date": "2025-03-31T00:00:00",
      "quarter_label": "2025-03 (Q1)",
      "revenue": 8067174,
      "gross_profit": 3353972,
      "operating_income": 1117624,
      "net_income": 1446983,
      "opex": 2236348,
      "cogs": 4713202,
      "rd": 756847,
      "sga": null,
      "fcf": 1244786,
      "ocf": 1573836,
      "capex": -329050,
      "gross_margin": 0.41575550496369607,
      "op_margin": 0.13853971663435052,
      "fcf_margin": 0.15430260956315062,
      "rev_growth_yoy": 0.11155196837732483,
      "rev_growth_yoy_accel": -0.40948184644190155,
      "op_leverage_ratio": 3.4533052534317874,
      "fcf_margin_change": 0.18001073543745874
    },
    {
      "date": "2025-06-30T00:00:00",
      "quarter_label": "2025-06 (Q2)",
      "revenue": 6444880,
      "gross_profit": 2817924,
      "operating_income": 569562,
      "net_income": 501880,
      "opex": 2248362,
      "cogs": 3626956,
      "rd": 831858,
      "sga": null,
      "fcf": 1446339,
      "ocf": 1601498,
      "capex": -155159,
      "gross_margin": 0.4372345179429252,
      "op_margin": 0.08837433745857176,
      "fcf_margin": 0.22441674631645586,
      "rev_growth_yoy": 0.1776008653563291,
      "rev_growth_yoy_accel": 0.06604889697900428,
      "fcf_margin_change": 0.07011413675330525
    },
    {
      "date": "2025-09-30T00:00:00",
      "quarter_label": "2025-09 (Q3)",
      "revenue": 5506122,
      "gross_profit": 2363098,
      "operating_income": 20075,
      "net_income": -139748,
      "opex": 2343023,
      "cogs": 3143024,
      "rd": 694311,
      "sga": null,
      "fcf": -1776507,
      "ocf": -1182583,
      "capex": -593924,
      "gross_margin": 0.4291764693917062,
      "op_margin": 0.003645941735399252,
      "fcf_margin": -0.3226421426913534,
      "rev_growth_yoy": -0.08407965768693153,
      "rev_growth_yoy_accel": -0.2616805230432606,
      "fcf_margin_change": -0.5470588890078092
    }
  ],
  "signals": [
    {
      "quarter": "2025-09 (Q3)",
      "signal": "YoY REVENUE GROWTH DECELERATION",
      "detail": "YoY growth: -8.4% vs prior quarter YoY: +17.8% (decel: -26.2%)",
      "severity": "WARNING"
    },
    {
      "quarter": "2025-09 (Q3)",
      "signal": "OP MARGIN TURNED POSITIVE (YoY)",
      "detail": "Op margin: -9.6% (year-ago) -> +0.4%",
      "severity": "HIGH"
    },
    {
      "quarter": "2025-06 (Q2)",
      "signal": "FCF MARGIN EXPANSION",
      "detail": "FCF margin: +15.4% -> +22.4% (+7.0%)",
      "severity": "MEDIUM"
    },
    {
      "quarter": "2025-06 (Q2)",
      "signal": "YoY REVENUE GROWTH ACCELERATION",
      "detail": "YoY growth: +17.8% vs prior quarter YoY: +11.2% (accel: +6.6%)",
      "severity": "MEDIUM"
    },
    {
      "quarter": "2025-06 (Q2)",
      "signal": "OP MARGIN TURNED POSITIVE (YoY)",
      "detail": "Op margin: -25.3% (year-ago) -> +8.8%",
      "severity": "HIGH"
    },
    {
      "quarter": "2025-03 (Q1)",
      "signal": "FCF TURNED POSITIVE",
      "detail": "FCF margin: -2.6% -> +15.4%",
      "severity": "HIGH"
    },
    {
      "quarter": "2025-03 (Q1)",
      "signal": "OPERATING LEVERAGE",
      "detail": "Rev growth +4.1% vs OpEx growth +1.2% (leverage: 3.5x)",
      "severity": "MEDIUM"
    },
    {
      "quarter": "2025-03 (Q1)",
      "signal": "YoY REVENUE GROWTH DECELERATION",
      "detail": "YoY growth: +11.2% vs prior quarter YoY: +52.1% (decel: -40.9%)",
      "severity": "WARNING"
    },
    {
      "quarter": "2025-03 (Q1)",
      "signal": "OP MARGIN TURNED POSITIVE (YoY)",
      "detail": "Op margin: -4.1% (year-ago) -> +13.9%",
      "severity": "HIGH"
    },
    {
      "quarter": "2024-12 (Q4)",
      "signal": "FCF MARGIN EXPANSION",
      "detail": "FCF margin: -12.1% -> -2.6% (+9.5%)",
      "severity": "MEDIUM"
    },
    {
      "quarter": "2024-12 (Q4)",
      "signal": "OPERATING LEVERAGE",
      "detail": "Rev growth +28.9% vs OpEx growth +2.4% (leverage: 12.1x)",
      "severity": "MEDIUM"
    },
    {
      "quarter": "2024-12 (Q4)",
      "signal": "YoY REVENUE GROWTH ACCELERATION",
      "detail": "YoY growth: +52.1% vs prior quarter YoY: +11.4% (accel: +40.7%)",
      "severity": "HIGH"
    },
    {
      "quarter": "2024-12 (Q4)",
      "signal": "OP MARGIN TURNED POSITIVE (YoY)",
      "detail": "Op margin: -19.7% (year-ago) -> +8.0%",
      "severity": "HIGH"
    },
    {
      "quarter": "2024-12 (Q4)",
      "signal": "OP MARGIN TURNED POSITIVE (QoQ)",
      "detail": "Op margin: -9.6% -> +8.0%",
      "severity": "HIGH"
    },
    {
      "quarter": "2024-09 (Q3)",
      "signal": "GROSS MARGIN INFLECTION",
      "detail": "GM: +31.6% -> +22.5% -> +26.3% (reversal +3.9%)",
      "severity": "MEDIUM"
    },
    {
      "quarter": "2024-09 (Q3)",
      "signal": "YoY REVENUE GROWTH DECELERATION",
      "detail": "YoY growth: +11.4% vs prior quarter YoY: +54.9% (decel: -43.5%)",
      "severity": "WARNING"
    },
    {
      "quarter": "2024-06 (Q2)",
      "signal": "YoY REVENUE GROWTH DECELERATION",
      "detail": "YoY growth: +54.9% vs prior quarter YoY: +110.6% (decel: -55.7%)",
      "severity": "WARNING"
    },
    {
      "quarter": "2024-03 (Q1)",
      "signal": "FCF TURNED POSITIVE",
      "detail": "FCF margin: -15.8% -> +4.8%",
      "severity": "HIGH"
    },
    {
      "quarter": "2024-03 (Q1)",
      "signal": "OPERATING LEVERAGE",
      "detail": "Rev growth +42.4% vs OpEx growth +14.8% (leverage: 2.9x)",
      "severity": "MEDIUM"
    },
    {
      "quarter": "2024-03 (Q1)",
      "signal": "YoY REVENUE GROWTH ACCELERATION",
      "detail": "YoY growth: +110.6% vs prior quarter YoY: +30.3% (accel: +80.3%)",
      "severity": "HIGH"
    },
    {
      "quarter": "2023-12 (Q4)",
      "signal": "YoY REVENUE GROWTH ACCELERATION",
      "detail": "YoY growth: +30.3% vs prior quarter YoY: +12.5% (accel: +17.8%)",
      "severity": "HIGH"
    },
    {
      "quarter": "2023-09 (Q3)",
      "signal": "FCF MARGIN EXPANSION",
      "detail": "FCF margin: -39.3% -> -17.2% (+22.1%)",
      "severity": "MEDIUM"
    },
    {
      "quarter": "2023-09 (Q3)",
      "signal": "OPERATING LEVERAGE",
      "detail": "Rev growth +52.8% vs OpEx growth +4.4% (leverage: 12.1x)",
      "severity": "MEDIUM"
    },
    {
      "quarter": "2023-09 (Q3)",
      "signal": "YoY REVENUE GROWTH ACCELERATION",
      "detail": "YoY growth: +12.5% vs prior quarter YoY: -8.5% (accel: +21.0%)",
      "severity": "HIGH"
    },
    {
      "quarter": "2023-06 (Q2)",
      "signal": "FCF MARGIN EXPANSION",
      "detail": "FCF margin: -99.9% -> -39.3% (+60.6%)",
      "severity": "MEDIUM"
    },
    {
      "quarter": "2023-06 (Q2)",
      "signal": "GROSS MARGIN INFLECTION",
      "detail": "GM: +25.4% -> +8.7% -> +29.5% (reversal +20.8%)",
      "severity": "HIGH"
    },
    {
      "quarter": "2023-06 (Q2)",
      "signal": "YoY REVENUE GROWTH ACCELERATION",
      "detail": "YoY growth: -8.5% vs prior quarter YoY: -42.6% (accel: +34.0%)",
      "severity": "HIGH"
    },
    {
      "quarter": "2023-03 (Q1)",
      "signal": "YoY REVENUE GROWTH DECELERATION",
      "detail": "YoY growth: -42.6% vs prior quarter YoY: -28.2% (decel: -14.4%)",
      "severity": "WARNING"
    },
    {
      "quarter": "2022-12 (Q4)",
      "signal": "YoY REVENUE GROWTH DECELERATION",
      "detail": "YoY growth: -28.2% vs prior quarter YoY: -6.9% (decel: -21.3%)",
      "severity": "WARNING"
    },
    {
      "quarter": "2022-09 (Q3)",
      "signal": "OPERATING LEVERAGE",
      "detail": "Rev growth +24.2% vs OpEx growth +5.9% (leverage: 4.1x)",
      "severity": "MEDIUM"
    },
    {
      "quarter": "2022-09 (Q3)",
      "signal": "YoY REVENUE GROWTH ACCELERATION",
      "detail": "YoY growth: -6.9% vs prior quarter YoY: -15.0% (accel: +8.1%)",
      "severity": "MEDIUM"
    },
    {
      "quarter": "2022-06 (Q2)",
      "signal": "YoY REVENUE GROWTH DECELERATION",
      "detail": "YoY growth: -15.0% vs prior quarter YoY: +46.1% (decel: -61.1%)",
      "severity": "WARNING"
    },
    {
      "quarter": "2022-03 (Q1)",
      "signal": "OP MARGIN TURNED POSITIVE (YoY)",
      "detail": "Op margin: -9.1% (year-ago) -> +13.2%",
      "severity": "HIGH"
    },
    {
      "quarter": "2021-12 (Q4)",
      "signal": "FCF MARGIN EXPANSION",
      "detail": "FCF margin: -8.1% -> -2.1% (+5.9%)",
      "severity": "MEDIUM"
    },
    {
      "quarter": "2021-12 (Q4)",
      "signal": "OP MARGIN TURNED POSITIVE (YoY)",
      "detail": "Op margin: -16.9% (year-ago) -> +2.7%",
      "severity": "HIGH"
    },
    {
      "quarter": "2021-06 (Q2)",
      "signal": "FCF MARGIN EXPANSION",
      "detail": "FCF margin: -23.7% -> -3.3% (+20.4%)",
      "severity": "MEDIUM"
    },
    {
      "quarter": "2021-06 (Q2)",
      "signal": "GROSS MARGIN INFLECTION",
      "detail": "GM: +43.3% -> +39.0% -> +45.7% (reversal +6.7%)",
      "severity": "HIGH"
    },
    {
      "quarter": "2021-06 (Q2)",
      "signal": "OP MARGIN TURNED POSITIVE (QoQ)",
      "detail": "Op margin: -9.1% -> +4.7%",
      "severity": "HIGH"
    }
  ],
  "data_quality": {
    "n_quarters": 20,
    "coverage": {
      "revenue": [
        20,
        20
      ],
      "gross_profit": [
        20,
        20
      ],
      "op_income": [
        20,
        20
      ],
      "fcf": [
        20,
        20
      ]
    },
    "gaps": [],
    "warnings": []
  },
  "market_cap": null,
  "source": "SEC EDGAR",
  "last_updated": "2026-02-02T23:36:25.404018"
}