{
  "ticker": "ICHR",
  "name": "ICHOR HOLDINGS, LTD.",
  "quarters": [
    {
      "date": "2021-06-25T00:00:00",
      "quarter_label": "2021-06 (Q2)",
      "revenue": 282308000,
      "gross_profit": 47353000,
      "operating_income": 25215000,
      "net_income": 22865000,
      "opex": 22138000,
      "cogs": 234955000,
      "rd": 4049000,
      "sga": 14699000,
      "fcf": 3272000,
      "ocf": 13241000,
      "capex": -9969000,
      "gross_margin": 0.1677352395256245,
      "op_margin": 0.08931734134349717,
      "fcf_margin": 0.011590178103348116
    },
    {
      "date": "2021-09-24T00:00:00",
      "quarter_label": "2021-09 (Q3)",
      "revenue": 262855000,
      "gross_profit": 43637000,
      "operating_income": 21197000,
      "net_income": 18537000,
      "opex": 22440000,
      "cogs": 219218000,
      "rd": 3905000,
      "sga": 15147000,
      "fcf": -17813000,
      "ocf": -14478000,
      "capex": -3335000,
      "gross_margin": 0.16601167944303893,
      "op_margin": 0.08064141827243157,
      "fcf_margin": -0.06776740027771966,
      "fcf_margin_change": -0.07935757838106777
    },
    {
      "date": "2021-12-31T00:00:00",
      "quarter_label": "2021-12 (Q4)",
      "revenue": 287188000,
      "gross_profit": 46978000,
      "operating_income": 16345000,
      "net_income": 14859000,
      "opex": 30633000,
      "cogs": 240210000,
      "rd": 4222000,
      "sga": 21662000,
      "fcf": -11274000,
      "ocf": -9139000,
      "capex": -2135000,
      "gross_margin": 0.1635792581862752,
      "op_margin": 0.056913937908269145,
      "fcf_margin": -0.03925651489616558,
      "op_leverage_ratio": 0.25354748749717915,
      "fcf_margin_change": 0.02851088538155408
    },
    {
      "date": "2022-03-31T00:00:00",
      "quarter_label": "2022-03 (Q1)",
      "revenue": 293146000,
      "gross_profit": 43932000,
      "operating_income": 10465000,
      "net_income": 8039000,
      "opex": 33467000,
      "cogs": 249214000,
      "rd": 4851000,
      "sga": 23267000,
      "fcf": null,
      "ocf": null,
      "capex": null,
      "gross_margin": 0.14986389034815417,
      "op_margin": 0.035698935001671525,
      "fcf_margin": null,
      "op_leverage_ratio": 0.2242455815865773
    },
    {
      "date": "2022-04-01T00:00:00",
      "quarter_label": "2022-04 (Q2)",
      "revenue": 293146000,
      "gross_profit": 43932000,
      "operating_income": 10465000,
      "net_income": 8039000,
      "opex": 33467000,
      "cogs": 249214000,
      "rd": 4851000,
      "sga": 23267000,
      "fcf": -39695000,
      "ocf": -36278000,
      "capex": -3417000,
      "gross_margin": 0.14986389034815417,
      "op_margin": 0.035698935001671525,
      "fcf_margin": -0.1354103416045247
    },
    {
      "date": "2022-06-30T00:00:00",
      "quarter_label": "2022-06 (Q2)",
      "revenue": 329560000,
      "gross_profit": 55461000,
      "operating_income": 24796000,
      "net_income": 21537000,
      "opex": 30665000,
      "cogs": 274099000,
      "rd": 4907000,
      "sga": 21103000,
      "fcf": null,
      "ocf": null,
      "capex": null,
      "gross_margin": 0.16828802039082413,
      "op_margin": 0.07523971355747057,
      "fcf_margin": null,
      "incr_op_margin_yoy": -0.008867349530178616,
      "rev_growth_yoy": 0.16737747424798446,
      "op_leverage_ratio": Infinity
    },
    {
      "date": "2022-07-01T00:00:00",
      "quarter_label": "2022-07 (Q3)",
      "revenue": 329560000,
      "gross_profit": 55461000,
      "operating_income": 24796000,
      "net_income": 21537000,
      "opex": 30665000,
      "cogs": 274099000,
      "rd": 4907000,
      "sga": 21103000,
      "fcf": -1613000,
      "ocf": 9383000,
      "capex": -10996000,
      "gross_margin": 0.16828802039082413,
      "op_margin": 0.07523971355747057,
      "fcf_margin": -0.004894404660759801,
      "incr_op_margin_yoy": -0.008867349530178616,
      "rev_growth_yoy": 0.16737747424798446,
      "rev_growth_yoy_accel": 0.0
    },
    {
      "date": "2022-09-30T00:00:00",
      "quarter_label": "2022-09 (Q3)",
      "revenue": 355643000,
      "gross_profit": 63560000,
      "operating_income": 32547000,
      "net_income": 29031000,
      "opex": 31013000,
      "cogs": 292083000,
      "rd": 4859000,
      "sga": 22195000,
      "fcf": 11529000,
      "ocf": 19574000,
      "capex": -8045000,
      "gross_margin": 0.1787185464074929,
      "op_margin": 0.09151593030089163,
      "fcf_margin": 0.03241733986047806,
      "incr_op_margin_yoy": 0.12232185196361599,
      "rev_growth_yoy": 0.3530007038100854,
      "rev_growth_yoy_accel": 0.18562322956210095,
      "op_leverage_ratio": 6.974077549236669,
      "fcf_margin_change": 0.03731174452123786
    },
    {
      "date": "2022-12-30T00:00:00",
      "quarter_label": "2022-12 (Q4)",
      "revenue": 301720000,
      "gross_profit": 48911000,
      "operating_income": 18015000,
      "net_income": 14197000,
      "opex": 30896000,
      "cogs": 252809000,
      "rd": 4947000,
      "sga": 22007000,
      "fcf": 31799000,
      "ocf": 38774000,
      "capex": -6975000,
      "gross_margin": 0.16210725175659552,
      "op_margin": 0.05970767599098502,
      "fcf_margin": 0.10539241681028769,
      "incr_op_margin_yoy": 0.11491879988989816,
      "rev_growth_yoy": 0.05060100004178448,
      "rev_growth_yoy_accel": -0.30239970376830094,
      "fcf_margin_change": 0.07297507694980962
    },
    {
      "date": "2023-03-31T00:00:00",
      "quarter_label": "2023-03 (Q1)",
      "revenue": 225870000,
      "gross_profit": 33240000,
      "operating_income": 4794000,
      "net_income": -5000,
      "opex": 28446000,
      "cogs": 192630000,
      "rd": 4313000,
      "sga": 20167000,
      "fcf": -17692000,
      "ocf": -10873000,
      "capex": -6819000,
      "gross_margin": 0.14716429804754946,
      "op_margin": 0.021224598220215166,
      "fcf_margin": -0.07832824190906273,
      "incr_op_margin_yoy": 0.08429454783280814,
      "rev_growth_yoy": -0.22949656485164388,
      "rev_growth_yoy_accel": -0.28009756489342835,
      "fcf_margin_change": -0.18372065871935042
    },
    {
      "date": "2023-06-30T00:00:00",
      "quarter_label": "2023-06 (Q2)",
      "revenue": 185008000,
      "gross_profit": 25742000,
      "operating_income": -2906000,
      "net_income": -20656000,
      "opex": 28648000,
      "cogs": 159266000,
      "rd": 5188000,
      "sga": 19500000,
      "fcf": 22928000,
      "ocf": 26943000,
      "capex": -4015000,
      "gross_margin": 0.1391399290841477,
      "op_margin": -0.015707428867940847,
      "fcf_margin": 0.12392977600968606,
      "incr_op_margin_yoy": 0.1916403785488959,
      "rev_growth_yoy": -0.43862119189221993,
      "rev_growth_yoy_accel": -0.20912462704057605,
      "fcf_margin_change": 0.2022580179187488
    },
    {
      "date": "2023-09-29T00:00:00",
      "quarter_label": "2023-09 (Q3)",
      "revenue": 196761000,
      "gross_profit": 24069000,
      "operating_income": -4824000,
      "net_income": -10425000,
      "opex": 28893000,
      "cogs": 172692000,
      "rd": 5188000,
      "sga": 20066000,
      "fcf": 1583000,
      "ocf": 3988000,
      "capex": -2405000,
      "gross_margin": 0.1223260707152332,
      "op_margin": -0.024517053684419168,
      "fcf_margin": 0.008045293528697251,
      "incr_op_margin_yoy": 0.2352122959177251,
      "rev_growth_yoy": -0.4467457534662569,
      "rev_growth_yoy_accel": -0.00812456157403696,
      "op_leverage_ratio": 7.428248971473049,
      "fcf_margin_change": -0.11588448248098882
    },
    {
      "date": "2023-12-29T00:00:00",
      "quarter_label": "2023-12 (Q4)",
      "revenue": 203481000,
      "gross_profit": 20345000,
      "operating_income": -7959000,
      "net_income": -11899000,
      "opex": 28304000,
      "cogs": 183136000,
      "rd": 5534000,
      "sga": 19601000,
      "fcf": 35317000,
      "ocf": 37574000,
      "capex": -2257000,
      "gross_margin": 0.0999847651623493,
      "op_margin": -0.03911421705220635,
      "fcf_margin": 0.17356411655142248,
      "incr_op_margin_yoy": 0.2643960138030721,
      "rev_growth_yoy": -0.32559657961023464,
      "rev_growth_yoy_accel": 0.12114917385602225,
      "op_leverage_ratio": Infinity,
      "fcf_margin_change": 0.16551882302272522
    },
    {
      "date": "2024-03-29T00:00:00",
      "quarter_label": "2024-03 (Q1)",
      "revenue": 201383000,
      "gross_profit": 22994000,
      "operating_income": -3741000,
      "net_income": -8989000,
      "opex": 26735000,
      "cogs": 178389000,
      "rd": 5370000,
      "sga": 19219000,
      "fcf": 314000,
      "ocf": 4804000,
      "capex": -4490000,
      "gross_margin": 0.11418044224189729,
      "op_margin": -0.018576543203746097,
      "fcf_margin": 0.0015592180074782875,
      "incr_op_margin_yoy": 0.3485522930534569,
      "rev_growth_yoy": -0.10841191836011865,
      "rev_growth_yoy_accel": 0.21718466125011598,
      "fcf_margin_change": -0.17200489854394418
    },
    {
      "date": "2024-06-28T00:00:00",
      "quarter_label": "2024-06 (Q2)",
      "revenue": 203227000,
      "gross_profit": 25557000,
      "operating_income": -2262000,
      "net_income": -5112000,
      "opex": 27819000,
      "cogs": 177670000,
      "rd": 5926000,
      "sga": 19807000,
      "fcf": 14645000,
      "ocf": 17492000,
      "capex": -2847000,
      "gross_margin": 0.1257559281001048,
      "op_margin": -0.011130410821396763,
      "fcf_margin": 0.07206227518981238,
      "incr_op_margin_yoy": 0.035347713925023325,
      "rev_growth_yoy": 0.09847682262388653,
      "rev_growth_yoy_accel": 0.20688874098400517,
      "fcf_margin_change": 0.0705030571823341
    },
    {
      "date": "2024-09-27T00:00:00",
      "quarter_label": "2024-09 (Q3)",
      "revenue": 211139000,
      "gross_profit": 27791000,
      "operating_income": -385000,
      "net_income": -2776000,
      "opex": 28176000,
      "cogs": 183348000,
      "rd": 5872000,
      "sga": 20227000,
      "fcf": 2171000,
      "ocf": 8072000,
      "capex": -5901000,
      "gross_margin": 0.13162419069901818,
      "op_margin": -0.0018234433240661365,
      "fcf_margin": 0.010282325861162551,
      "incr_op_margin_yoy": 0.3087355682292391,
      "rev_growth_yoy": 0.07307342410335381,
      "rev_growth_yoy_accel": -0.025403398520532722,
      "op_leverage_ratio": 3.0337386934087403,
      "fcf_margin_change": -0.06177994932864983
    },
    {
      "date": "2024-12-27T00:00:00",
      "quarter_label": "2024-12 (Q4)",
      "revenue": 233291000,
      "gross_profit": 26992000,
      "operating_income": -1252000,
      "net_income": -3943000,
      "opex": 28244000,
      "cogs": 206299000,
      "rd": 5850000,
      "sga": 20131000,
      "fcf": -6886000,
      "ocf": -2488000,
      "capex": -4398000,
      "gross_margin": 0.11570099146559447,
      "op_margin": -0.00536668795624349,
      "fcf_margin": -0.029516783759339194,
      "incr_op_margin_yoy": 0.22499161355249916,
      "rev_growth_yoy": 0.1465001646345359,
      "rev_growth_yoy_accel": 0.0734267405311821,
      "op_leverage_ratio": 43.47252924822594,
      "fcf_margin_change": -0.039799109620501746
    },
    {
      "date": "2025-03-28T00:00:00",
      "quarter_label": "2025-03 (Q1)",
      "revenue": 244465000,
      "gross_profit": 28522000,
      "operating_income": -1172000,
      "net_income": -4559000,
      "opex": 29694000,
      "cogs": 215943000,
      "rd": 5874000,
      "sga": 21742000,
      "fcf": 496000,
      "ocf": 18977000,
      "capex": -18481000,
      "gross_margin": 0.1166710981122042,
      "op_margin": -0.004794142310760231,
      "fcf_margin": 0.002028920295338801,
      "incr_op_margin_yoy": 0.059630472122928366,
      "rev_growth_yoy": 0.2139306694209541,
      "rev_growth_yoy_accel": 0.06743050478641818,
      "op_leverage_ratio": 0.9329725861100809,
      "fcf_margin_change": 0.03154570405467799
    },
    {
      "date": "2025-06-27T00:00:00",
      "quarter_label": "2025-06 (Q2)",
      "revenue": 240285000,
      "gross_profit": 27202000,
      "operating_income": -4840000,
      "net_income": -9408000,
      "opex": 32042000,
      "cogs": 213083000,
      "rd": 5710000,
      "sga": 24254000,
      "fcf": -14799000,
      "ocf": -7508000,
      "capex": -7291000,
      "gross_margin": 0.11320723307738727,
      "op_margin": -0.02014274715442079,
      "fcf_margin": -0.06158936263187465,
      "incr_op_margin_yoy": -0.06956662529008581,
      "rev_growth_yoy": 0.18234781795725963,
      "rev_growth_yoy_accel": -0.03158285146369447,
      "fcf_margin_change": -0.06361828292721346
    },
    {
      "date": "2025-09-26T00:00:00",
      "quarter_label": "2025-09 (Q3)",
      "revenue": 239296000,
      "gross_profit": 11069000,
      "operating_income": -19425000,
      "net_income": -22853000,
      "opex": 30494000,
      "cogs": 228227000,
      "rd": 5898000,
      "sga": 22519000,
      "fcf": 2099000,
      "ocf": 9247000,
      "capex": -7148000,
      "gross_margin": 0.0462565191227601,
      "op_margin": -0.08117561513773737,
      "fcf_margin": 0.008771563252206472,
      "incr_op_margin_yoy": -0.67620840288383,
      "rev_growth_yoy": 0.13335764591098756,
      "rev_growth_yoy_accel": -0.04899017204627207,
      "fcf_margin_change": 0.07036092588408112
    }
  ],
  "signals": [
    {
      "quarter": "2025-09 (Q3)",
      "signal": "FCF TURNED POSITIVE",
      "detail": "FCF margin: -6.2% -> +0.9%",
      "severity": "HIGH"
    },
    {
      "quarter": "2025-03 (Q1)",
      "signal": "FCF TURNED POSITIVE",
      "detail": "FCF margin: -3.0% -> +0.2%",
      "severity": "HIGH"
    },
    {
      "quarter": "2025-03 (Q1)",
      "signal": "YoY REVENUE GROWTH ACCELERATION",
      "detail": "YoY growth: +21.4% vs prior quarter YoY: +14.7% (accel: +6.7%)",
      "severity": "MEDIUM"
    },
    {
      "quarter": "2024-12 (Q4)",
      "signal": "OPERATING LEVERAGE",
      "detail": "Rev growth +10.5% vs OpEx growth +0.2% (leverage: 43.5x)",
      "severity": "MEDIUM"
    },
    {
      "quarter": "2024-12 (Q4)",
      "signal": "YoY REVENUE GROWTH ACCELERATION",
      "detail": "YoY growth: +14.7% vs prior quarter YoY: +7.3% (accel: +7.3%)",
      "severity": "MEDIUM"
    },
    {
      "quarter": "2024-09 (Q3)",
      "signal": "OPERATING LEVERAGE",
      "detail": "Rev growth +3.9% vs OpEx growth +1.3% (leverage: 3.0x)",
      "severity": "MEDIUM"
    },
    {
      "quarter": "2024-06 (Q2)",
      "signal": "FCF MARGIN EXPANSION",
      "detail": "FCF margin: +0.2% -> +7.2% (+7.1%)",
      "severity": "MEDIUM"
    },
    {
      "quarter": "2024-06 (Q2)",
      "signal": "YoY REVENUE GROWTH ACCELERATION",
      "detail": "YoY growth: +9.8% vs prior quarter YoY: -10.8% (accel: +20.7%)",
      "severity": "HIGH"
    },
    {
      "quarter": "2024-03 (Q1)",
      "signal": "YoY REVENUE GROWTH ACCELERATION",
      "detail": "YoY growth: -10.8% vs prior quarter YoY: -32.6% (accel: +21.7%)",
      "severity": "HIGH"
    },
    {
      "quarter": "2023-12 (Q4)",
      "signal": "FCF MARGIN EXPANSION",
      "detail": "FCF margin: +0.8% -> +17.4% (+16.6%)",
      "severity": "MEDIUM"
    },
    {
      "quarter": "2023-12 (Q4)",
      "signal": "YoY REVENUE GROWTH ACCELERATION",
      "detail": "YoY growth: -32.6% vs prior quarter YoY: -44.7% (accel: +12.1%)",
      "severity": "MEDIUM"
    },
    {
      "quarter": "2023-09 (Q3)",
      "signal": "OPERATING LEVERAGE",
      "detail": "Rev growth +6.4% vs OpEx growth +0.9% (leverage: 7.4x)",
      "severity": "MEDIUM"
    },
    {
      "quarter": "2023-06 (Q2)",
      "signal": "FCF TURNED POSITIVE",
      "detail": "FCF margin: -7.8% -> +12.4%",
      "severity": "HIGH"
    },
    {
      "quarter": "2023-06 (Q2)",
      "signal": "YoY REVENUE GROWTH DECELERATION",
      "detail": "YoY growth: -43.9% vs prior quarter YoY: -22.9% (decel: -20.9%)",
      "severity": "WARNING"
    },
    {
      "quarter": "2023-03 (Q1)",
      "signal": "YoY REVENUE GROWTH DECELERATION",
      "detail": "YoY growth: -22.9% vs prior quarter YoY: +5.1% (decel: -28.0%)",
      "severity": "WARNING"
    },
    {
      "quarter": "2022-12 (Q4)",
      "signal": "FCF MARGIN EXPANSION",
      "detail": "FCF margin: +3.2% -> +10.5% (+7.3%)",
      "severity": "MEDIUM"
    },
    {
      "quarter": "2022-12 (Q4)",
      "signal": "YoY REVENUE GROWTH DECELERATION",
      "detail": "YoY growth: +5.1% vs prior quarter YoY: +35.3% (decel: -30.2%)",
      "severity": "WARNING"
    },
    {
      "quarter": "2022-09 (Q3)",
      "signal": "FCF TURNED POSITIVE",
      "detail": "FCF margin: -0.5% -> +3.2%",
      "severity": "HIGH"
    },
    {
      "quarter": "2022-09 (Q3)",
      "signal": "OPERATING LEVERAGE",
      "detail": "Rev growth +7.9% vs OpEx growth +1.1% (leverage: 7.0x)",
      "severity": "MEDIUM"
    },
    {
      "quarter": "2022-09 (Q3)",
      "signal": "YoY REVENUE GROWTH ACCELERATION",
      "detail": "YoY growth: +35.3% vs prior quarter YoY: +16.7% (accel: +18.6%)",
      "severity": "HIGH"
    }
  ],
  "data_quality": {
    "n_quarters": 20,
    "coverage": {
      "revenue": [
        20,
        20
      ],
      "gross_profit": [
        20,
        20
      ],
      "op_income": [
        20,
        20
      ],
      "fcf": [
        18,
        20
      ]
    },
    "gaps": [],
    "warnings": []
  },
  "market_cap": null,
  "source": "SEC EDGAR",
  "last_updated": "2026-02-02T21:59:34.421042"
}