{
  "ticker": "ICLR",
  "name": "ICON plc",
  "quarters": [
    {
      "date": "2020-12-31T00:00:00",
      "quarter_label": "2020-12 (Q4)",
      "revenue": 760229000,
      "gross_profit": 224882000,
      "operating_income": 119859000,
      "net_income": 101234000,
      "opex": 640370000,
      "cogs": 535347000,
      "rd": null,
      "sga": 87878000,
      "fcf": 182563000,
      "ocf": 195422000,
      "capex": -12859000,
      "gross_margin": 0.2958082367286699,
      "op_margin": 0.15766170456533493,
      "fcf_margin": 0.24014211507322136
    },
    {
      "date": "2021-03-31T00:00:00",
      "quarter_label": "2021-03 (Q1)",
      "revenue": 858198000,
      "gross_profit": 231954000,
      "operating_income": 116014000,
      "net_income": 97122000,
      "opex": 742184000,
      "cogs": 626244000,
      "rd": null,
      "sga": 98535000,
      "fcf": 103216000,
      "ocf": 111920000,
      "capex": -8704000,
      "gross_margin": 0.2702802849692029,
      "op_margin": 0.13518325607843412,
      "fcf_margin": 0.1202706135413972,
      "op_leverage_ratio": 0.8105274369481477,
      "fcf_margin_change": -0.11987150153182416
    },
    {
      "date": "2021-06-30T00:00:00",
      "quarter_label": "2021-06 (Q2)",
      "revenue": 871155000,
      "gross_profit": 240032000,
      "operating_income": 112872000,
      "net_income": 73865000,
      "opex": 758283000,
      "cogs": 631123000,
      "rd": null,
      "sga": 109884000,
      "fcf": 115485000,
      "ocf": 128434000,
      "capex": -12949000,
      "gross_margin": 0.27553305668910816,
      "op_margin": 0.12956592110474024,
      "fcf_margin": 0.1325653873306128,
      "op_leverage_ratio": 0.6960327070620367,
      "fcf_margin_change": 0.01229477378921559
    },
    {
      "date": "2021-09-30T00:00:00",
      "quarter_label": "2021-09 (Q3)",
      "revenue": 1866352000,
      "gross_profit": 508410000,
      "operating_income": 5108000,
      "net_income": -94270000,
      "opex": 1861244000,
      "cogs": 1357942000,
      "rd": null,
      "sga": 206713000,
      "fcf": 274556000,
      "ocf": 298970000,
      "capex": -24414000,
      "gross_margin": 0.2724084202765609,
      "op_margin": 0.002736889932874399,
      "fcf_margin": 0.147108369696606,
      "op_leverage_ratio": 0.785388952115556,
      "fcf_margin_change": 0.014542982365993218
    },
    {
      "date": "2021-12-31T00:00:00",
      "quarter_label": "2021-12 (Q4)",
      "revenue": 1885121000,
      "gross_profit": 527818000,
      "operating_income": 144535000,
      "net_income": 76468000,
      "opex": 1740586000,
      "cogs": 1357303000,
      "rd": null,
      "sga": 202716000,
      "fcf": 242135000,
      "ocf": 289818000,
      "capex": -47683000,
      "gross_margin": 0.279991576137553,
      "op_margin": 0.07667147095597578,
      "fcf_margin": 0.12844533586968687,
      "incr_op_margin_yoy": 0.021936328109720755,
      "rev_growth_yoy": 1.4796752031295832,
      "op_leverage_ratio": Infinity,
      "fcf_margin_change": -0.01866303382691914
    },
    {
      "date": "2022-03-31T00:00:00",
      "quarter_label": "2022-03 (Q1)",
      "revenue": 1901764000,
      "gross_profit": 523297000,
      "operating_income": 170339000,
      "net_income": 111970000,
      "opex": 1731425000,
      "cogs": 1378467000,
      "rd": null,
      "sga": 195261000,
      "fcf": 207284000,
      "ocf": 226916000,
      "capex": -19632000,
      "gross_margin": 0.2751640056284586,
      "op_margin": 0.08956894756657503,
      "fcf_margin": 0.10899564825078191,
      "incr_op_margin_yoy": 0.0520570812004224,
      "rev_growth_yoy": 1.2159967746370883,
      "rev_growth_yoy_accel": -0.2636784284924949,
      "fcf_margin_change": -0.019449687618904962
    },
    {
      "date": "2022-06-30T00:00:00",
      "quarter_label": "2022-06 (Q2)",
      "revenue": 1935193000,
      "gross_profit": 543131000,
      "operating_income": 177789000,
      "net_income": 115734000,
      "opex": 1757404000,
      "cogs": 1392062000,
      "rd": null,
      "sga": 189953000,
      "fcf": 153842000,
      "ocf": 182050000,
      "capex": -28208000,
      "gross_margin": 0.2806598618329025,
      "op_margin": 0.09187145674875839,
      "fcf_margin": 0.07949698040453847,
      "incr_op_margin_yoy": 0.06101003911514438,
      "rev_growth_yoy": 1.221410655968226,
      "rev_growth_yoy_accel": 0.005413881331137738,
      "op_leverage_ratio": 1.1715154413871574,
      "fcf_margin_change": -0.029498667846243443
    },
    {
      "date": "2022-09-30T00:00:00",
      "quarter_label": "2022-09 (Q3)",
      "revenue": 1942427000,
      "gross_profit": 566590000,
      "operating_income": 243744000,
      "net_income": 160154000,
      "opex": 1698683000,
      "cogs": 1375837000,
      "rd": null,
      "sga": 166787000,
      "fcf": 176470000,
      "ocf": 213775000,
      "capex": -37305000,
      "gross_margin": 0.29169178558576464,
      "op_margin": 0.12548425243265254,
      "fcf_margin": 0.090850261039411,
      "incr_op_margin_yoy": 3.136851790995728,
      "rev_growth_yoy": 0.040761335482267014,
      "rev_growth_yoy_accel": -1.180649320485959,
      "fcf_margin_change": 0.011353280634872537
    },
    {
      "date": "2022-12-31T00:00:00",
      "quarter_label": "2022-12 (Q4)",
      "revenue": 1962002000,
      "gross_profit": 581323000,
      "operating_income": 203364000,
      "net_income": null,
      "opex": 1758638000,
      "cogs": 1380679000,
      "rd": null,
      "sga": 226753000,
      "fcf": -116441000,
      "ocf": -59426000,
      "capex": -57015000,
      "gross_margin": 0.29629072753238783,
      "op_margin": 0.10365127048800155,
      "fcf_margin": -0.0593480536717088,
      "incr_op_margin_yoy": 0.7651955619723989,
      "rev_growth_yoy": 0.040783058488022786,
      "rev_growth_yoy_accel": 2.172300575577213e-05,
      "op_leverage_ratio": 0.2855249063235898,
      "fcf_margin_change": -0.1501983147111198
    },
    {
      "date": "2023-03-31T00:00:00",
      "quarter_label": "2023-03 (Q1)",
      "revenue": 1978578000,
      "gross_profit": 583032000,
      "operating_income": 216789000,
      "net_income": 116654000,
      "opex": 1761789000,
      "cogs": 1395546000,
      "rd": null,
      "sga": 200006000,
      "fcf": 148756000,
      "ocf": 175500000,
      "capex": -26744000,
      "gross_margin": 0.2946722343016045,
      "op_margin": 0.10956808374499262,
      "fcf_margin": 0.07518328819990923,
      "incr_op_margin_yoy": 0.6047074751998334,
      "rev_growth_yoy": 0.04039092127098841,
      "rev_growth_yoy_accel": -0.0003921372170343773,
      "fcf_margin_change": 0.13453134187161803
    },
    {
      "date": "2023-06-30T00:00:00",
      "quarter_label": "2023-06 (Q2)",
      "revenue": 2020251000,
      "gross_profit": 590711000,
      "operating_income": 209484000,
      "net_income": 115598000,
      "opex": 1810767000,
      "cogs": 1429540000,
      "rd": null,
      "sga": 187806000,
      "fcf": 171745000,
      "ocf": 203881000,
      "capex": -32136000,
      "gross_margin": 0.29239485588671904,
      "op_margin": 0.10369206598586017,
      "fcf_margin": 0.08501171389099671,
      "incr_op_margin_yoy": 0.37262808906863554,
      "rev_growth_yoy": 0.04395323877256687,
      "rev_growth_yoy_accel": 0.0035623175015784617,
      "op_leverage_ratio": 0.7576252449282315,
      "fcf_margin_change": 0.00982842569108748
    },
    {
      "date": "2023-09-30T00:00:00",
      "quarter_label": "2023-09 (Q3)",
      "revenue": 2055099000,
      "gross_profit": 605963000,
      "operating_income": 264311000,
      "net_income": 163665000,
      "opex": 1790788000,
      "cogs": 1449136000,
      "rd": null,
      "sga": 185187000,
      "fcf": 312415000,
      "ocf": 341515000,
      "capex": -29100000,
      "gross_margin": 0.294858301230257,
      "op_margin": 0.12861229556337675,
      "fcf_margin": 0.15201944042598434,
      "incr_op_margin_yoy": 0.18253869639307016,
      "rev_growth_yoy": 0.05800578348632922,
      "rev_growth_yoy_accel": 0.014052544713762348,
      "op_leverage_ratio": Infinity,
      "fcf_margin_change": 0.06700772653498763
    },
    {
      "date": "2023-12-31T00:00:00",
      "quarter_label": "2023-12 (Q4)",
      "revenue": 2066248000,
      "gross_profit": 620521000,
      "operating_income": 265568000,
      "net_income": null,
      "opex": 1800680000,
      "cogs": 1445727000,
      "rd": null,
      "sga": 195560000,
      "fcf": 387419000,
      "ocf": 440131000,
      "capex": -52712000,
      "gross_margin": 0.3003129343621869,
      "op_margin": 0.12852668217948668,
      "fcf_margin": 0.18749879007747375,
      "incr_op_margin_yoy": 0.5967039502714733,
      "rev_growth_yoy": 0.05313246367740706,
      "rev_growth_yoy_accel": -0.004873319808922159,
      "fcf_margin_change": 0.03547934965148941
    },
    {
      "date": "2024-03-31T00:00:00",
      "quarter_label": "2024-03 (Q1)",
      "revenue": 2090386000,
      "gross_profit": 619019000,
      "operating_income": 285497000,
      "net_income": 187438000,
      "opex": 1804889000,
      "cogs": 1471367000,
      "rd": null,
      "sga": 177350000,
      "fcf": 299924000,
      "ocf": 327076000,
      "capex": -27152000,
      "gross_margin": 0.2961266483797729,
      "op_margin": 0.1365762112834663,
      "fcf_margin": 0.14347780744800243,
      "incr_op_margin_yoy": 0.6145177447052089,
      "rev_growth_yoy": 0.05650927079953381,
      "rev_growth_yoy_accel": 0.0033768071221267487,
      "op_leverage_ratio": 4.997772141969957,
      "fcf_margin_change": -0.04402098262947132
    },
    {
      "date": "2024-06-30T00:00:00",
      "quarter_label": "2024-06 (Q2)",
      "revenue": 2120159000,
      "gross_profit": 626559000,
      "operating_income": 229857000,
      "net_income": 146910000,
      "opex": 1890302000,
      "cogs": 1493600000,
      "rd": null,
      "sga": 194458000,
      "fcf": 182301000,
      "ocf": 218589000,
      "capex": -36288000,
      "gross_margin": 0.29552453377317456,
      "op_margin": 0.10841498208389087,
      "fcf_margin": 0.08598458889168219,
      "incr_op_margin_yoy": 0.2039176041958602,
      "rev_growth_yoy": 0.049453261005686915,
      "rev_growth_yoy_accel": -0.007056009793846893,
      "op_leverage_ratio": 0.30096960019502134,
      "fcf_margin_change": -0.05749321855632024
    },
    {
      "date": "2024-09-30T00:00:00",
      "quarter_label": "2024-09 (Q3)",
      "revenue": 2030030000,
      "gross_profit": 591414000,
      "operating_income": 285434000,
      "net_income": 197128000,
      "opex": 1744596000,
      "cogs": 1438616000,
      "rd": null,
      "sga": 205095000,
      "fcf": 359341000,
      "ocf": 402673000,
      "capex": -43332000,
      "gross_margin": 0.291332640404329,
      "op_margin": 0.14060580385511545,
      "fcf_margin": 0.1770126549853943,
      "incr_op_margin_yoy": -0.8425944393474012,
      "rev_growth_yoy": -0.012198439101960537,
      "rev_growth_yoy_accel": -0.06165170010764745,
      "fcf_margin_change": 0.09102806609371213
    },
    {
      "date": "2024-12-31T00:00:00",
      "quarter_label": "2024-12 (Q4)",
      "revenue": 2041101000,
      "gross_profit": 599365000,
      "operating_income": 297024000,
      "net_income": null,
      "opex": 1744077000,
      "cogs": 1441736000,
      "rd": null,
      "sga": 151445000,
      "fcf": 277026000,
      "ocf": 338314000,
      "capex": -61288000,
      "gross_margin": 0.29364788905595557,
      "op_margin": 0.14552146121137563,
      "fcf_margin": 0.13572380788603797,
      "incr_op_margin_yoy": -1.2508847973913388,
      "rev_growth_yoy": -0.012170368706950957,
      "rev_growth_yoy_accel": 2.807039500958043e-05,
      "fcf_margin_change": -0.041288847099356346
    },
    {
      "date": "2025-03-31T00:00:00",
      "quarter_label": "2025-03 (Q1)",
      "revenue": 2001332000,
      "gross_profit": 558653000,
      "operating_income": 219561000,
      "net_income": 154151000,
      "opex": 1781771000,
      "cogs": 1442679000,
      "rd": null,
      "sga": 198384000,
      "fcf": 239333000,
      "ocf": 268240000,
      "capex": -28907000,
      "gross_margin": 0.2791405923654846,
      "op_margin": 0.10970743484839098,
      "fcf_margin": 0.11958685515446713,
      "incr_op_margin_yoy": 0.740404698272958,
      "rev_growth_yoy": -0.04260170131258055,
      "rev_growth_yoy_accel": -0.030431332605629594,
      "fcf_margin_change": -0.01613695273157084
    },
    {
      "date": "2025-06-30T00:00:00",
      "quarter_label": "2025-06 (Q2)",
      "revenue": 2017357000,
      "gross_profit": 561599000,
      "operating_income": 209208000,
      "net_income": 182972000,
      "opex": 1808149000,
      "cogs": 1455758000,
      "rd": null,
      "sga": 205006000,
      "fcf": 113923000,
      "ocf": 146201000,
      "capex": -32278000,
      "gross_margin": 0.2783835483754239,
      "op_margin": 0.10370400479439187,
      "fcf_margin": 0.0564714128436365,
      "incr_op_margin_yoy": 0.2008618509367522,
      "rev_growth_yoy": -0.048487872843499,
      "rev_growth_yoy_accel": -0.005886171530918451,
      "fcf_margin_change": -0.06311544231083063
    },
    {
      "date": "2025-09-30T00:00:00",
      "quarter_label": "2025-09 (Q3)",
      "revenue": 2042812000,
      "gross_profit": 554448000,
      "operating_income": 86584000,
      "net_income": 2355000,
      "opex": 1956228000,
      "cogs": 1488364000,
      "rd": null,
      "sga": 197049000,
      "fcf": 333902000,
      "ocf": 387602000,
      "capex": -53700000,
      "gross_margin": 0.2714141095705332,
      "op_margin": 0.042384712837010945,
      "fcf_margin": 0.1634521434179944,
      "incr_op_margin_yoy": -15.557033328117665,
      "rev_growth_yoy": 0.006296458673024537,
      "rev_growth_yoy_accel": 0.05478433151652354,
      "op_leverage_ratio": 0.15407461259164873,
      "fcf_margin_change": 0.10698073057435792
    }
  ],
  "signals": [
    {
      "quarter": "2025-09 (Q3)",
      "signal": "FCF MARGIN EXPANSION",
      "detail": "FCF margin: +5.6% -> +16.3% (+10.7%)",
      "severity": "MEDIUM"
    },
    {
      "quarter": "2025-09 (Q3)",
      "signal": "YoY REVENUE GROWTH ACCELERATION",
      "detail": "YoY growth: +0.6% vs prior quarter YoY: -4.8% (accel: +5.5%)",
      "severity": "MEDIUM"
    },
    {
      "quarter": "2025-03 (Q1)",
      "signal": "INCREMENTAL MARGIN (YoY)",
      "detail": "YoY Incr OPM: +74.0% vs year-ago OPM: +13.7%",
      "severity": "HIGH"
    },
    {
      "quarter": "2024-09 (Q3)",
      "signal": "FCF MARGIN EXPANSION",
      "detail": "FCF margin: +8.6% -> +17.7% (+9.1%)",
      "severity": "MEDIUM"
    },
    {
      "quarter": "2024-09 (Q3)",
      "signal": "YoY REVENUE GROWTH DECELERATION",
      "detail": "YoY growth: -1.2% vs prior quarter YoY: +4.9% (decel: -6.2%)",
      "severity": "WARNING"
    },
    {
      "quarter": "2024-06 (Q2)",
      "signal": "INCREMENTAL MARGIN (YoY)",
      "detail": "YoY Incr OPM: +20.4% vs year-ago OPM: +10.4%",
      "severity": "MEDIUM"
    },
    {
      "quarter": "2024-03 (Q1)",
      "signal": "OPERATING LEVERAGE",
      "detail": "Rev growth +1.2% vs OpEx growth +0.2% (leverage: 5.0x)",
      "severity": "MEDIUM"
    },
    {
      "quarter": "2024-03 (Q1)",
      "signal": "INCREMENTAL MARGIN (YoY)",
      "detail": "YoY Incr OPM: +61.5% vs year-ago OPM: +11.0%",
      "severity": "HIGH"
    },
    {
      "quarter": "2023-12 (Q4)",
      "signal": "INCREMENTAL MARGIN (YoY)",
      "detail": "YoY Incr OPM: +59.7% vs year-ago OPM: +10.4%",
      "severity": "HIGH"
    },
    {
      "quarter": "2023-09 (Q3)",
      "signal": "FCF MARGIN EXPANSION",
      "detail": "FCF margin: +8.5% -> +15.2% (+6.7%)",
      "severity": "MEDIUM"
    },
    {
      "quarter": "2023-06 (Q2)",
      "signal": "INCREMENTAL MARGIN (YoY)",
      "detail": "YoY Incr OPM: +37.3% vs year-ago OPM: +9.2%",
      "severity": "HIGH"
    },
    {
      "quarter": "2023-03 (Q1)",
      "signal": "FCF TURNED POSITIVE",
      "detail": "FCF margin: -5.9% -> +7.5%",
      "severity": "HIGH"
    },
    {
      "quarter": "2023-03 (Q1)",
      "signal": "INCREMENTAL MARGIN (YoY)",
      "detail": "YoY Incr OPM: +60.5% vs year-ago OPM: +9.0%",
      "severity": "HIGH"
    },
    {
      "quarter": "2022-12 (Q4)",
      "signal": "INCREMENTAL MARGIN (YoY)",
      "detail": "YoY Incr OPM: +76.5% vs year-ago OPM: +7.7%",
      "severity": "HIGH"
    },
    {
      "quarter": "2022-09 (Q3)",
      "signal": "YoY REVENUE GROWTH DECELERATION",
      "detail": "YoY growth: +4.1% vs prior quarter YoY: +122.1% (decel: -118.1%)",
      "severity": "WARNING"
    },
    {
      "quarter": "2022-09 (Q3)",
      "signal": "INCREMENTAL MARGIN (YoY)",
      "detail": "YoY Incr OPM: +313.7% vs year-ago OPM: +0.3%",
      "severity": "HIGH"
    },
    {
      "quarter": "2022-03 (Q1)",
      "signal": "YoY REVENUE GROWTH DECELERATION",
      "detail": "YoY growth: +121.6% vs prior quarter YoY: +148.0% (decel: -26.4%)",
      "severity": "WARNING"
    }
  ],
  "data_quality": {
    "n_quarters": 20,
    "coverage": {
      "revenue": [
        20,
        20
      ],
      "gross_profit": [
        20,
        20
      ],
      "op_income": [
        20,
        20
      ],
      "fcf": [
        20,
        20
      ]
    },
    "gaps": [],
    "warnings": []
  },
  "market_cap": null,
  "source": "SEC EDGAR",
  "last_updated": "2026-02-02T20:27:04.935091"
}