{
  "ticker": "ICUI",
  "name": "ICU MEDICAL INC/DE",
  "quarters": [
    {
      "date": "2020-12-31T00:00:00",
      "quarter_label": "2020-12 (Q4)",
      "revenue": 320451000,
      "gross_profit": 119874000,
      "operating_income": 27019000,
      "net_income": 26142000,
      "opex": 92855000,
      "cogs": 200577000,
      "rd": 11797000,
      "sga": 73552000,
      "fcf": 48883000,
      "ocf": 78526000,
      "capex": -29643000,
      "gross_margin": 0.37407903236376233,
      "op_margin": 0.08431554278189177,
      "fcf_margin": 0.15254438276054685
    },
    {
      "date": "2021-03-31T00:00:00",
      "quarter_label": "2021-03 (Q1)",
      "revenue": 318046000,
      "gross_profit": 112680000,
      "operating_income": 26570000,
      "net_income": 23731000,
      "opex": 86110000,
      "cogs": 205366000,
      "rd": 10709000,
      "sga": 72391000,
      "fcf": 37292000,
      "ocf": 51320000,
      "capex": -14028000,
      "gross_margin": 0.35428837337995134,
      "op_margin": 0.08354137451815147,
      "fcf_margin": 0.11725347905648868,
      "fcf_margin_change": -0.03529090370405817
    },
    {
      "date": "2021-06-30T00:00:00",
      "quarter_label": "2021-06 (Q2)",
      "revenue": 321677000,
      "gross_profit": 123529000,
      "operating_income": 34470000,
      "net_income": 28398000,
      "opex": 89059000,
      "cogs": 198148000,
      "rd": 11385000,
      "sga": 73921000,
      "fcf": 39097000,
      "ocf": 54762000,
      "capex": -15665000,
      "gross_margin": 0.38401564302079416,
      "op_margin": 0.10715717940667191,
      "fcf_margin": 0.12154117328873373,
      "op_leverage_ratio": 0.3333612590258377,
      "fcf_margin_change": 0.004287694232245051
    },
    {
      "date": "2021-09-30T00:00:00",
      "quarter_label": "2021-09 (Q3)",
      "revenue": 336060000,
      "gross_profit": 127791000,
      "operating_income": 38380000,
      "net_income": 31081000,
      "opex": 89411000,
      "cogs": 208269000,
      "rd": 12238000,
      "sga": 74815000,
      "fcf": 62064000,
      "ocf": 78835000,
      "capex": -16771000,
      "gross_margin": 0.38026245313336904,
      "op_margin": 0.11420579658394335,
      "fcf_margin": 0.18468130690948045,
      "op_leverage_ratio": 11.312657051596364,
      "fcf_margin_change": 0.06314013362074672
    },
    {
      "date": "2021-12-31T00:00:00",
      "quarter_label": "2021-12 (Q4)",
      "revenue": 340525000,
      "gross_profit": 127490000,
      "operating_income": 23825000,
      "net_income": null,
      "opex": 103665000,
      "cogs": 213035000,
      "rd": 13166000,
      "sga": 81456000,
      "fcf": 60543000,
      "ocf": 82621000,
      "capex": -22078000,
      "gross_margin": 0.3743924821966082,
      "op_margin": 0.06996549445708831,
      "fcf_margin": 0.1777931135746274,
      "incr_op_margin_yoy": -0.15911128823353593,
      "rev_growth_yoy": 0.06264296257462139,
      "op_leverage_ratio": 0.08334102508020104,
      "fcf_margin_change": -0.006888193334853049
    },
    {
      "date": "2022-03-31T00:00:00",
      "quarter_label": "2022-03 (Q1)",
      "revenue": 543122000,
      "gross_profit": 168827000,
      "operating_income": -42161000,
      "net_income": -38068000,
      "opex": 210988000,
      "cogs": 374295000,
      "rd": 23871000,
      "sga": 153212000,
      "fcf": -24948000,
      "ocf": -1342000,
      "capex": -23606000,
      "gross_margin": 0.31084544540637277,
      "op_margin": -0.07762712613372318,
      "fcf_margin": -0.04593443093816859,
      "incr_op_margin_yoy": -0.3053679645986245,
      "rev_growth_yoy": 0.7076837941681392,
      "rev_growth_yoy_accel": 0.6450408315935178,
      "op_leverage_ratio": 0.5746763921532524,
      "fcf_margin_change": -0.223727544512796
    },
    {
      "date": "2022-06-30T00:00:00",
      "quarter_label": "2022-06 (Q2)",
      "revenue": 561004000,
      "gross_profit": 167593000,
      "operating_income": -48000,
      "net_income": -7474000,
      "opex": 167641000,
      "cogs": 393411000,
      "rd": 22562000,
      "sga": 158748000,
      "fcf": -85818000,
      "ocf": -61385000,
      "capex": -24433000,
      "gross_margin": 0.29873762040912366,
      "op_margin": -8.556088726640095e-05,
      "fcf_margin": -0.1529721713214166,
      "incr_op_margin_yoy": -0.14422944339752725,
      "rev_growth_yoy": 0.7439978612086037,
      "rev_growth_yoy_accel": 0.03631406704046447,
      "op_leverage_ratio": Infinity,
      "fcf_margin_change": -0.10703774038324801
    },
    {
      "date": "2022-09-30T00:00:00",
      "quarter_label": "2022-09 (Q3)",
      "revenue": 597857000,
      "gross_profit": 186396000,
      "operating_income": -467000,
      "net_income": -13208000,
      "opex": 186863000,
      "cogs": 411461000,
      "rd": 23105000,
      "sga": 153452000,
      "fcf": -18367000,
      "ocf": 2309000,
      "capex": -20676000,
      "gross_margin": 0.31177355120037065,
      "op_margin": -0.0007811232451907396,
      "fcf_margin": -0.03072139324286577,
      "incr_op_margin_yoy": -0.14838596316993702,
      "rev_growth_yoy": 0.7790186276260191,
      "rev_growth_yoy_accel": 0.03502076641741547,
      "op_leverage_ratio": 0.5729128446735959,
      "fcf_margin_change": 0.12225077807855084
    },
    {
      "date": "2022-12-31T00:00:00",
      "quarter_label": "2022-12 (Q4)",
      "revenue": 578014000,
      "gross_profit": 174945000,
      "operating_income": -222000,
      "net_income": null,
      "opex": 175167000,
      "cogs": 403069000,
      "rd": 23446000,
      "sga": 142933000,
      "fcf": -23307000,
      "ocf": -1711000,
      "capex": -21596000,
      "gross_margin": 0.30266567937800815,
      "op_margin": -0.00038407374215849446,
      "fcf_margin": -0.04032255274093707,
      "incr_op_margin_yoy": -0.10125521603105828,
      "rev_growth_yoy": 0.6974201600469863,
      "rev_growth_yoy_accel": -0.08159846757903289,
      "fcf_margin_change": -0.009601159498071304
    },
    {
      "date": "2023-03-31T00:00:00",
      "quarter_label": "2023-03 (Q1)",
      "revenue": 568649000,
      "gross_profit": 192041000,
      "operating_income": 9395000,
      "net_income": -9812000,
      "opex": 182646000,
      "cogs": 376608000,
      "rd": 19761000,
      "sga": 152572000,
      "fcf": 27040000,
      "ocf": 41245000,
      "capex": -14205000,
      "gross_margin": 0.3377144776478988,
      "op_margin": 0.01652161526706281,
      "fcf_margin": 0.047551301417922125,
      "incr_op_margin_yoy": 2.019665452266228,
      "rev_growth_yoy": 0.04700048976104816,
      "rev_growth_yoy_accel": -0.6504196702859381,
      "fcf_margin_change": 0.0878738541588592
    },
    {
      "date": "2023-06-30T00:00:00",
      "quarter_label": "2023-06 (Q2)",
      "revenue": 549310000,
      "gross_profit": 192327000,
      "operating_income": 2760000,
      "net_income": -9934000,
      "opex": 189567000,
      "cogs": 356983000,
      "rd": 22302000,
      "sga": 150895000,
      "fcf": -19758000,
      "ocf": -1474000,
      "capex": -18284000,
      "gross_margin": 0.35012470189874567,
      "op_margin": 0.00502448526333036,
      "fcf_margin": -0.03596876080901495,
      "incr_op_margin_yoy": -0.24012314007183172,
      "rev_growth_yoy": -0.020844771160276932,
      "rev_growth_yoy_accel": -0.06784526092132509,
      "fcf_margin_change": -0.08352006222693707
    },
    {
      "date": "2023-09-30T00:00:00",
      "quarter_label": "2023-09 (Q3)",
      "revenue": 553311000,
      "gross_profit": 183920000,
      "operating_income": 22853000,
      "net_income": 7238000,
      "opex": 161067000,
      "cogs": 369391000,
      "rd": 20870000,
      "sga": 148609000,
      "fcf": 13694000,
      "ocf": 35161000,
      "capex": -21467000,
      "gross_margin": 0.33239895827120736,
      "op_margin": 0.04130226942894683,
      "fcf_margin": 0.024749191684242677,
      "incr_op_margin_yoy": -0.5235037938310959,
      "rev_growth_yoy": -0.074509456274661,
      "rev_growth_yoy_accel": -0.053664685114384075,
      "fcf_margin_change": 0.06071795249325762
    },
    {
      "date": "2023-12-31T00:00:00",
      "quarter_label": "2023-12 (Q4)",
      "revenue": 587856000,
      "gross_profit": 171585000,
      "operating_income": -12183000,
      "net_income": null,
      "opex": 183768000,
      "cogs": 416271000,
      "rd": 22411000,
      "sga": 154617000,
      "fcf": 61332000,
      "ocf": 91269000,
      "capex": -29937000,
      "gross_margin": 0.29188270596880866,
      "op_margin": -0.020724463133828693,
      "fcf_margin": 0.10433167306279088,
      "incr_op_margin_yoy": -1.2153017679333469,
      "rev_growth_yoy": 0.017027269235693254,
      "rev_growth_yoy_accel": 0.09153672551035426,
      "op_leverage_ratio": 0.442973222151266,
      "fcf_margin_change": 0.0795824813785482
    },
    {
      "date": "2024-03-31T00:00:00",
      "quarter_label": "2024-03 (Q1)",
      "revenue": 566655000,
      "gross_profit": 185244000,
      "operating_income": -10655000,
      "net_income": -39471000,
      "opex": 195899000,
      "cogs": 381411000,
      "rd": 21842000,
      "sga": 157657000,
      "fcf": 29876000,
      "ocf": 45791000,
      "capex": -15915000,
      "gross_margin": 0.32690790692749555,
      "op_margin": -0.01880332830381802,
      "fcf_margin": 0.052723438423732255,
      "incr_op_margin_yoy": 10.055165496489469,
      "rev_growth_yoy": -0.0035065567687624527,
      "rev_growth_yoy_accel": -0.020533826004455708,
      "fcf_margin_change": -0.05160823463905863
    },
    {
      "date": "2024-06-30T00:00:00",
      "quarter_label": "2024-06 (Q2)",
      "revenue": 596455000,
      "gross_profit": 207428000,
      "operating_income": 7692000,
      "net_income": -21406000,
      "opex": 199736000,
      "cogs": 389027000,
      "rd": 23390000,
      "sga": 159549000,
      "fcf": 62486000,
      "ocf": 81953000,
      "capex": -19467000,
      "gross_margin": 0.3477680629720599,
      "op_margin": 0.012896195018903354,
      "fcf_margin": 0.10476230394581318,
      "incr_op_margin_yoy": 0.10461342666242443,
      "rev_growth_yoy": 0.08582585425351805,
      "rev_growth_yoy_accel": 0.0893324110222805,
      "op_leverage_ratio": 2.68496085741286,
      "fcf_margin_change": 0.052038865522080924
    },
    {
      "date": "2024-09-30T00:00:00",
      "quarter_label": "2024-09 (Q3)",
      "revenue": 589131000,
      "gross_profit": 204852000,
      "operating_income": 8236000,
      "net_income": -32983000,
      "opex": 196616000,
      "cogs": 384279000,
      "rd": 21028000,
      "sga": 162707000,
      "fcf": 16187000,
      "ocf": 36097000,
      "capex": -19910000,
      "gross_margin": 0.347718928387744,
      "op_margin": 0.013979912786799541,
      "fcf_margin": 0.027476062200087924,
      "incr_op_margin_yoy": -0.4080681183696259,
      "rev_growth_yoy": 0.06473755266025798,
      "rev_growth_yoy_accel": -0.02108830159326007,
      "fcf_margin_change": -0.07728624174572525
    },
    {
      "date": "2024-12-31T00:00:00",
      "quarter_label": "2024-12 (Q4)",
      "revenue": 629805000,
      "gross_profit": 227258000,
      "operating_income": 37691000,
      "net_income": null,
      "opex": 189567000,
      "cogs": 402547000,
      "rd": 22355000,
      "sga": 158849000,
      "fcf": 16111000,
      "ocf": 40192000,
      "capex": -24081000,
      "gross_margin": 0.36083867228745403,
      "op_margin": 0.05984550773652162,
      "fcf_margin": 0.025580933781090973,
      "incr_op_margin_yoy": 1.1889198789005697,
      "rev_growth_yoy": 0.07135931248469013,
      "rev_growth_yoy_accel": 0.006621759824432152,
      "op_leverage_ratio": Infinity,
      "fcf_margin_change": -0.0018951284189969511
    },
    {
      "date": "2025-03-31T00:00:00",
      "quarter_label": "2025-03 (Q1)",
      "revenue": 604702000,
      "gross_profit": 210109000,
      "operating_income": 12888000,
      "net_income": -15476000,
      "opex": 197221000,
      "cogs": 394593000,
      "rd": 23291000,
      "sga": 157233000,
      "fcf": 36706000,
      "ocf": 51327000,
      "capex": -14621000,
      "gross_margin": 0.3474587482760103,
      "op_margin": 0.021312977301216136,
      "fcf_margin": 0.060700973372008034,
      "incr_op_margin_yoy": 0.6187872894052093,
      "rev_growth_yoy": 0.0671431470647925,
      "rev_growth_yoy_accel": -0.0042161654198976245,
      "fcf_margin_change": 0.03512003959091706
    },
    {
      "date": "2025-06-30T00:00:00",
      "quarter_label": "2025-06 (Q2)",
      "revenue": 548866000,
      "gross_profit": 208064000,
      "operating_income": 10587000,
      "net_income": 35338000,
      "opex": 197477000,
      "cogs": 340802000,
      "rd": 21867000,
      "sga": 159392000,
      "fcf": -8485000,
      "ocf": 11211000,
      "capex": -19696000,
      "gross_margin": 0.37907977539144344,
      "op_margin": 0.019288861033476296,
      "fcf_margin": -0.015459146676966691,
      "incr_op_margin_yoy": -0.06083338586648175,
      "rev_growth_yoy": -0.0797864046742839,
      "rev_growth_yoy_accel": -0.1469295517390764,
      "fcf_margin_change": -0.07616012004897472
    },
    {
      "date": "2025-09-30T00:00:00",
      "quarter_label": "2025-09 (Q3)",
      "revenue": 536990000,
      "gross_profit": 200881000,
      "operating_income": 13719000,
      "net_income": -3396000,
      "opex": 187162000,
      "cogs": 336109000,
      "rd": 21251000,
      "sga": 152773000,
      "fcf": 27630000,
      "ocf": 56710000,
      "capex": -29080000,
      "gross_margin": 0.3740870407270154,
      "op_margin": 0.025547961786997895,
      "fcf_margin": 0.05145347213169705,
      "incr_op_margin_yoy": -0.1051571699813966,
      "rev_growth_yoy": -0.08850493353770214,
      "rev_growth_yoy_accel": -0.008718528863418243,
      "fcf_margin_change": 0.06691261880866374
    }
  ],
  "signals": [
    {
      "quarter": "2025-09 (Q3)",
      "signal": "FCF TURNED POSITIVE",
      "detail": "FCF margin: -1.5% -> +5.1%",
      "severity": "HIGH"
    },
    {
      "quarter": "2025-06 (Q2)",
      "signal": "GROSS MARGIN INFLECTION",
      "detail": "GM: +36.1% -> +34.7% -> +37.9% (reversal +3.2%)",
      "severity": "MEDIUM"
    },
    {
      "quarter": "2025-06 (Q2)",
      "signal": "YoY REVENUE GROWTH DECELERATION",
      "detail": "YoY growth: -8.0% vs prior quarter YoY: +6.7% (decel: -14.7%)",
      "severity": "WARNING"
    },
    {
      "quarter": "2025-03 (Q1)",
      "signal": "OP MARGIN TURNED POSITIVE (YoY)",
      "detail": "Op margin: -1.9% (year-ago) -> +2.1%",
      "severity": "HIGH"
    },
    {
      "quarter": "2024-12 (Q4)",
      "signal": "OP MARGIN TURNED POSITIVE (YoY)",
      "detail": "Op margin: -2.1% (year-ago) -> +6.0%",
      "severity": "HIGH"
    },
    {
      "quarter": "2024-06 (Q2)",
      "signal": "FCF MARGIN EXPANSION",
      "detail": "FCF margin: +5.3% -> +10.5% (+5.2%)",
      "severity": "MEDIUM"
    },
    {
      "quarter": "2024-06 (Q2)",
      "signal": "OPERATING LEVERAGE",
      "detail": "Rev growth +5.3% vs OpEx growth +2.0% (leverage: 2.7x)",
      "severity": "MEDIUM"
    },
    {
      "quarter": "2024-06 (Q2)",
      "signal": "YoY REVENUE GROWTH ACCELERATION",
      "detail": "YoY growth: +8.6% vs prior quarter YoY: -0.4% (accel: +8.9%)",
      "severity": "MEDIUM"
    },
    {
      "quarter": "2024-06 (Q2)",
      "signal": "OP MARGIN TURNED POSITIVE (QoQ)",
      "detail": "Op margin: -1.9% -> +1.3%",
      "severity": "HIGH"
    },
    {
      "quarter": "2024-03 (Q1)",
      "signal": "GROSS MARGIN INFLECTION",
      "detail": "GM: +33.2% -> +29.2% -> +32.7% (reversal +3.5%)",
      "severity": "MEDIUM"
    },
    {
      "quarter": "2023-12 (Q4)",
      "signal": "FCF MARGIN EXPANSION",
      "detail": "FCF margin: +2.5% -> +10.4% (+8.0%)",
      "severity": "MEDIUM"
    },
    {
      "quarter": "2023-12 (Q4)",
      "signal": "YoY REVENUE GROWTH ACCELERATION",
      "detail": "YoY growth: +1.7% vs prior quarter YoY: -7.5% (accel: +9.2%)",
      "severity": "MEDIUM"
    },
    {
      "quarter": "2023-09 (Q3)",
      "signal": "FCF TURNED POSITIVE",
      "detail": "FCF margin: -3.6% -> +2.5%",
      "severity": "HIGH"
    },
    {
      "quarter": "2023-09 (Q3)",
      "signal": "YoY REVENUE GROWTH DECELERATION",
      "detail": "YoY growth: -7.5% vs prior quarter YoY: -2.1% (decel: -5.4%)",
      "severity": "WARNING"
    },
    {
      "quarter": "2023-09 (Q3)",
      "signal": "OP MARGIN TURNED POSITIVE (YoY)",
      "detail": "Op margin: -0.1% (year-ago) -> +4.1%",
      "severity": "HIGH"
    },
    {
      "quarter": "2023-06 (Q2)",
      "signal": "YoY REVENUE GROWTH DECELERATION",
      "detail": "YoY growth: -2.1% vs prior quarter YoY: +4.7% (decel: -6.8%)",
      "severity": "WARNING"
    },
    {
      "quarter": "2023-06 (Q2)",
      "signal": "OP MARGIN TURNED POSITIVE (YoY)",
      "detail": "Op margin: -0.0% (year-ago) -> +0.5%",
      "severity": "HIGH"
    },
    {
      "quarter": "2023-03 (Q1)",
      "signal": "FCF TURNED POSITIVE",
      "detail": "FCF margin: -4.0% -> +4.8%",
      "severity": "HIGH"
    },
    {
      "quarter": "2023-03 (Q1)",
      "signal": "GROSS MARGIN INFLECTION",
      "detail": "GM: +31.2% -> +30.3% -> +33.8% (reversal +3.5%)",
      "severity": "MEDIUM"
    },
    {
      "quarter": "2023-03 (Q1)",
      "signal": "YoY REVENUE GROWTH DECELERATION",
      "detail": "YoY growth: +4.7% vs prior quarter YoY: +69.7% (decel: -65.0%)",
      "severity": "WARNING"
    },
    {
      "quarter": "2023-03 (Q1)",
      "signal": "OP MARGIN TURNED POSITIVE (YoY)",
      "detail": "Op margin: -7.8% (year-ago) -> +1.7%",
      "severity": "HIGH"
    },
    {
      "quarter": "2023-03 (Q1)",
      "signal": "OP MARGIN TURNED POSITIVE (QoQ)",
      "detail": "Op margin: -0.0% -> +1.7%",
      "severity": "HIGH"
    },
    {
      "quarter": "2022-12 (Q4)",
      "signal": "YoY REVENUE GROWTH DECELERATION",
      "detail": "YoY growth: +69.7% vs prior quarter YoY: +77.9% (decel: -8.2%)",
      "severity": "WARNING"
    },
    {
      "quarter": "2022-09 (Q3)",
      "signal": "FCF MARGIN EXPANSION",
      "detail": "FCF margin: -15.3% -> -3.1% (+12.2%)",
      "severity": "MEDIUM"
    },
    {
      "quarter": "2022-03 (Q1)",
      "signal": "YoY REVENUE GROWTH ACCELERATION",
      "detail": "YoY growth: +70.8% vs prior quarter YoY: +6.3% (accel: +64.5%)",
      "severity": "HIGH"
    },
    {
      "quarter": "2021-09 (Q3)",
      "signal": "FCF MARGIN EXPANSION",
      "detail": "FCF margin: +12.2% -> +18.5% (+6.3%)",
      "severity": "MEDIUM"
    },
    {
      "quarter": "2021-09 (Q3)",
      "signal": "OPERATING LEVERAGE",
      "detail": "Rev growth +4.5% vs OpEx growth +0.4% (leverage: 11.3x)",
      "severity": "MEDIUM"
    },
    {
      "quarter": "2021-06 (Q2)",
      "signal": "GROSS MARGIN INFLECTION",
      "detail": "GM: +37.4% -> +35.4% -> +38.4% (reversal +3.0%)",
      "severity": "MEDIUM"
    }
  ],
  "data_quality": {
    "n_quarters": 20,
    "coverage": {
      "revenue": [
        20,
        20
      ],
      "gross_profit": [
        20,
        20
      ],
      "op_income": [
        20,
        20
      ],
      "fcf": [
        20,
        20
      ]
    },
    "gaps": [],
    "warnings": []
  },
  "market_cap": null,
  "source": "SEC EDGAR",
  "last_updated": "2026-02-02T21:16:04.061597"
}