{
  "ticker": "IDN",
  "name": "Intellicheck, Inc.",
  "quarters": [
    {
      "date": "2020-12-31T00:00:00",
      "quarter_label": "2020-12 (Q4)",
      "revenue": 3078067,
      "gross_profit": 2848793,
      "operating_income": 459794,
      "net_income": 1259656,
      "opex": 2388999,
      "cogs": 229274,
      "rd": 837613,
      "sga": 1551386,
      "fcf": 291922,
      "ocf": 291922,
      "capex": null,
      "gross_margin": 0.9255136421656839,
      "op_margin": 0.14937751517429607,
      "fcf_margin": 0.09483939108537923
    },
    {
      "date": "2021-03-31T00:00:00",
      "quarter_label": "2021-03 (Q1)",
      "revenue": 2862541,
      "gross_profit": 2641813,
      "operating_income": -1075208,
      "net_income": -1060066,
      "opex": 3717021,
      "cogs": 220728,
      "rd": 1336241,
      "sga": 2380780,
      "fcf": -519000,
      "ocf": -471000,
      "capex": -48000,
      "gross_margin": 0.9228908861043388,
      "op_margin": -0.3756131353227779,
      "fcf_margin": -0.18130744677543484,
      "fcf_margin_change": -0.27614683786081407
    },
    {
      "date": "2021-06-30T00:00:00",
      "quarter_label": "2021-06 (Q2)",
      "revenue": 4797141,
      "gross_profit": 3328625,
      "operating_income": -738395,
      "net_income": -737785,
      "opex": 4067020,
      "cogs": 1468516,
      "rd": 1352624,
      "sga": 2714396,
      "fcf": -738000,
      "ocf": -604000,
      "capex": -134000,
      "gross_margin": 0.6938768320547593,
      "op_margin": -0.1539239726328661,
      "fcf_margin": -0.15384163192201356,
      "op_leverage_ratio": 7.177408735033243,
      "fcf_margin_change": 0.027465814853421283
    },
    {
      "date": "2021-09-30T00:00:00",
      "quarter_label": "2021-09 (Q3)",
      "revenue": 4831229,
      "gross_profit": 3320639,
      "operating_income": -951821,
      "net_income": -952233,
      "opex": 4272460,
      "cogs": 1510590,
      "rd": 1415666,
      "sga": 2856794,
      "fcf": 1325000,
      "ocf": 1482000,
      "capex": -157000,
      "gross_margin": 0.6873280070143643,
      "op_margin": -0.19701425869069755,
      "fcf_margin": 0.2742573370047249,
      "fcf_margin_change": 0.42809896892673843
    },
    {
      "date": "2021-12-31T00:00:00",
      "quarter_label": "2021-12 (Q4)",
      "revenue": 3902089,
      "gross_profit": 3590923,
      "operating_income": -1396576,
      "net_income": -1395916,
      "opex": 4987499,
      "cogs": 311166,
      "rd": 1375469,
      "sga": 3612030,
      "fcf": 709000,
      "ocf": 709000,
      "capex": null,
      "gross_margin": 0.9202565600118295,
      "op_margin": -0.3579047018148484,
      "fcf_margin": 0.18169754713436828,
      "rev_growth_yoy": 0.26770762299845974,
      "fcf_margin_change": -0.0925597898703566
    },
    {
      "date": "2022-03-31T00:00:00",
      "quarter_label": "2022-03 (Q1)",
      "revenue": 3395000,
      "gross_profit": 3079000,
      "operating_income": -1468000,
      "net_income": -1468000,
      "opex": 4547000,
      "cogs": 316000,
      "rd": 1604000,
      "sga": 2943000,
      "fcf": -2528000,
      "ocf": -2397000,
      "capex": -131000,
      "gross_margin": 0.9069219440353461,
      "op_margin": -0.43240058910162005,
      "fcf_margin": -0.7446244477172312,
      "rev_growth_yoy": 0.18600921349248797,
      "rev_growth_yoy_accel": -0.08169840950597176,
      "fcf_margin_change": -0.9263219948515995
    },
    {
      "date": "2022-06-30T00:00:00",
      "quarter_label": "2022-06 (Q2)",
      "revenue": 4008000,
      "gross_profit": 3644000,
      "operating_income": -1098000,
      "net_income": -1098000,
      "opex": 4742000,
      "cogs": 364000,
      "rd": 1618000,
      "sga": 3124000,
      "fcf": 834000,
      "ocf": 859000,
      "capex": -25000,
      "gross_margin": 0.909181636726547,
      "op_margin": -0.27395209580838326,
      "fcf_margin": 0.20808383233532934,
      "rev_growth_yoy": -0.1645023567162191,
      "rev_growth_yoy_accel": -0.35051157020870705,
      "op_leverage_ratio": 4.210280578528001,
      "fcf_margin_change": 0.9527082800525606
    },
    {
      "date": "2022-09-30T00:00:00",
      "quarter_label": "2022-09 (Q3)",
      "revenue": 4012000,
      "gross_profit": 3654000,
      "operating_income": -724000,
      "net_income": -724000,
      "opex": 4378000,
      "cogs": 358000,
      "rd": 1461000,
      "sga": 2917000,
      "fcf": -182000,
      "ocf": -173000,
      "capex": -9000,
      "gross_margin": 0.9107676969092722,
      "op_margin": -0.18045862412761715,
      "fcf_margin": -0.045363908275174475,
      "rev_growth_yoy": -0.1695694822166368,
      "rev_growth_yoy_accel": -0.005067125500417713,
      "fcf_margin_change": -0.2534477406105038
    },
    {
      "date": "2022-12-31T00:00:00",
      "quarter_label": "2022-12 (Q4)",
      "revenue": 4551000,
      "gross_profit": 4314000,
      "operating_income": -432000,
      "net_income": -561000,
      "opex": 4746000,
      "cogs": 237000,
      "rd": 1332000,
      "sga": 3414000,
      "fcf": -1796000,
      "ocf": -1769000,
      "capex": -27000,
      "gross_margin": 0.9479235332893869,
      "op_margin": -0.09492419248516809,
      "fcf_margin": -0.3946385409800044,
      "rev_growth_yoy": 0.16629835967349796,
      "rev_growth_yoy_accel": 0.33586784189013474,
      "op_leverage_ratio": 1.5982907256491397,
      "fcf_margin_change": -0.34927463270482995
    },
    {
      "date": "2023-03-31T00:00:00",
      "quarter_label": "2023-03 (Q1)",
      "revenue": 4254000,
      "gross_profit": 3922000,
      "operating_income": -1310000,
      "net_income": -1316000,
      "opex": 5232000,
      "cogs": 332000,
      "rd": 1308000,
      "sga": 3924000,
      "fcf": 216000,
      "ocf": 233000,
      "capex": -17000,
      "gross_margin": 0.921955806299953,
      "op_margin": -0.307945463093559,
      "fcf_margin": 0.05077574047954866,
      "rev_growth_yoy": 0.25301914580265095,
      "rev_growth_yoy_accel": 0.08672078612915299,
      "fcf_margin_change": 0.44541428145955303
    },
    {
      "date": "2023-06-30T00:00:00",
      "quarter_label": "2023-06 (Q2)",
      "revenue": 4716000,
      "gross_profit": 4364000,
      "operating_income": -773000,
      "net_income": -777000,
      "opex": 5137000,
      "cogs": 352000,
      "rd": 1276000,
      "sga": 3861000,
      "fcf": -1103000,
      "ocf": -1089000,
      "capex": -14000,
      "gross_margin": 0.9253604749787956,
      "op_margin": -0.16391009329940628,
      "fcf_margin": -0.2338846480067854,
      "rev_growth_yoy": 0.17664670658682635,
      "rev_growth_yoy_accel": -0.0763724392158246,
      "op_leverage_ratio": Infinity,
      "fcf_margin_change": -0.28466038848633407
    },
    {
      "date": "2023-09-30T00:00:00",
      "quarter_label": "2023-09 (Q3)",
      "revenue": 4760000,
      "gross_profit": 4332000,
      "operating_income": -815000,
      "net_income": -644000,
      "opex": 5147000,
      "cogs": 428000,
      "rd": 1550000,
      "sga": 3597000,
      "fcf": -295000,
      "ocf": -258000,
      "capex": -37000,
      "gross_margin": 0.9100840336134454,
      "op_margin": -0.17121848739495799,
      "fcf_margin": -0.06197478991596639,
      "rev_growth_yoy": 0.1864406779661017,
      "rev_growth_yoy_accel": 0.009793971379275346,
      "fcf_margin_change": 0.17190985809081902
    },
    {
      "date": "2023-12-31T00:00:00",
      "quarter_label": "2023-12 (Q4)",
      "revenue": 5176000,
      "gross_profit": 4913000,
      "operating_income": 622000,
      "net_income": 757000,
      "opex": 4291000,
      "cogs": 263000,
      "rd": 546000,
      "sga": 3745000,
      "fcf": 442000,
      "ocf": 467000,
      "capex": -25000,
      "gross_margin": 0.9491885625965997,
      "op_margin": 0.12017001545595055,
      "fcf_margin": 0.08539412673879443,
      "rev_growth_yoy": 0.13733245440562514,
      "rev_growth_yoy_accel": -0.04910822356047656,
      "op_leverage_ratio": Infinity,
      "fcf_margin_change": 0.14736891665476082
    },
    {
      "date": "2024-03-31T00:00:00",
      "quarter_label": "2024-03 (Q1)",
      "revenue": 4680000,
      "gross_profit": 4245000,
      "operating_income": -523000,
      "net_income": -442000,
      "opex": 4768000,
      "cogs": 435000,
      "rd": 819000,
      "sga": 3949000,
      "fcf": 860000,
      "ocf": 869000,
      "capex": -9000,
      "gross_margin": 0.907051282051282,
      "op_margin": -0.11175213675213676,
      "fcf_margin": 0.18376068376068377,
      "rev_growth_yoy": 0.1001410437235543,
      "rev_growth_yoy_accel": -0.03719141068207084,
      "fcf_margin_change": 0.09836655702188934
    },
    {
      "date": "2024-06-30T00:00:00",
      "quarter_label": "2024-06 (Q2)",
      "revenue": 4672000,
      "gross_profit": 4228000,
      "operating_income": -215000,
      "net_income": -127000,
      "opex": 4443000,
      "cogs": 444000,
      "rd": 835000,
      "sga": 3608000,
      "fcf": -1191000,
      "ocf": -1181000,
      "capex": -10000,
      "gross_margin": 0.9049657534246576,
      "op_margin": -0.04601883561643835,
      "fcf_margin": -0.2549229452054795,
      "rev_growth_yoy": -0.009329940627650551,
      "rev_growth_yoy_accel": -0.10947098435120485,
      "fcf_margin_change": -0.43868362896616325
    },
    {
      "date": "2024-09-30T00:00:00",
      "quarter_label": "2024-09 (Q3)",
      "revenue": 4709000,
      "gross_profit": 4285000,
      "operating_income": -910000,
      "net_income": -837000,
      "opex": 5195000,
      "cogs": 424000,
      "rd": 1177000,
      "sga": 4018000,
      "fcf": -1089000,
      "ocf": -1061000,
      "capex": -28000,
      "gross_margin": 0.9099596517307283,
      "op_margin": -0.19324697387980463,
      "fcf_margin": -0.23125929071989806,
      "rev_growth_yoy": -0.010714285714285714,
      "rev_growth_yoy_accel": -0.001384345086635163,
      "fcf_margin_change": 0.023663654485581415
    },
    {
      "date": "2024-12-31T00:00:00",
      "quarter_label": "2024-12 (Q4)",
      "revenue": 5937000,
      "gross_profit": 5409000,
      "operating_income": 466000,
      "net_income": 488000,
      "opex": 4943000,
      "cogs": 528000,
      "rd": 1028000,
      "sga": 3915000,
      "fcf": -1331000,
      "ocf": -1321000,
      "capex": -10000,
      "gross_margin": 0.911066195048004,
      "op_margin": 0.0784908202796025,
      "fcf_margin": -0.22418729998315648,
      "rev_growth_yoy": 0.14702472952086554,
      "rev_growth_yoy_accel": 0.15773901523515124,
      "op_leverage_ratio": Infinity,
      "fcf_margin_change": 0.007071990736741585
    },
    {
      "date": "2025-03-31T00:00:00",
      "quarter_label": "2025-03 (Q1)",
      "revenue": 4894000,
      "gross_profit": 4392000,
      "operating_income": -348000,
      "net_income": -318000,
      "opex": 4740000,
      "cogs": 502000,
      "rd": 1287000,
      "sga": 3453000,
      "fcf": 741000,
      "ocf": 750000,
      "capex": -9000,
      "gross_margin": 0.8974254188802615,
      "op_margin": -0.07110747854515734,
      "fcf_margin": 0.15140988966080915,
      "rev_growth_yoy": 0.045726495726495724,
      "rev_growth_yoy_accel": -0.10129823379436981,
      "fcf_margin_change": 0.3755971896439656
    },
    {
      "date": "2025-06-30T00:00:00",
      "quarter_label": "2025-06 (Q2)",
      "revenue": 5123000,
      "gross_profit": 4600000,
      "operating_income": -298000,
      "net_income": -251000,
      "opex": 4898000,
      "cogs": 523000,
      "rd": 1363000,
      "sga": 3535000,
      "fcf": 3121000,
      "ocf": 3134000,
      "capex": -13000,
      "gross_margin": 0.8979113800507516,
      "op_margin": -0.05816904157720086,
      "fcf_margin": 0.6092133515518251,
      "rev_growth_yoy": 0.09653253424657535,
      "rev_growth_yoy_accel": 0.05080603852007962,
      "op_leverage_ratio": 1.4037597057621578,
      "fcf_margin_change": 0.45780346189101595
    },
    {
      "date": "2025-09-30T00:00:00",
      "quarter_label": "2025-09 (Q3)",
      "revenue": 6014000,
      "gross_profit": 5443000,
      "operating_income": 238000,
      "net_income": 290000,
      "opex": 5205000,
      "cogs": 571000,
      "rd": 1391000,
      "sga": 3814000,
      "fcf": -1759000,
      "ocf": -1737000,
      "capex": -22000,
      "gross_margin": 0.905054871965414,
      "op_margin": 0.03957432657133356,
      "fcf_margin": -0.29248420352510807,
      "incr_op_margin_yoy": 0.8796934865900383,
      "rev_growth_yoy": 0.2771289021023572,
      "rev_growth_yoy_accel": 0.18059636785578184,
      "op_leverage_ratio": 2.7748132106531127,
      "fcf_margin_change": -0.9016975550769332
    }
  ],
  "signals": [
    {
      "quarter": "2025-09 (Q3)",
      "signal": "OPERATING LEVERAGE",
      "detail": "Rev growth +17.4% vs OpEx growth +6.3% (leverage: 2.8x)",
      "severity": "MEDIUM"
    },
    {
      "quarter": "2025-09 (Q3)",
      "signal": "YoY REVENUE GROWTH ACCELERATION",
      "detail": "YoY growth: +27.7% vs prior quarter YoY: +9.7% (accel: +18.1%)",
      "severity": "HIGH"
    },
    {
      "quarter": "2025-09 (Q3)",
      "signal": "OP MARGIN TURNED POSITIVE (YoY)",
      "detail": "Op margin: -19.3% (year-ago) -> +4.0%",
      "severity": "HIGH"
    },
    {
      "quarter": "2025-09 (Q3)",
      "signal": "OP MARGIN TURNED POSITIVE (QoQ)",
      "detail": "Op margin: -5.8% -> +4.0%",
      "severity": "HIGH"
    },
    {
      "quarter": "2025-06 (Q2)",
      "signal": "FCF MARGIN EXPANSION",
      "detail": "FCF margin: +15.1% -> +60.9% (+45.8%)",
      "severity": "MEDIUM"
    },
    {
      "quarter": "2025-06 (Q2)",
      "signal": "YoY REVENUE GROWTH ACCELERATION",
      "detail": "YoY growth: +9.7% vs prior quarter YoY: +4.6% (accel: +5.1%)",
      "severity": "MEDIUM"
    },
    {
      "quarter": "2025-03 (Q1)",
      "signal": "FCF TURNED POSITIVE",
      "detail": "FCF margin: -22.4% -> +15.1%",
      "severity": "HIGH"
    },
    {
      "quarter": "2025-03 (Q1)",
      "signal": "YoY REVENUE GROWTH DECELERATION",
      "detail": "YoY growth: +4.6% vs prior quarter YoY: +14.7% (decel: -10.1%)",
      "severity": "WARNING"
    },
    {
      "quarter": "2024-12 (Q4)",
      "signal": "YoY REVENUE GROWTH ACCELERATION",
      "detail": "YoY growth: +14.7% vs prior quarter YoY: -1.1% (accel: +15.8%)",
      "severity": "HIGH"
    },
    {
      "quarter": "2024-12 (Q4)",
      "signal": "OP MARGIN TURNED POSITIVE (QoQ)",
      "detail": "Op margin: -19.3% -> +7.8%",
      "severity": "HIGH"
    },
    {
      "quarter": "2024-06 (Q2)",
      "signal": "YoY REVENUE GROWTH DECELERATION",
      "detail": "YoY growth: -0.9% vs prior quarter YoY: +10.0% (decel: -10.9%)",
      "severity": "WARNING"
    },
    {
      "quarter": "2024-03 (Q1)",
      "signal": "FCF MARGIN EXPANSION",
      "detail": "FCF margin: +8.5% -> +18.4% (+9.8%)",
      "severity": "MEDIUM"
    },
    {
      "quarter": "2023-12 (Q4)",
      "signal": "FCF TURNED POSITIVE",
      "detail": "FCF margin: -6.2% -> +8.5%",
      "severity": "HIGH"
    },
    {
      "quarter": "2023-12 (Q4)",
      "signal": "GROSS MARGIN INFLECTION",
      "detail": "GM: +92.5% -> +91.0% -> +94.9% (reversal +3.9%)",
      "severity": "MEDIUM"
    },
    {
      "quarter": "2023-12 (Q4)",
      "signal": "OP MARGIN TURNED POSITIVE (YoY)",
      "detail": "Op margin: -9.5% (year-ago) -> +12.0%",
      "severity": "HIGH"
    },
    {
      "quarter": "2023-12 (Q4)",
      "signal": "OP MARGIN TURNED POSITIVE (QoQ)",
      "detail": "Op margin: -17.1% -> +12.0%",
      "severity": "HIGH"
    },
    {
      "quarter": "2023-09 (Q3)",
      "signal": "FCF MARGIN EXPANSION",
      "detail": "FCF margin: -23.4% -> -6.2% (+17.2%)",
      "severity": "MEDIUM"
    },
    {
      "quarter": "2023-06 (Q2)",
      "signal": "YoY REVENUE GROWTH DECELERATION",
      "detail": "YoY growth: +17.7% vs prior quarter YoY: +25.3% (decel: -7.6%)",
      "severity": "WARNING"
    },
    {
      "quarter": "2023-03 (Q1)",
      "signal": "FCF TURNED POSITIVE",
      "detail": "FCF margin: -39.5% -> +5.1%",
      "severity": "HIGH"
    },
    {
      "quarter": "2023-03 (Q1)",
      "signal": "YoY REVENUE GROWTH ACCELERATION",
      "detail": "YoY growth: +25.3% vs prior quarter YoY: +16.6% (accel: +8.7%)",
      "severity": "MEDIUM"
    },
    {
      "quarter": "2022-12 (Q4)",
      "signal": "OPERATING LEVERAGE",
      "detail": "Rev growth +13.4% vs OpEx growth +8.4% (leverage: 1.6x)",
      "severity": "MEDIUM"
    },
    {
      "quarter": "2022-12 (Q4)",
      "signal": "YoY REVENUE GROWTH ACCELERATION",
      "detail": "YoY growth: +16.6% vs prior quarter YoY: -17.0% (accel: +33.6%)",
      "severity": "HIGH"
    },
    {
      "quarter": "2022-06 (Q2)",
      "signal": "FCF TURNED POSITIVE",
      "detail": "FCF margin: -74.5% -> +20.8%",
      "severity": "HIGH"
    },
    {
      "quarter": "2022-06 (Q2)",
      "signal": "OPERATING LEVERAGE",
      "detail": "Rev growth +18.1% vs OpEx growth +4.3% (leverage: 4.2x)",
      "severity": "MEDIUM"
    },
    {
      "quarter": "2022-06 (Q2)",
      "signal": "YoY REVENUE GROWTH DECELERATION",
      "detail": "YoY growth: -16.5% vs prior quarter YoY: +18.6% (decel: -35.1%)",
      "severity": "WARNING"
    },
    {
      "quarter": "2022-03 (Q1)",
      "signal": "YoY REVENUE GROWTH DECELERATION",
      "detail": "YoY growth: +18.6% vs prior quarter YoY: +26.8% (decel: -8.2%)",
      "severity": "WARNING"
    },
    {
      "quarter": "2021-12 (Q4)",
      "signal": "GROSS MARGIN INFLECTION",
      "detail": "GM: +69.4% -> +68.7% -> +92.0% (reversal +23.3%)",
      "severity": "HIGH"
    },
    {
      "quarter": "2021-09 (Q3)",
      "signal": "FCF TURNED POSITIVE",
      "detail": "FCF margin: -15.4% -> +27.4%",
      "severity": "HIGH"
    },
    {
      "quarter": "2021-06 (Q2)",
      "signal": "OPERATING LEVERAGE",
      "detail": "Rev growth +67.6% vs OpEx growth +9.4% (leverage: 7.2x)",
      "severity": "MEDIUM"
    }
  ],
  "data_quality": {
    "n_quarters": 20,
    "coverage": {
      "revenue": [
        20,
        20
      ],
      "gross_profit": [
        20,
        20
      ],
      "op_income": [
        20,
        20
      ],
      "fcf": [
        20,
        20
      ]
    },
    "gaps": [],
    "warnings": []
  },
  "market_cap": null,
  "source": "SEC EDGAR",
  "last_updated": "2026-02-02T23:15:40.255565",
  "sector": "Technology",
  "industry": "Software - Application"
}