{
  "ticker": "IDR",
  "name": "IDAHO STRATEGIC RESOURCES, INC",
  "quarters": [
    {
      "date": "2020-12-31T00:00:00",
      "quarter_label": "2020-12 (Q4)",
      "revenue": 1393546,
      "gross_profit": 43513,
      "operating_income": -308688,
      "net_income": -357911,
      "opex": 352201,
      "cogs": 1350033,
      "rd": null,
      "sga": null,
      "fcf": -604155,
      "ocf": -604155,
      "capex": null,
      "gross_margin": 0.031224659968167538,
      "op_margin": -0.2215126016651047,
      "fcf_margin": -0.43353789541213567
    },
    {
      "date": "2021-03-31T00:00:00",
      "quarter_label": "2021-03 (Q1)",
      "revenue": 1586627,
      "gross_profit": -71403,
      "operating_income": -1626655,
      "net_income": -1662404,
      "opex": 1555252,
      "cogs": 1658030,
      "rd": null,
      "sga": null,
      "fcf": -719167,
      "ocf": -719167,
      "capex": null,
      "gross_margin": -0.045003015831698315,
      "op_margin": -1.025228361801482,
      "fcf_margin": -0.4532678443011495,
      "op_leverage_ratio": 0.04056250584007979,
      "fcf_margin_change": -0.01972994888901386
    },
    {
      "date": "2021-06-30T00:00:00",
      "quarter_label": "2021-06 (Q2)",
      "revenue": 2180232,
      "gross_profit": 362249,
      "operating_income": -80689,
      "net_income": -140768,
      "opex": 442938,
      "cogs": 1817983,
      "rd": null,
      "sga": null,
      "fcf": -43415,
      "ocf": -43415,
      "capex": null,
      "gross_margin": 0.1661515838681388,
      "op_margin": -0.037009364141063886,
      "fcf_margin": -0.019913018431066052,
      "op_leverage_ratio": Infinity,
      "fcf_margin_change": 0.43335482587008345
    },
    {
      "date": "2021-09-30T00:00:00",
      "quarter_label": "2021-09 (Q3)",
      "revenue": 2098849,
      "gross_profit": 278010,
      "operating_income": -187310,
      "net_income": -237671,
      "opex": 465320,
      "cogs": 1820839,
      "rd": null,
      "sga": null,
      "fcf": 1134612,
      "ocf": 4469,
      "capex": 1130143,
      "gross_margin": 0.13245831405689498,
      "op_margin": -0.089244152390191,
      "fcf_margin": 0.5405877221276996,
      "fcf_margin_change": 0.5605007405587656
    },
    {
      "date": "2021-12-31T00:00:00",
      "quarter_label": "2021-12 (Q4)",
      "revenue": 1764708,
      "gross_profit": -80978,
      "operating_income": -1165630,
      "net_income": -1219518,
      "opex": 1084652,
      "cogs": 1845686,
      "rd": null,
      "sga": null,
      "fcf": -1257559,
      "ocf": -592914,
      "capex": -664645,
      "gross_margin": -0.04588747826835941,
      "op_margin": -0.6605228740392178,
      "fcf_margin": -0.7126159115275729,
      "rev_growth_yoy": 0.2663435580885023,
      "fcf_margin_change": -1.2532036336552723
    },
    {
      "date": "2022-03-31T00:00:00",
      "quarter_label": "2022-03 (Q1)",
      "revenue": 2044417,
      "gross_profit": 306143,
      "operating_income": -426166,
      "net_income": -473069,
      "opex": 732309,
      "cogs": 1738274,
      "rd": null,
      "sga": null,
      "fcf": -848086,
      "ocf": -848086,
      "capex": null,
      "gross_margin": 0.14974586887117453,
      "op_margin": -0.2084535591320166,
      "fcf_margin": -0.4148302425581474,
      "rev_growth_yoy": 0.28853032250176003,
      "rev_growth_yoy_accel": 0.02218676441325773,
      "op_leverage_ratio": Infinity,
      "fcf_margin_change": 0.2977856689694255
    },
    {
      "date": "2022-06-30T00:00:00",
      "quarter_label": "2022-06 (Q2)",
      "revenue": 2358492,
      "gross_profit": 7457,
      "operating_income": -846721,
      "net_income": -852249,
      "opex": 854178,
      "cogs": 2351035,
      "rd": null,
      "sga": null,
      "fcf": -942390,
      "ocf": -846390,
      "capex": -96000,
      "gross_margin": 0.003161766077646225,
      "op_margin": -0.3590094857222327,
      "fcf_margin": -0.39957311705954485,
      "rev_growth_yoy": 0.08176194093105688,
      "rev_growth_yoy_accel": -0.20676838157070315,
      "op_leverage_ratio": 0.9231345571892955,
      "fcf_margin_change": 0.01525712549860253
    },
    {
      "date": "2022-09-30T00:00:00",
      "quarter_label": "2022-09 (Q3)",
      "revenue": 1745278,
      "gross_profit": -228760,
      "operating_income": -1888044,
      "net_income": -1909424,
      "opex": 1659284,
      "cogs": 1974038,
      "rd": null,
      "sga": null,
      "fcf": -312679,
      "ocf": -312679,
      "capex": null,
      "gross_margin": -0.131073674222674,
      "op_margin": -1.0818012946934528,
      "fcf_margin": -0.17915713141402115,
      "rev_growth_yoy": -0.16845947469303413,
      "rev_growth_yoy_accel": -0.250221415624091,
      "fcf_margin_change": 0.2204159856455237
    },
    {
      "date": "2022-12-31T00:00:00",
      "quarter_label": "2022-12 (Q4)",
      "revenue": 3432002,
      "gross_profit": 1469082,
      "operating_income": 608694,
      "net_income": 603650,
      "opex": 860388,
      "cogs": 1962920,
      "rd": null,
      "sga": null,
      "fcf": -1155809,
      "ocf": 190065,
      "capex": -1345874,
      "gross_margin": 0.42805394635550914,
      "op_margin": 0.17735828825274577,
      "fcf_margin": -0.33677398789394647,
      "incr_op_margin_yoy": 1.0641938374395878,
      "rev_growth_yoy": 0.9447987995747739,
      "rev_growth_yoy_accel": 1.113258274267808,
      "op_leverage_ratio": Infinity,
      "fcf_margin_change": -0.15761685647992532
    },
    {
      "date": "2023-03-31T00:00:00",
      "quarter_label": "2023-03 (Q1)",
      "revenue": 3341596,
      "gross_profit": 865599,
      "operating_income": 13023,
      "net_income": 44186,
      "opex": 852576,
      "cogs": 2475997,
      "rd": null,
      "sga": null,
      "fcf": 31513,
      "ocf": 160762,
      "capex": -129249,
      "gross_margin": 0.25903759760306155,
      "op_margin": 0.0038972395226712026,
      "fcf_margin": 0.009430523618055563,
      "incr_op_margin_yoy": 0.338572394403548,
      "rev_growth_yoy": 0.6344982457101462,
      "rev_growth_yoy_accel": -0.3103005538646276,
      "fcf_margin_change": 0.34620451151200204
    },
    {
      "date": "2023-06-30T00:00:00",
      "quarter_label": "2023-06 (Q2)",
      "revenue": 3236515,
      "gross_profit": 793583,
      "operating_income": 289987,
      "net_income": 295822,
      "opex": 503596,
      "cogs": 2442932,
      "rd": null,
      "sga": null,
      "fcf": 768477,
      "ocf": 982584,
      "capex": -214107,
      "gross_margin": 0.24519676256714398,
      "op_margin": 0.08959853422585713,
      "fcf_margin": 0.23743965345441007,
      "rev_growth_yoy": 0.3722815256528324,
      "rev_growth_yoy_accel": -0.26221672005731383,
      "fcf_margin_change": 0.2280091298363545
    },
    {
      "date": "2023-09-30T00:00:00",
      "quarter_label": "2023-09 (Q3)",
      "revenue": 3301221,
      "gross_profit": 1105932,
      "operating_income": 413461,
      "net_income": 403983,
      "opex": 692471,
      "cogs": 2195289,
      "rd": null,
      "sga": null,
      "fcf": 75423,
      "ocf": 199722,
      "capex": -124299,
      "gross_margin": 0.3350069565169978,
      "op_margin": 0.1252448715187502,
      "fcf_margin": 0.022847001155027184,
      "incr_op_margin_yoy": 1.4791705094595367,
      "rev_growth_yoy": 0.8915158501969314,
      "rev_growth_yoy_accel": 0.5192343245440989,
      "op_leverage_ratio": 0.053305831703779255,
      "fcf_margin_change": -0.21459265229938287
    },
    {
      "date": "2023-12-31T00:00:00",
      "quarter_label": "2023-12 (Q4)",
      "revenue": 3777401,
      "gross_profit": 1199922,
      "operating_income": 295899,
      "net_income": 329458,
      "opex": 904023,
      "cogs": 2577479,
      "rd": null,
      "sga": null,
      "fcf": 456351,
      "ocf": 760941,
      "capex": -304590,
      "gross_margin": 0.31765809348808877,
      "op_margin": 0.07833401854873231,
      "fcf_margin": 0.12081084322262847,
      "rev_growth_yoy": 0.1006406756173219,
      "rev_growth_yoy_accel": -0.7908751745796094,
      "op_leverage_ratio": 0.4721511006015805,
      "fcf_margin_change": 0.09796384206760128
    },
    {
      "date": "2024-03-31T00:00:00",
      "quarter_label": "2024-03 (Q1)",
      "revenue": 5898938,
      "gross_profit": 2838237,
      "operating_income": 2141973,
      "net_income": 2155814,
      "opex": 696264,
      "cogs": 3060701,
      "rd": null,
      "sga": null,
      "fcf": 2257257,
      "ocf": 2579853,
      "capex": -322596,
      "gross_margin": 0.4811437245144804,
      "op_margin": 0.36311163128007107,
      "fcf_margin": 0.38265481006920227,
      "incr_op_margin_yoy": 0.8324854477813292,
      "rev_growth_yoy": 0.7653055605764432,
      "rev_growth_yoy_accel": 0.6646648849591212,
      "op_leverage_ratio": Infinity,
      "fcf_margin_change": 0.2618439668465738
    },
    {
      "date": "2024-06-30T00:00:00",
      "quarter_label": "2024-06 (Q2)",
      "revenue": 6125382,
      "gross_profit": 3073425,
      "operating_income": 2095596,
      "net_income": 2134922,
      "opex": 977829,
      "cogs": 3051957,
      "rd": null,
      "sga": null,
      "fcf": 2368344,
      "ocf": 2629589,
      "capex": -261245,
      "gross_margin": 0.5017523805045955,
      "op_margin": 0.3421167855327227,
      "fcf_margin": 0.38664429418442803,
      "incr_op_margin_yoy": 0.6250232357529786,
      "rev_growth_yoy": 0.8925856978880061,
      "rev_growth_yoy_accel": 0.12728013731156296,
      "op_leverage_ratio": 0.09492536117902645,
      "fcf_margin_change": 0.003989484115225761
    },
    {
      "date": "2024-09-30T00:00:00",
      "quarter_label": "2024-09 (Q3)",
      "revenue": 6153287,
      "gross_profit": 2997356,
      "operating_income": 1439534,
      "net_income": 1989508,
      "opex": 1557822,
      "cogs": 3155931,
      "rd": null,
      "sga": null,
      "fcf": 1872318,
      "ocf": 2476958,
      "capex": -604640,
      "gross_margin": 0.4871146104512921,
      "op_margin": 0.23394553187589007,
      "fcf_margin": 0.30427932257994794,
      "incr_op_margin_yoy": 0.35976481610173117,
      "rev_growth_yoy": 0.8639427654192191,
      "rev_growth_yoy_accel": -0.02864293246878702,
      "fcf_margin_change": -0.08236497160448009
    },
    {
      "date": "2024-12-31T00:00:00",
      "quarter_label": "2024-12 (Q4)",
      "revenue": 7587766,
      "gross_profit": 4041475,
      "operating_income": 2748432,
      "net_income": 2556441,
      "opex": 1293043,
      "cogs": 3546291,
      "rd": null,
      "sga": null,
      "fcf": 2121740,
      "ocf": 3152406,
      "capex": -1030666,
      "gross_margin": 0.5326304211279052,
      "op_margin": 0.36221886652804003,
      "fcf_margin": 0.2796264407732131,
      "incr_op_margin_yoy": 0.6436477870230279,
      "rev_growth_yoy": 1.0087266350593966,
      "rev_growth_yoy_accel": 0.14478386964017753,
      "op_leverage_ratio": Infinity,
      "fcf_margin_change": -0.02465288180673486
    },
    {
      "date": "2025-03-31T00:00:00",
      "quarter_label": "2025-03 (Q1)",
      "revenue": 7278536,
      "gross_profit": 3698086,
      "operating_income": 1401254,
      "net_income": 1608979,
      "opex": 2296832,
      "cogs": 3580450,
      "rd": null,
      "sga": null,
      "fcf": 1001121,
      "ocf": 2409589,
      "capex": -1408468,
      "gross_margin": 0.5080810206887759,
      "op_margin": 0.19251866034598167,
      "fcf_margin": 0.13754428088285886,
      "incr_op_margin_yoy": -0.5369093025649501,
      "rev_growth_yoy": 0.23387226649949533,
      "rev_growth_yoy_accel": -0.7748543685599013,
      "fcf_margin_change": -0.14208215989035422
    },
    {
      "date": "2025-06-30T00:00:00",
      "quarter_label": "2025-06 (Q2)",
      "revenue": 9476739,
      "gross_profit": 5475786,
      "operating_income": 2516874,
      "net_income": 2767458,
      "opex": 2958912,
      "cogs": 4000953,
      "rd": null,
      "sga": null,
      "fcf": 2514832,
      "ocf": 3542960,
      "capex": -1028128,
      "gross_margin": 0.5778133174291283,
      "op_margin": 0.2655843956449576,
      "fcf_margin": 0.2653689206804155,
      "incr_op_margin_yoy": 0.12570370748326723,
      "rev_growth_yoy": 0.5471262037208455,
      "rev_growth_yoy_accel": 0.3132539372213502,
      "op_leverage_ratio": 1.0477134593895168,
      "fcf_margin_change": 0.12782463979755665
    },
    {
      "date": "2025-09-30T00:00:00",
      "quarter_label": "2025-09 (Q3)",
      "revenue": 11081272,
      "gross_profit": 7047405,
      "operating_income": 2593970,
      "net_income": 2974558,
      "opex": 4453435,
      "cogs": 4033867,
      "rd": null,
      "sga": null,
      "fcf": 709777,
      "ocf": 2403340,
      "capex": -1693563,
      "gross_margin": 0.635974371895212,
      "op_margin": 0.23408594248024955,
      "fcf_margin": 0.0640519427733567,
      "incr_op_margin_yoy": 0.234261264999792,
      "rev_growth_yoy": 0.8008703315805032,
      "rev_growth_yoy_accel": 0.2537441278596577,
      "op_leverage_ratio": 0.3352117087238676,
      "fcf_margin_change": -0.20131697790705883
    }
  ],
  "signals": [
    {
      "quarter": "2025-09 (Q3)",
      "signal": "YoY REVENUE GROWTH ACCELERATION",
      "detail": "YoY growth: +80.1% vs prior quarter YoY: +54.7% (accel: +25.4%)",
      "severity": "HIGH"
    },
    {
      "quarter": "2025-06 (Q2)",
      "signal": "FCF MARGIN EXPANSION",
      "detail": "FCF margin: +13.8% -> +26.5% (+12.8%)",
      "severity": "MEDIUM"
    },
    {
      "quarter": "2025-06 (Q2)",
      "signal": "GROSS MARGIN INFLECTION",
      "detail": "GM: +53.3% -> +50.8% -> +57.8% (reversal +7.0%)",
      "severity": "HIGH"
    },
    {
      "quarter": "2025-06 (Q2)",
      "signal": "YoY REVENUE GROWTH ACCELERATION",
      "detail": "YoY growth: +54.7% vs prior quarter YoY: +23.4% (accel: +31.3%)",
      "severity": "HIGH"
    },
    {
      "quarter": "2025-03 (Q1)",
      "signal": "YoY REVENUE GROWTH DECELERATION",
      "detail": "YoY growth: +23.4% vs prior quarter YoY: +100.9% (decel: -77.5%)",
      "severity": "WARNING"
    },
    {
      "quarter": "2024-12 (Q4)",
      "signal": "GROSS MARGIN INFLECTION",
      "detail": "GM: +50.2% -> +48.7% -> +53.3% (reversal +4.6%)",
      "severity": "MEDIUM"
    },
    {
      "quarter": "2024-12 (Q4)",
      "signal": "YoY REVENUE GROWTH ACCELERATION",
      "detail": "YoY growth: +100.9% vs prior quarter YoY: +86.4% (accel: +14.5%)",
      "severity": "MEDIUM"
    },
    {
      "quarter": "2024-12 (Q4)",
      "signal": "INCREMENTAL MARGIN (YoY)",
      "detail": "YoY Incr OPM: +64.4% vs year-ago OPM: +7.8%",
      "severity": "HIGH"
    },
    {
      "quarter": "2024-09 (Q3)",
      "signal": "INCREMENTAL MARGIN (YoY)",
      "detail": "YoY Incr OPM: +36.0% vs year-ago OPM: +12.5%",
      "severity": "HIGH"
    },
    {
      "quarter": "2024-06 (Q2)",
      "signal": "YoY REVENUE GROWTH ACCELERATION",
      "detail": "YoY growth: +89.3% vs prior quarter YoY: +76.5% (accel: +12.7%)",
      "severity": "MEDIUM"
    },
    {
      "quarter": "2024-06 (Q2)",
      "signal": "INCREMENTAL MARGIN (YoY)",
      "detail": "YoY Incr OPM: +62.5% vs year-ago OPM: +9.0%",
      "severity": "HIGH"
    },
    {
      "quarter": "2024-03 (Q1)",
      "signal": "FCF MARGIN EXPANSION",
      "detail": "FCF margin: +12.1% -> +38.3% (+26.2%)",
      "severity": "MEDIUM"
    },
    {
      "quarter": "2024-03 (Q1)",
      "signal": "GROSS MARGIN INFLECTION",
      "detail": "GM: +33.5% -> +31.8% -> +48.1% (reversal +16.3%)",
      "severity": "HIGH"
    },
    {
      "quarter": "2024-03 (Q1)",
      "signal": "YoY REVENUE GROWTH ACCELERATION",
      "detail": "YoY growth: +76.5% vs prior quarter YoY: +10.1% (accel: +66.5%)",
      "severity": "HIGH"
    },
    {
      "quarter": "2024-03 (Q1)",
      "signal": "INCREMENTAL MARGIN (YoY)",
      "detail": "YoY Incr OPM: +83.2% vs year-ago OPM: +0.4%",
      "severity": "HIGH"
    },
    {
      "quarter": "2023-12 (Q4)",
      "signal": "FCF MARGIN EXPANSION",
      "detail": "FCF margin: +2.3% -> +12.1% (+9.8%)",
      "severity": "MEDIUM"
    },
    {
      "quarter": "2023-12 (Q4)",
      "signal": "YoY REVENUE GROWTH DECELERATION",
      "detail": "YoY growth: +10.1% vs prior quarter YoY: +89.2% (decel: -79.1%)",
      "severity": "WARNING"
    },
    {
      "quarter": "2023-09 (Q3)",
      "signal": "GROSS MARGIN INFLECTION",
      "detail": "GM: +25.9% -> +24.5% -> +33.5% (reversal +9.0%)",
      "severity": "HIGH"
    },
    {
      "quarter": "2023-09 (Q3)",
      "signal": "YoY REVENUE GROWTH ACCELERATION",
      "detail": "YoY growth: +89.2% vs prior quarter YoY: +37.2% (accel: +51.9%)",
      "severity": "HIGH"
    },
    {
      "quarter": "2023-09 (Q3)",
      "signal": "OP MARGIN TURNED POSITIVE (YoY)",
      "detail": "Op margin: -108.2% (year-ago) -> +12.5%",
      "severity": "HIGH"
    },
    {
      "quarter": "2023-06 (Q2)",
      "signal": "FCF MARGIN EXPANSION",
      "detail": "FCF margin: +0.9% -> +23.7% (+22.8%)",
      "severity": "MEDIUM"
    },
    {
      "quarter": "2023-06 (Q2)",
      "signal": "YoY REVENUE GROWTH DECELERATION",
      "detail": "YoY growth: +37.2% vs prior quarter YoY: +63.4% (decel: -26.2%)",
      "severity": "WARNING"
    },
    {
      "quarter": "2023-06 (Q2)",
      "signal": "OP MARGIN TURNED POSITIVE (YoY)",
      "detail": "Op margin: -35.9% (year-ago) -> +9.0%",
      "severity": "HIGH"
    },
    {
      "quarter": "2023-03 (Q1)",
      "signal": "FCF TURNED POSITIVE",
      "detail": "FCF margin: -33.7% -> +0.9%",
      "severity": "HIGH"
    },
    {
      "quarter": "2023-03 (Q1)",
      "signal": "YoY REVENUE GROWTH DECELERATION",
      "detail": "YoY growth: +63.4% vs prior quarter YoY: +94.5% (decel: -31.0%)",
      "severity": "WARNING"
    },
    {
      "quarter": "2023-03 (Q1)",
      "signal": "OP MARGIN TURNED POSITIVE (YoY)",
      "detail": "Op margin: -20.8% (year-ago) -> +0.4%",
      "severity": "HIGH"
    },
    {
      "quarter": "2022-12 (Q4)",
      "signal": "GROSS MARGIN INFLECTION",
      "detail": "GM: +0.3% -> -13.1% -> +42.8% (reversal +55.9%)",
      "severity": "HIGH"
    },
    {
      "quarter": "2022-12 (Q4)",
      "signal": "YoY REVENUE GROWTH ACCELERATION",
      "detail": "YoY growth: +94.5% vs prior quarter YoY: -16.8% (accel: +111.3%)",
      "severity": "HIGH"
    },
    {
      "quarter": "2022-12 (Q4)",
      "signal": "OP MARGIN TURNED POSITIVE (YoY)",
      "detail": "Op margin: -66.1% (year-ago) -> +17.7%",
      "severity": "HIGH"
    },
    {
      "quarter": "2022-12 (Q4)",
      "signal": "OP MARGIN TURNED POSITIVE (QoQ)",
      "detail": "Op margin: -108.2% -> +17.7%",
      "severity": "HIGH"
    },
    {
      "quarter": "2022-09 (Q3)",
      "signal": "FCF MARGIN EXPANSION",
      "detail": "FCF margin: -40.0% -> -17.9% (+22.0%)",
      "severity": "MEDIUM"
    },
    {
      "quarter": "2022-09 (Q3)",
      "signal": "YoY REVENUE GROWTH DECELERATION",
      "detail": "YoY growth: -16.8% vs prior quarter YoY: +8.2% (decel: -25.0%)",
      "severity": "WARNING"
    },
    {
      "quarter": "2022-06 (Q2)",
      "signal": "YoY REVENUE GROWTH DECELERATION",
      "detail": "YoY growth: +8.2% vs prior quarter YoY: +28.9% (decel: -20.7%)",
      "severity": "WARNING"
    },
    {
      "quarter": "2022-03 (Q1)",
      "signal": "FCF MARGIN EXPANSION",
      "detail": "FCF margin: -71.3% -> -41.5% (+29.8%)",
      "severity": "MEDIUM"
    },
    {
      "quarter": "2022-03 (Q1)",
      "signal": "GROSS MARGIN INFLECTION",
      "detail": "GM: +13.2% -> -4.6% -> +15.0% (reversal +19.6%)",
      "severity": "HIGH"
    },
    {
      "quarter": "2021-09 (Q3)",
      "signal": "FCF TURNED POSITIVE",
      "detail": "FCF margin: -2.0% -> +54.1%",
      "severity": "HIGH"
    },
    {
      "quarter": "2021-06 (Q2)",
      "signal": "FCF MARGIN EXPANSION",
      "detail": "FCF margin: -45.3% -> -2.0% (+43.3%)",
      "severity": "MEDIUM"
    },
    {
      "quarter": "2021-06 (Q2)",
      "signal": "GROSS MARGIN INFLECTION",
      "detail": "GM: +3.1% -> -4.5% -> +16.6% (reversal +21.1%)",
      "severity": "HIGH"
    }
  ],
  "data_quality": {
    "n_quarters": 20,
    "coverage": {
      "revenue": [
        20,
        20
      ],
      "gross_profit": [
        20,
        20
      ],
      "op_income": [
        20,
        20
      ],
      "fcf": [
        20,
        20
      ]
    },
    "gaps": [],
    "warnings": []
  },
  "market_cap": null,
  "source": "SEC EDGAR",
  "last_updated": "2026-02-02T22:16:45.389031",
  "sector": "Basic Materials",
  "industry": "Gold"
}