{
  "ticker": "IDWM",
  "name": "IDW MEDIA HOLDINGS, INC.",
  "quarters": [
    {
      "date": "2020-04-30T00:00:00",
      "quarter_label": "2020-04 (Q2)",
      "revenue": 9268000,
      "gross_profit": 5973000,
      "operating_income": 1329000,
      "net_income": -354000,
      "opex": 180885,
      "cogs": 3295000,
      "rd": null,
      "sga": 4583000,
      "fcf": null,
      "ocf": null,
      "capex": null,
      "gross_margin": 0.6444756150194216,
      "op_margin": 0.14339663357790247,
      "fcf_margin": null
    },
    {
      "date": "2020-07-31T00:00:00",
      "quarter_label": "2020-07 (Q3)",
      "revenue": 8487000,
      "gross_profit": 394000,
      "operating_income": -3409000,
      "net_income": -4548000,
      "opex": 139437,
      "cogs": 8093000,
      "rd": null,
      "sga": 47000,
      "fcf": 3147000,
      "ocf": 3147000,
      "capex": null,
      "gross_margin": 0.046423942500294565,
      "op_margin": -0.4016731471662543,
      "fcf_margin": 0.3708024036762107
    },
    {
      "date": "2020-10-31T00:00:00",
      "quarter_label": "2020-10 (Q4)",
      "revenue": 10069000,
      "gross_profit": 3543000,
      "operating_income": -1462000,
      "net_income": -2024000,
      "opex": 124851,
      "cogs": 6526000,
      "rd": null,
      "sga": null,
      "fcf": 4177000,
      "ocf": 4177000,
      "capex": null,
      "gross_margin": 0.35187208262985403,
      "op_margin": -0.14519813288310657,
      "fcf_margin": 0.41483762041910816,
      "op_leverage_ratio": Infinity,
      "fcf_margin_change": 0.044035216742897454
    },
    {
      "date": "2021-01-31T00:00:00",
      "quarter_label": "2021-01 (Q1)",
      "revenue": 8413000,
      "gross_profit": -820000,
      "operating_income": -5121000,
      "net_income": -6255000,
      "opex": 13534000,
      "cogs": 9233000,
      "rd": null,
      "sga": null,
      "fcf": 886000,
      "ocf": 886000,
      "capex": null,
      "gross_margin": -0.09746820397004635,
      "op_margin": -0.6087008201592773,
      "fcf_margin": 0.10531320575300131,
      "fcf_margin_change": -0.30952441466610686
    },
    {
      "date": "2021-04-30T00:00:00",
      "quarter_label": "2021-04 (Q2)",
      "revenue": 10140000,
      "gross_profit": 5414000,
      "operating_income": 433000,
      "net_income": 2541000,
      "opex": 124960,
      "cogs": 4726000,
      "rd": null,
      "sga": 4910000,
      "fcf": -3187000,
      "ocf": -3187000,
      "capex": null,
      "gross_margin": 0.5339250493096647,
      "op_margin": 0.04270216962524655,
      "fcf_margin": -0.31429980276134123,
      "rev_growth_yoy": 0.09408718170047475,
      "op_leverage_ratio": Infinity,
      "fcf_margin_change": -0.4196130085143425
    },
    {
      "date": "2021-07-31T00:00:00",
      "quarter_label": "2021-07 (Q3)",
      "revenue": 6779000,
      "gross_profit": 2966000,
      "operating_income": -2082000,
      "net_income": -941000,
      "opex": 124960,
      "cogs": 3813000,
      "rd": null,
      "sga": 87000,
      "fcf": 14021000,
      "ocf": 14021000,
      "capex": null,
      "gross_margin": 0.43752765894674733,
      "op_margin": -0.3071249446821065,
      "fcf_margin": 2.068299159168019,
      "incr_op_margin_yoy": -0.7769320843091335,
      "rev_growth_yoy": -0.20124896901142925,
      "rev_growth_yoy_accel": -0.295336150711904,
      "fcf_margin_change": 2.38259896192936
    },
    {
      "date": "2021-10-31T00:00:00",
      "quarter_label": "2021-10 (Q4)",
      "revenue": 7093000,
      "gross_profit": 3081000,
      "operating_income": -1917000,
      "net_income": -736000,
      "opex": 125120,
      "cogs": 4012000,
      "rd": null,
      "sga": 18836000,
      "fcf": -1083000,
      "ocf": -1083000,
      "capex": null,
      "gross_margin": 0.434371915973495,
      "op_margin": -0.27026645989003245,
      "fcf_margin": -0.1526857465106443,
      "incr_op_margin_yoy": 0.15288978494623656,
      "rev_growth_yoy": -0.29556063164167246,
      "rev_growth_yoy_accel": -0.09431166263024321,
      "op_leverage_ratio": 36.17554211535625,
      "fcf_margin_change": -2.2209849056786632
    },
    {
      "date": "2022-01-31T00:00:00",
      "quarter_label": "2022-01 (Q1)",
      "revenue": 11849000,
      "gross_profit": 7059000,
      "operating_income": 1984000,
      "net_income": 1989000,
      "opex": 125000,
      "cogs": 4790000,
      "rd": null,
      "sga": null,
      "fcf": -331000,
      "ocf": -331000,
      "capex": null,
      "gross_margin": 0.5957464764959068,
      "op_margin": 0.16744029031985821,
      "fcf_margin": -0.02793484682251667,
      "incr_op_margin_yoy": 2.067811408614668,
      "rev_growth_yoy": 0.40841554736716984,
      "rev_growth_yoy_accel": 0.7039761790088424,
      "op_leverage_ratio": Infinity,
      "fcf_margin_change": 0.12475089968812762
    },
    {
      "date": "2022-04-30T00:00:00",
      "quarter_label": "2022-04 (Q2)",
      "revenue": 6053000,
      "gross_profit": 2456000,
      "operating_income": -2244000,
      "net_income": -2253000,
      "opex": 126000,
      "cogs": 3597000,
      "rd": null,
      "sga": 4600000,
      "fcf": -3084000,
      "ocf": -3084000,
      "capex": null,
      "gross_margin": 0.4057492152651578,
      "op_margin": -0.37072526020155294,
      "fcf_margin": -0.5094994217743268,
      "incr_op_margin_yoy": 0.6550036701737215,
      "rev_growth_yoy": -0.4030571992110454,
      "rev_growth_yoy_accel": -0.8114727465782152,
      "fcf_margin_change": -0.48156457495181015
    },
    {
      "date": "2022-07-31T00:00:00",
      "quarter_label": "2022-07 (Q3)",
      "revenue": 7712000,
      "gross_profit": 3978000,
      "operating_income": -768000,
      "net_income": -837000,
      "opex": 87000,
      "cogs": 3734000,
      "rd": null,
      "sga": 4672000,
      "fcf": -3086000,
      "ocf": -3086000,
      "capex": null,
      "gross_margin": 0.5158195020746889,
      "op_margin": -0.0995850622406639,
      "fcf_margin": -0.40015560165975106,
      "rev_growth_yoy": 0.13763091901460392,
      "rev_growth_yoy_accel": 0.5406881182256493,
      "op_leverage_ratio": Infinity,
      "fcf_margin_change": 0.10934382011457577
    },
    {
      "date": "2022-10-31T00:00:00",
      "quarter_label": "2022-10 (Q4)",
      "revenue": 10479000,
      "gross_profit": 6096000,
      "operating_income": 343000,
      "net_income": 353000,
      "opex": 85000,
      "cogs": 4383000,
      "rd": null,
      "sga": 5669000,
      "fcf": -117000,
      "ocf": -117000,
      "capex": null,
      "gross_margin": 0.5817348983681649,
      "op_margin": 0.032732130928523714,
      "fcf_margin": -0.011165187517892928,
      "incr_op_margin_yoy": 0.6674542232722976,
      "rev_growth_yoy": 0.4773720569575638,
      "rev_growth_yoy_accel": 0.3397411379429599,
      "op_leverage_ratio": Infinity,
      "fcf_margin_change": 0.38899041414185814
    },
    {
      "date": "2023-01-31T00:00:00",
      "quarter_label": "2023-01 (Q1)",
      "revenue": 6593000,
      "gross_profit": 3145000,
      "operating_income": -1990000,
      "net_income": -1998000,
      "opex": 86000,
      "cogs": 3448000,
      "rd": null,
      "sga": null,
      "fcf": -614000,
      "ocf": -614000,
      "capex": null,
      "gross_margin": 0.47702108296678297,
      "op_margin": -0.30183527984225694,
      "fcf_margin": -0.09312907629303807,
      "incr_op_margin_yoy": 0.7560882800608828,
      "rev_growth_yoy": -0.44358173685543084,
      "rev_growth_yoy_accel": -0.9209537938129946,
      "fcf_margin_change": -0.08196388877514514
    }
  ],
  "signals": [
    {
      "quarter": "2023-01 (Q1)",
      "signal": "YoY REVENUE GROWTH DECELERATION",
      "detail": "YoY growth: -44.4% vs prior quarter YoY: +47.7% (decel: -92.1%)",
      "severity": "WARNING"
    },
    {
      "quarter": "2022-10 (Q4)",
      "signal": "FCF MARGIN EXPANSION",
      "detail": "FCF margin: -40.0% -> -1.1% (+38.9%)",
      "severity": "MEDIUM"
    },
    {
      "quarter": "2022-10 (Q4)",
      "signal": "YoY REVENUE GROWTH ACCELERATION",
      "detail": "YoY growth: +47.7% vs prior quarter YoY: +13.8% (accel: +34.0%)",
      "severity": "HIGH"
    },
    {
      "quarter": "2022-10 (Q4)",
      "signal": "OP MARGIN TURNED POSITIVE (YoY)",
      "detail": "Op margin: -27.0% (year-ago) -> +3.3%",
      "severity": "HIGH"
    },
    {
      "quarter": "2022-10 (Q4)",
      "signal": "OP MARGIN TURNED POSITIVE (QoQ)",
      "detail": "Op margin: -10.0% -> +3.3%",
      "severity": "HIGH"
    },
    {
      "quarter": "2022-07 (Q3)",
      "signal": "FCF MARGIN EXPANSION",
      "detail": "FCF margin: -50.9% -> -40.0% (+10.9%)",
      "severity": "MEDIUM"
    },
    {
      "quarter": "2022-07 (Q3)",
      "signal": "GROSS MARGIN INFLECTION",
      "detail": "GM: +59.6% -> +40.6% -> +51.6% (reversal +11.0%)",
      "severity": "HIGH"
    },
    {
      "quarter": "2022-07 (Q3)",
      "signal": "YoY REVENUE GROWTH ACCELERATION",
      "detail": "YoY growth: +13.8% vs prior quarter YoY: -40.3% (accel: +54.1%)",
      "severity": "HIGH"
    },
    {
      "quarter": "2022-04 (Q2)",
      "signal": "YoY REVENUE GROWTH DECELERATION",
      "detail": "YoY growth: -40.3% vs prior quarter YoY: +40.8% (decel: -81.1%)",
      "severity": "WARNING"
    },
    {
      "quarter": "2022-01 (Q1)",
      "signal": "FCF MARGIN EXPANSION",
      "detail": "FCF margin: -15.3% -> -2.8% (+12.5%)",
      "severity": "MEDIUM"
    },
    {
      "quarter": "2022-01 (Q1)",
      "signal": "GROSS MARGIN INFLECTION",
      "detail": "GM: +43.8% -> +43.4% -> +59.6% (reversal +16.1%)",
      "severity": "HIGH"
    },
    {
      "quarter": "2022-01 (Q1)",
      "signal": "YoY REVENUE GROWTH ACCELERATION",
      "detail": "YoY growth: +40.8% vs prior quarter YoY: -29.6% (accel: +70.4%)",
      "severity": "HIGH"
    },
    {
      "quarter": "2022-01 (Q1)",
      "signal": "OP MARGIN TURNED POSITIVE (YoY)",
      "detail": "Op margin: -60.9% (year-ago) -> +16.7%",
      "severity": "HIGH"
    },
    {
      "quarter": "2022-01 (Q1)",
      "signal": "OP MARGIN TURNED POSITIVE (QoQ)",
      "detail": "Op margin: -27.0% -> +16.7%",
      "severity": "HIGH"
    },
    {
      "quarter": "2021-10 (Q4)",
      "signal": "OPERATING LEVERAGE",
      "detail": "Rev growth +4.6% vs OpEx growth +0.1% (leverage: 36.2x)",
      "severity": "MEDIUM"
    },
    {
      "quarter": "2021-10 (Q4)",
      "signal": "YoY REVENUE GROWTH DECELERATION",
      "detail": "YoY growth: -29.6% vs prior quarter YoY: -20.1% (decel: -9.4%)",
      "severity": "WARNING"
    },
    {
      "quarter": "2021-07 (Q3)",
      "signal": "FCF TURNED POSITIVE",
      "detail": "FCF margin: -31.4% -> +206.8%",
      "severity": "HIGH"
    },
    {
      "quarter": "2021-07 (Q3)",
      "signal": "YoY REVENUE GROWTH DECELERATION",
      "detail": "YoY growth: -20.1% vs prior quarter YoY: +9.4% (decel: -29.5%)",
      "severity": "WARNING"
    },
    {
      "quarter": "2021-04 (Q2)",
      "signal": "GROSS MARGIN INFLECTION",
      "detail": "GM: +35.2% -> -9.7% -> +53.4% (reversal +63.1%)",
      "severity": "HIGH"
    },
    {
      "quarter": "2021-04 (Q2)",
      "signal": "OP MARGIN TURNED POSITIVE (QoQ)",
      "detail": "Op margin: -60.9% -> +4.3%",
      "severity": "HIGH"
    },
    {
      "quarter": "2020-10 (Q4)",
      "signal": "GROSS MARGIN INFLECTION",
      "detail": "GM: +64.4% -> +4.6% -> +35.2% (reversal +30.5%)",
      "severity": "HIGH"
    }
  ],
  "data_quality": {
    "n_quarters": 12,
    "coverage": {
      "revenue": [
        12,
        12
      ],
      "gross_profit": [
        12,
        12
      ],
      "op_income": [
        12,
        12
      ],
      "fcf": [
        11,
        12
      ]
    },
    "gaps": [],
    "warnings": []
  },
  "market_cap": null,
  "source": "SEC EDGAR",
  "last_updated": "2026-02-03T01:00:38.008312"
}