{
  "ticker": "IDXG",
  "name": "INTERPACE BIOSCIENCES, INC.",
  "quarters": [
    {
      "date": "2020-12-31T00:00:00",
      "quarter_label": "2020-12 (Q4)",
      "revenue": 9646000,
      "gross_profit": 3129000,
      "operating_income": -7936000,
      "net_income": -8143000,
      "opex": 11065000,
      "cogs": 6517000,
      "rd": 672000,
      "sga": null,
      "fcf": -1884000,
      "ocf": -1584000,
      "capex": -300000,
      "gross_margin": 0.3243831640058055,
      "op_margin": -0.8227244453659548,
      "fcf_margin": -0.19531411984242172
    },
    {
      "date": "2021-03-31T00:00:00",
      "quarter_label": "2021-03 (Q1)",
      "revenue": 9833000,
      "gross_profit": 4517000,
      "operating_income": -3815000,
      "net_income": -4207000,
      "opex": 8332000,
      "cogs": 5316000,
      "rd": 637000,
      "sga": null,
      "fcf": -5006000,
      "ocf": -5006000,
      "capex": null,
      "gross_margin": 0.4593715041187837,
      "op_margin": -0.3879792535340181,
      "fcf_margin": -0.5091020034577444,
      "op_leverage_ratio": Infinity,
      "fcf_margin_change": -0.3137878836153226
    },
    {
      "date": "2021-06-30T00:00:00",
      "quarter_label": "2021-06 (Q2)",
      "revenue": 11155000,
      "gross_profit": 5355000,
      "operating_income": -2906000,
      "net_income": -3446000,
      "opex": 8261000,
      "cogs": 5800000,
      "rd": 424000,
      "sga": null,
      "fcf": -1819000,
      "ocf": -1819000,
      "capex": null,
      "gross_margin": 0.48005378753922007,
      "op_margin": -0.2605109816225908,
      "fcf_margin": -0.1630658897355446,
      "op_leverage_ratio": Infinity,
      "fcf_margin_change": 0.3460361137221998
    },
    {
      "date": "2021-09-30T00:00:00",
      "quarter_label": "2021-09 (Q3)",
      "revenue": 9472000,
      "gross_profit": 3624000,
      "operating_income": -4001000,
      "net_income": -3561000,
      "opex": 7625000,
      "cogs": 5848000,
      "rd": 416000,
      "sga": null,
      "fcf": -820000,
      "ocf": -676000,
      "capex": -144000,
      "gross_margin": 0.38260135135135137,
      "op_margin": -0.4224028716216216,
      "fcf_margin": -0.08657094594594594,
      "fcf_margin_change": 0.07649494378959865
    },
    {
      "date": "2021-12-31T00:00:00",
      "quarter_label": "2021-12 (Q4)",
      "revenue": -22264000,
      "gross_profit": 4449000,
      "operating_income": -3276000,
      "net_income": -3729000,
      "opex": 7725000,
      "cogs": 6404000,
      "rd": 407000,
      "sga": null,
      "fcf": -1380000,
      "ocf": -1218000,
      "capex": -162000,
      "gross_margin": -0.1998293208767517,
      "op_margin": 0.14714337046352857,
      "fcf_margin": 0.06198347107438017,
      "incr_op_margin_yoy": -0.1460357254779066,
      "rev_growth_yoy": -3.30810698735227,
      "fcf_margin_change": 0.14855441702032612
    },
    {
      "date": "2022-03-31T00:00:00",
      "quarter_label": "2022-03 (Q1)",
      "revenue": 2454000,
      "gross_profit": 4993000,
      "operating_income": -2033000,
      "net_income": -2247000,
      "opex": 7026000,
      "cogs": 5384000,
      "rd": 299000,
      "sga": null,
      "fcf": -1273000,
      "ocf": -1254000,
      "capex": -19000,
      "gross_margin": 2.0346373268133657,
      "op_margin": -0.8284433577832111,
      "fcf_margin": -0.5187449062754687,
      "incr_op_margin_yoy": -0.2414961376880336,
      "rev_growth_yoy": -0.7504322180412896,
      "rev_growth_yoy_accel": 2.5576747693109807,
      "fcf_margin_change": -0.5807283773498488
    },
    {
      "date": "2022-06-30T00:00:00",
      "quarter_label": "2022-06 (Q2)",
      "revenue": 1956000,
      "gross_profit": 3501000,
      "operating_income": -3732000,
      "net_income": -3939000,
      "opex": 7233000,
      "cogs": 5850000,
      "rd": 267000,
      "sga": null,
      "fcf": -2985000,
      "ocf": -2918000,
      "capex": -67000,
      "gross_margin": 1.789877300613497,
      "op_margin": -1.9079754601226995,
      "fcf_margin": -1.5260736196319018,
      "incr_op_margin_yoy": 0.08979236873573214,
      "rev_growth_yoy": -0.824652622142537,
      "rev_growth_yoy_accel": -0.07422040410124742,
      "fcf_margin_change": -1.0073287133564333
    },
    {
      "date": "2022-09-30T00:00:00",
      "quarter_label": "2022-09 (Q3)",
      "revenue": 1267000,
      "gross_profit": 4732000,
      "operating_income": -780000,
      "net_income": -14208000,
      "opex": 5512000,
      "cogs": 3457000,
      "rd": 191000,
      "sga": null,
      "fcf": -3284000,
      "ocf": -3244000,
      "capex": -40000,
      "gross_margin": 3.734806629834254,
      "op_margin": -0.6156274664561957,
      "fcf_margin": -2.591949486977111,
      "incr_op_margin_yoy": -0.39256550883607555,
      "rev_growth_yoy": -0.866237331081081,
      "rev_growth_yoy_accel": -0.041584708938544046,
      "fcf_margin_change": -1.0658758673452093
    },
    {
      "date": "2022-12-31T00:00:00",
      "quarter_label": "2022-12 (Q4)",
      "revenue": 0,
      "gross_profit": 5011000,
      "operating_income": 54000,
      "net_income": -1564000,
      "opex": 4957000,
      "cogs": 3321000,
      "rd": 77000,
      "sga": null,
      "fcf": -472000,
      "ocf": -276000,
      "capex": -196000,
      "gross_margin": null,
      "op_margin": null,
      "fcf_margin": null,
      "incr_op_margin_yoy": 0.1495688106360043
    },
    {
      "date": "2023-03-31T00:00:00",
      "quarter_label": "2023-03 (Q1)",
      "revenue": 9826000,
      "gross_profit": 5978000,
      "operating_income": 675000,
      "net_income": 351000,
      "opex": 5303000,
      "cogs": 3848000,
      "rd": 149000,
      "sga": null,
      "fcf": 1068000,
      "ocf": 1133000,
      "capex": -65000,
      "gross_margin": 0.608385914919601,
      "op_margin": 0.06869529818847954,
      "fcf_margin": 0.1086912273559943,
      "incr_op_margin_yoy": 0.36733586543678787,
      "rev_growth_yoy": 3.004074979625102
    },
    {
      "date": "2023-06-30T00:00:00",
      "quarter_label": "2023-06 (Q2)",
      "revenue": 11026000,
      "gross_profit": 6835000,
      "operating_income": 832000,
      "net_income": 175000,
      "opex": 6003000,
      "cogs": 4191000,
      "rd": 186000,
      "sga": null,
      "fcf": 300000,
      "ocf": 411000,
      "capex": -111000,
      "gross_margin": 0.6198984219118447,
      "op_margin": 0.07545800834391439,
      "fcf_margin": 0.027208416470161437,
      "incr_op_margin_yoy": 0.5031973539140022,
      "rev_growth_yoy": 4.637014314928425,
      "rev_growth_yoy_accel": 1.6329393353033232,
      "op_leverage_ratio": 0.9251839143962084,
      "fcf_margin_change": -0.08148281088583287
    },
    {
      "date": "2023-09-30T00:00:00",
      "quarter_label": "2023-09 (Q3)",
      "revenue": 9078000,
      "gross_profit": 4954000,
      "operating_income": -16000,
      "net_income": -614000,
      "opex": 4970000,
      "cogs": 4124000,
      "rd": 149000,
      "sga": null,
      "fcf": 953000,
      "ocf": 1105000,
      "capex": -152000,
      "gross_margin": 0.545714915179555,
      "op_margin": -0.001762502753910553,
      "fcf_margin": 0.10497907027979732,
      "incr_op_margin_yoy": 0.09781077966969658,
      "rev_growth_yoy": 6.164956590370955,
      "rev_growth_yoy_accel": 1.5279422754425296,
      "fcf_margin_change": 0.07777065380963588
    },
    {
      "date": "2023-12-31T00:00:00",
      "quarter_label": "2023-12 (Q4)",
      "revenue": 10283000,
      "gross_profit": 6136000,
      "operating_income": 1313000,
      "net_income": 890000,
      "opex": 4823000,
      "cogs": 4147000,
      "rd": 152000,
      "sga": null,
      "fcf": 998000,
      "ocf": 1140000,
      "capex": -142000,
      "gross_margin": 0.5967130214917825,
      "op_margin": 0.1276864728192162,
      "fcf_margin": 0.09705338908878731,
      "incr_op_margin_yoy": 0.12243508703685695,
      "op_leverage_ratio": Infinity,
      "fcf_margin_change": -0.007925681191010003
    },
    {
      "date": "2024-03-31T00:00:00",
      "quarter_label": "2024-03 (Q1)",
      "revenue": 10273000,
      "gross_profit": 6071000,
      "operating_income": 874000,
      "net_income": 468000,
      "opex": 5197000,
      "cogs": 4202000,
      "rd": 137000,
      "sga": null,
      "fcf": -86000,
      "ocf": -58000,
      "capex": -28000,
      "gross_margin": 0.5909666115058892,
      "op_margin": 0.08507738732600019,
      "fcf_margin": -0.008371459164800935,
      "rev_growth_yoy": 0.04549155302259312,
      "fcf_margin_change": -0.10542484825358825
    },
    {
      "date": "2024-06-30T00:00:00",
      "quarter_label": "2024-06 (Q2)",
      "revenue": 12042000,
      "gross_profit": 7431000,
      "operating_income": 2257000,
      "net_income": 2062000,
      "opex": 5174000,
      "cogs": 4611000,
      "rd": 146000,
      "sga": null,
      "fcf": 1207000,
      "ocf": 1404000,
      "capex": -197000,
      "gross_margin": 0.6170901843547584,
      "op_margin": 0.1874273376515529,
      "fcf_margin": 0.10023251951503073,
      "incr_op_margin_yoy": 1.4025590551181102,
      "rev_growth_yoy": 0.09214583711228007,
      "rev_growth_yoy_accel": 0.04665428408968695,
      "op_leverage_ratio": Infinity,
      "fcf_margin_change": 0.10860397867983167
    },
    {
      "date": "2024-09-30T00:00:00",
      "quarter_label": "2024-09 (Q3)",
      "revenue": 12295000,
      "gross_profit": 7506000,
      "operating_income": 1905000,
      "net_income": 1280000,
      "opex": 5601000,
      "cogs": 4789000,
      "rd": 199000,
      "sga": null,
      "fcf": 1594000,
      "ocf": 2116000,
      "capex": -522000,
      "gross_margin": 0.610492069947133,
      "op_margin": 0.1549410329402196,
      "fcf_margin": 0.1296461976413176,
      "incr_op_margin_yoy": 0.5971401927261424,
      "rev_growth_yoy": 0.35437320995814053,
      "rev_growth_yoy_accel": 0.26222737284586045,
      "op_leverage_ratio": 0.2545777522620866,
      "fcf_margin_change": 0.02941367812628687
    },
    {
      "date": "2024-12-31T00:00:00",
      "quarter_label": "2024-12 (Q4)",
      "revenue": 12316000,
      "gross_profit": 8917000,
      "operating_income": 3072000,
      "net_income": 2892000,
      "opex": 5845000,
      "cogs": 3399000,
      "rd": 193000,
      "sga": null,
      "fcf": 1055000,
      "ocf": 1184000,
      "capex": -129000,
      "gross_margin": 0.7240175381617409,
      "op_margin": 0.24943163364728807,
      "fcf_margin": 0.08566092887301072,
      "incr_op_margin_yoy": 0.8652238071815052,
      "rev_growth_yoy": 0.1977049499173393,
      "rev_growth_yoy_accel": -0.15666826004080123,
      "fcf_margin_change": -0.043985268768306884
    },
    {
      "date": "2025-03-31T00:00:00",
      "quarter_label": "2025-03 (Q1)",
      "revenue": 11515000,
      "gross_profit": 7370000,
      "operating_income": 1829000,
      "net_income": 1647000,
      "opex": 5541000,
      "cogs": 4145000,
      "rd": 177000,
      "sga": null,
      "fcf": 1235000,
      "ocf": 1235000,
      "capex": null,
      "gross_margin": 0.640034737299175,
      "op_margin": 0.15883630047763786,
      "fcf_margin": 0.10725141120277898,
      "incr_op_margin_yoy": 0.7689210950080515,
      "rev_growth_yoy": 0.12089944514747396,
      "rev_growth_yoy_accel": -0.07680550476986535,
      "fcf_margin_change": 0.021590482329768262
    },
    {
      "date": "2025-06-30T00:00:00",
      "quarter_label": "2025-06 (Q2)",
      "revenue": 9232000,
      "gross_profit": 5276000,
      "operating_income": -468000,
      "net_income": -640000,
      "opex": 5744000,
      "cogs": 3956000,
      "rd": 173000,
      "sga": null,
      "fcf": 520000,
      "ocf": 520000,
      "capex": null,
      "gross_margin": 0.5714904679376083,
      "op_margin": -0.050693240901213174,
      "fcf_margin": 0.05632582322357019,
      "incr_op_margin_yoy": 0.9697508896797153,
      "rev_growth_yoy": -0.23334994187012123,
      "rev_growth_yoy_accel": -0.3542493870175952,
      "fcf_margin_change": -0.05092558797920879
    },
    {
      "date": "2025-09-30T00:00:00",
      "quarter_label": "2025-09 (Q3)",
      "revenue": 8756000,
      "gross_profit": 5439000,
      "operating_income": 1145000,
      "net_income": 911000,
      "opex": 4294000,
      "cogs": 3317000,
      "rd": 150000,
      "sga": null,
      "fcf": 1821000,
      "ocf": 1938000,
      "capex": -117000,
      "gross_margin": 0.6211740520785747,
      "op_margin": 0.13076747373229786,
      "fcf_margin": 0.20797167656464138,
      "incr_op_margin_yoy": 0.21474992935857587,
      "rev_growth_yoy": -0.287840585603904,
      "rev_growth_yoy_accel": -0.05449064373378279,
      "fcf_margin_change": 0.1516458533410712
    }
  ],
  "signals": [
    {
      "quarter": "2025-09 (Q3)",
      "signal": "FCF MARGIN EXPANSION",
      "detail": "FCF margin: +5.6% -> +20.8% (+15.2%)",
      "severity": "MEDIUM"
    },
    {
      "quarter": "2025-09 (Q3)",
      "signal": "GROSS MARGIN INFLECTION",
      "detail": "GM: +64.0% -> +57.1% -> +62.1% (reversal +5.0%)",
      "severity": "MEDIUM"
    },
    {
      "quarter": "2025-09 (Q3)",
      "signal": "YoY REVENUE GROWTH DECELERATION",
      "detail": "YoY growth: -28.8% vs prior quarter YoY: -23.3% (decel: -5.4%)",
      "severity": "WARNING"
    },
    {
      "quarter": "2025-09 (Q3)",
      "signal": "OP MARGIN TURNED POSITIVE (QoQ)",
      "detail": "Op margin: -5.1% -> +13.1%",
      "severity": "HIGH"
    },
    {
      "quarter": "2025-06 (Q2)",
      "signal": "YoY REVENUE GROWTH DECELERATION",
      "detail": "YoY growth: -23.3% vs prior quarter YoY: +12.1% (decel: -35.4%)",
      "severity": "WARNING"
    },
    {
      "quarter": "2025-03 (Q1)",
      "signal": "YoY REVENUE GROWTH DECELERATION",
      "detail": "YoY growth: +12.1% vs prior quarter YoY: +19.8% (decel: -7.7%)",
      "severity": "WARNING"
    },
    {
      "quarter": "2025-03 (Q1)",
      "signal": "INCREMENTAL MARGIN (YoY)",
      "detail": "YoY Incr OPM: +76.9% vs year-ago OPM: +8.5%",
      "severity": "HIGH"
    },
    {
      "quarter": "2024-12 (Q4)",
      "signal": "GROSS MARGIN INFLECTION",
      "detail": "GM: +61.7% -> +61.0% -> +72.4% (reversal +11.4%)",
      "severity": "HIGH"
    },
    {
      "quarter": "2024-12 (Q4)",
      "signal": "YoY REVENUE GROWTH DECELERATION",
      "detail": "YoY growth: +19.8% vs prior quarter YoY: +35.4% (decel: -15.7%)",
      "severity": "WARNING"
    },
    {
      "quarter": "2024-12 (Q4)",
      "signal": "INCREMENTAL MARGIN (YoY)",
      "detail": "YoY Incr OPM: +86.5% vs year-ago OPM: +12.8%",
      "severity": "HIGH"
    },
    {
      "quarter": "2024-09 (Q3)",
      "signal": "YoY REVENUE GROWTH ACCELERATION",
      "detail": "YoY growth: +35.4% vs prior quarter YoY: +9.2% (accel: +26.2%)",
      "severity": "HIGH"
    },
    {
      "quarter": "2024-09 (Q3)",
      "signal": "OP MARGIN TURNED POSITIVE (YoY)",
      "detail": "Op margin: -0.2% (year-ago) -> +15.5%",
      "severity": "HIGH"
    },
    {
      "quarter": "2024-06 (Q2)",
      "signal": "FCF TURNED POSITIVE",
      "detail": "FCF margin: -0.8% -> +10.0%",
      "severity": "HIGH"
    },
    {
      "quarter": "2024-06 (Q2)",
      "signal": "GROSS MARGIN INFLECTION",
      "detail": "GM: +59.7% -> +59.1% -> +61.7% (reversal +2.6%)",
      "severity": "MEDIUM"
    },
    {
      "quarter": "2024-06 (Q2)",
      "signal": "INCREMENTAL MARGIN (YoY)",
      "detail": "YoY Incr OPM: +140.3% vs year-ago OPM: +7.5%",
      "severity": "HIGH"
    },
    {
      "quarter": "2023-12 (Q4)",
      "signal": "GROSS MARGIN INFLECTION",
      "detail": "GM: +62.0% -> +54.6% -> +59.7% (reversal +5.1%)",
      "severity": "HIGH"
    },
    {
      "quarter": "2023-12 (Q4)",
      "signal": "OP MARGIN TURNED POSITIVE (QoQ)",
      "detail": "Op margin: -0.2% -> +12.8%",
      "severity": "HIGH"
    },
    {
      "quarter": "2023-09 (Q3)",
      "signal": "FCF MARGIN EXPANSION",
      "detail": "FCF margin: +2.7% -> +10.5% (+7.8%)",
      "severity": "MEDIUM"
    },
    {
      "quarter": "2023-09 (Q3)",
      "signal": "YoY REVENUE GROWTH ACCELERATION",
      "detail": "YoY growth: +616.5% vs prior quarter YoY: +463.7% (accel: +152.8%)",
      "severity": "HIGH"
    },
    {
      "quarter": "2023-06 (Q2)",
      "signal": "YoY REVENUE GROWTH ACCELERATION",
      "detail": "YoY growth: +463.7% vs prior quarter YoY: +300.4% (accel: +163.3%)",
      "severity": "HIGH"
    },
    {
      "quarter": "2023-06 (Q2)",
      "signal": "OP MARGIN TURNED POSITIVE (YoY)",
      "detail": "Op margin: -190.8% (year-ago) -> +7.5%",
      "severity": "HIGH"
    },
    {
      "quarter": "2023-03 (Q1)",
      "signal": "OP MARGIN TURNED POSITIVE (YoY)",
      "detail": "Op margin: -82.8% (year-ago) -> +6.9%",
      "severity": "HIGH"
    },
    {
      "quarter": "2022-09 (Q3)",
      "signal": "GROSS MARGIN INFLECTION",
      "detail": "GM: +203.5% -> +179.0% -> +373.5% (reversal +194.5%)",
      "severity": "HIGH"
    },
    {
      "quarter": "2022-06 (Q2)",
      "signal": "YoY REVENUE GROWTH DECELERATION",
      "detail": "YoY growth: -82.5% vs prior quarter YoY: -75.0% (decel: -7.4%)",
      "severity": "WARNING"
    },
    {
      "quarter": "2022-03 (Q1)",
      "signal": "GROSS MARGIN INFLECTION",
      "detail": "GM: +38.3% -> -20.0% -> +203.5% (reversal +223.4%)",
      "severity": "HIGH"
    },
    {
      "quarter": "2022-03 (Q1)",
      "signal": "YoY REVENUE GROWTH ACCELERATION",
      "detail": "YoY growth: -75.0% vs prior quarter YoY: -330.8% (accel: +255.8%)",
      "severity": "HIGH"
    },
    {
      "quarter": "2021-12 (Q4)",
      "signal": "FCF TURNED POSITIVE",
      "detail": "FCF margin: -8.7% -> +6.2%",
      "severity": "HIGH"
    },
    {
      "quarter": "2021-12 (Q4)",
      "signal": "OP MARGIN TURNED POSITIVE (YoY)",
      "detail": "Op margin: -82.3% (year-ago) -> +14.7%",
      "severity": "HIGH"
    },
    {
      "quarter": "2021-12 (Q4)",
      "signal": "OP MARGIN TURNED POSITIVE (QoQ)",
      "detail": "Op margin: -42.2% -> +14.7%",
      "severity": "HIGH"
    },
    {
      "quarter": "2021-09 (Q3)",
      "signal": "FCF MARGIN EXPANSION",
      "detail": "FCF margin: -16.3% -> -8.7% (+7.6%)",
      "severity": "MEDIUM"
    },
    {
      "quarter": "2021-06 (Q2)",
      "signal": "FCF MARGIN EXPANSION",
      "detail": "FCF margin: -50.9% -> -16.3% (+34.6%)",
      "severity": "MEDIUM"
    }
  ],
  "data_quality": {
    "n_quarters": 20,
    "coverage": {
      "revenue": [
        20,
        20
      ],
      "gross_profit": [
        20,
        20
      ],
      "op_income": [
        20,
        20
      ],
      "fcf": [
        20,
        20
      ]
    },
    "gaps": [],
    "warnings": []
  },
  "market_cap": null,
  "source": "SEC EDGAR",
  "last_updated": "2026-02-03T00:14:41.598670"
}