{
  "ticker": "IDXX",
  "name": "IDEXX LABORATORIES INC /DE",
  "quarters": [
    {
      "date": "2020-12-31T00:00:00",
      "quarter_label": "2020-12 (Q4)",
      "revenue": 720938000,
      "gross_profit": 409502000,
      "operating_income": 185095000,
      "net_income": 174790000,
      "opex": 224407000,
      "cogs": 311436000,
      "rd": 38777000,
      "sga": null,
      "fcf": 204744000,
      "ocf": 218934000,
      "capex": -14190000,
      "gross_margin": 0.5680127833461407,
      "op_margin": 0.2567419112323112,
      "fcf_margin": 0.2839966821002638
    },
    {
      "date": "2021-03-31T00:00:00",
      "quarter_label": "2021-03 (Q1)",
      "revenue": 777707000,
      "gross_profit": 470782000,
      "operating_income": 247622000,
      "net_income": 204257000,
      "opex": 223160000,
      "cogs": 306925000,
      "rd": 37579000,
      "sga": null,
      "fcf": 104259000,
      "ocf": 124422000,
      "capex": -20163000,
      "gross_margin": 0.6053462293640149,
      "op_margin": 0.31840011726781425,
      "fcf_margin": 0.13405948512743232,
      "op_leverage_ratio": Infinity,
      "fcf_margin_change": -0.14993719697283148
    },
    {
      "date": "2021-06-30T00:00:00",
      "quarter_label": "2021-06 (Q2)",
      "revenue": 826142000,
      "gross_profit": 489308000,
      "operating_income": 259253000,
      "net_income": 202582000,
      "opex": 230055000,
      "cogs": 336834000,
      "rd": 37697000,
      "sga": null,
      "fcf": 211374000,
      "ocf": 233955000,
      "capex": -22581000,
      "gross_margin": 0.5922807459250347,
      "op_margin": 0.3138116691803588,
      "fcf_margin": 0.25585674133502473,
      "op_leverage_ratio": 2.0156975981696132,
      "fcf_margin_change": 0.12179725620759241
    },
    {
      "date": "2021-09-30T00:00:00",
      "quarter_label": "2021-09 (Q3)",
      "revenue": 810421000,
      "gross_profit": 472921000,
      "operating_income": 225962000,
      "net_income": 175235000,
      "opex": 246959000,
      "cogs": 337500000,
      "rd": 40427000,
      "sga": null,
      "fcf": 142188000,
      "ocf": 187205000,
      "capex": -45017000,
      "gross_margin": 0.5835497846181182,
      "op_margin": 0.27882051427591337,
      "fcf_margin": 0.17544955029546372,
      "fcf_margin_change": -0.08040719103956101
    },
    {
      "date": "2021-12-31T00:00:00",
      "quarter_label": "2021-12 (Q4)",
      "revenue": 801090000,
      "gross_profit": 456421000,
      "operating_income": 199191000,
      "net_income": 162771000,
      "opex": 257230000,
      "cogs": 344669000,
      "rd": 45306000,
      "sga": null,
      "fcf": 178176000,
      "ocf": 209964000,
      "capex": -31788000,
      "gross_margin": 0.5697499656717722,
      "op_margin": 0.248649964423473,
      "fcf_margin": 0.2224169568962289,
      "incr_op_margin_yoy": 0.1758658548757361,
      "rev_growth_yoy": 0.11117738279852081,
      "fcf_margin_change": 0.04696740660076518
    },
    {
      "date": "2022-03-31T00:00:00",
      "quarter_label": "2022-03 (Q1)",
      "revenue": 836549000,
      "gross_profit": 498753000,
      "operating_income": 248344000,
      "net_income": 193965000,
      "opex": 250409000,
      "cogs": 337796000,
      "rd": 40168000,
      "sga": null,
      "fcf": 82868000,
      "ocf": 114706000,
      "capex": -31838000,
      "gross_margin": 0.5962029719717554,
      "op_margin": 0.29686724866086744,
      "fcf_margin": 0.09905934978106483,
      "incr_op_margin_yoy": 0.012270147173787431,
      "rev_growth_yoy": 0.07566088514054779,
      "rev_growth_yoy_accel": -0.03551649765797302,
      "op_leverage_ratio": Infinity,
      "fcf_margin_change": -0.12335760711516407
    },
    {
      "date": "2022-06-30T00:00:00",
      "quarter_label": "2022-06 (Q2)",
      "revenue": 860546000,
      "gross_profit": 514032000,
      "operating_income": 179066000,
      "net_income": 131979000,
      "opex": 334966000,
      "cogs": 346514000,
      "rd": 123221000,
      "sga": null,
      "fcf": 35764000,
      "ocf": 65850000,
      "capex": -30086000,
      "gross_margin": 0.5973323912957588,
      "op_margin": 0.20808416981776687,
      "fcf_margin": 0.04155966095943738,
      "incr_op_margin_yoy": -2.3307464248343215,
      "rev_growth_yoy": 0.04164417255144999,
      "rev_growth_yoy_accel": -0.0340167125890978,
      "op_leverage_ratio": 0.08495049909873079,
      "fcf_margin_change": -0.05749968882162745
    },
    {
      "date": "2022-09-30T00:00:00",
      "quarter_label": "2022-09 (Q3)",
      "revenue": 841661000,
      "gross_profit": 506626000,
      "operating_income": 244828000,
      "net_income": 180938000,
      "opex": 261798000,
      "cogs": 335035000,
      "rd": 48013000,
      "sga": null,
      "fcf": 151315000,
      "ocf": 189000000,
      "capex": -37685000,
      "gross_margin": 0.6019359338260891,
      "op_margin": 0.29088671092042995,
      "fcf_margin": 0.17978140842928447,
      "incr_op_margin_yoy": 0.6039052496798976,
      "rev_growth_yoy": 0.03854786586231107,
      "rev_growth_yoy_accel": -0.0030963066891389196,
      "fcf_margin_change": 0.13822174746984708
    },
    {
      "date": "2022-12-31T00:00:00",
      "quarter_label": "2022-12 (Q4)",
      "revenue": 828568000,
      "gross_profit": 484927000,
      "operating_income": 226527000,
      "net_income": 172207000,
      "opex": 258400000,
      "cogs": 343641000,
      "rd": 43418000,
      "sga": null,
      "fcf": 124199000,
      "ocf": 173428000,
      "capex": -49229000,
      "gross_margin": 0.5852591458999141,
      "op_margin": 0.2733957864653233,
      "fcf_margin": 0.14989596508675207,
      "incr_op_margin_yoy": 0.9948322294198996,
      "rev_growth_yoy": 0.03430076520740491,
      "rev_growth_yoy_accel": -0.004247100654906161,
      "fcf_margin_change": -0.029885443342532403
    },
    {
      "date": "2023-03-31T00:00:00",
      "quarter_label": "2023-03 (Q1)",
      "revenue": 900195000,
      "gross_profit": 542971000,
      "operating_income": 280399000,
      "net_income": 214054000,
      "opex": 262572000,
      "cogs": 357224000,
      "rd": 44667000,
      "sga": null,
      "fcf": 144401000,
      "ocf": 183912000,
      "capex": -39511000,
      "gross_margin": 0.6031704241858709,
      "op_margin": 0.3114869556040636,
      "fcf_margin": 0.16041079988224774,
      "incr_op_margin_yoy": 0.5036451623039939,
      "rev_growth_yoy": 0.07608161625917909,
      "rev_growth_yoy_accel": 0.041780851051774176,
      "op_leverage_ratio": 5.35422743198021,
      "fcf_margin_change": 0.01051483479549567
    },
    {
      "date": "2023-06-30T00:00:00",
      "quarter_label": "2023-06 (Q2)",
      "revenue": 943630000,
      "gross_profit": 572850000,
      "operating_income": 296144000,
      "net_income": 224236000,
      "opex": 276706000,
      "cogs": 370780000,
      "rd": 46505000,
      "sga": null,
      "fcf": 172844000,
      "ocf": 200314000,
      "capex": -27470000,
      "gross_margin": 0.6070705679132711,
      "op_margin": 0.3138348717187881,
      "fcf_margin": 0.18316925065968653,
      "incr_op_margin_yoy": 1.409152183332531,
      "rev_growth_yoy": 0.09654800556855764,
      "rev_growth_yoy_accel": 0.020466389309378552,
      "op_leverage_ratio": 0.8963684348274232,
      "fcf_margin_change": 0.022758450777438793
    },
    {
      "date": "2023-09-30T00:00:00",
      "quarter_label": "2023-09 (Q3)",
      "revenue": 915527000,
      "gross_profit": 547982000,
      "operating_income": 275283000,
      "net_income": 212231000,
      "opex": 272699000,
      "cogs": 367545000,
      "rd": 47967000,
      "sga": null,
      "fcf": 238339000,
      "ocf": 272433000,
      "capex": -34094000,
      "gross_margin": 0.5985426972661647,
      "op_margin": 0.30068255769627766,
      "fcf_margin": 0.26032984281184496,
      "incr_op_margin_yoy": 0.4123006525329651,
      "rev_growth_yoy": 0.08776217503246557,
      "rev_growth_yoy_accel": -0.008785830536092068,
      "fcf_margin_change": 0.07716059215215842
    },
    {
      "date": "2023-12-31T00:00:00",
      "quarter_label": "2023-12 (Q4)",
      "revenue": 901601000,
      "gross_profit": 526167000,
      "operating_income": 245302000,
      "net_income": 194521000,
      "opex": 280865000,
      "cogs": 375434000,
      "rd": 51812000,
      "sga": null,
      "fcf": 217295000,
      "ocf": 249851000,
      "capex": -32556000,
      "gross_margin": 0.5835918549336125,
      "op_margin": 0.2720737887380338,
      "fcf_margin": 0.24101015859565372,
      "incr_op_margin_yoy": 0.25707556857858777,
      "rev_growth_yoy": 0.08814364059437488,
      "rev_growth_yoy_accel": 0.00038146556190930825,
      "fcf_margin_change": -0.019319684216191235
    },
    {
      "date": "2024-03-31T00:00:00",
      "quarter_label": "2024-03 (Q1)",
      "revenue": 964095000,
      "gross_profit": 593070000,
      "operating_income": 298958000,
      "net_income": 235579000,
      "opex": 294112000,
      "cogs": 371025000,
      "rd": 52635000,
      "sga": null,
      "fcf": 168312000,
      "ocf": 198585000,
      "capex": -30273000,
      "gross_margin": 0.6151572199835078,
      "op_margin": 0.3100918477950824,
      "fcf_margin": 0.17458030588271903,
      "incr_op_margin_yoy": 0.29043818466353677,
      "rev_growth_yoy": 0.07098461999900021,
      "rev_growth_yoy_accel": -0.017159020595374663,
      "op_leverage_ratio": 1.4696165191233108,
      "fcf_margin_change": -0.0664298527129347
    },
    {
      "date": "2024-06-30T00:00:00",
      "quarter_label": "2024-06 (Q2)",
      "revenue": 1003578000,
      "gross_profit": 619159000,
      "operating_income": 263801000,
      "net_income": 203298000,
      "opex": 355358000,
      "cogs": 384419000,
      "rd": 55450000,
      "sga": null,
      "fcf": 215007000,
      "ocf": 248312000,
      "capex": -33305000,
      "gross_margin": 0.6169515473635333,
      "op_margin": 0.2628604851840116,
      "fcf_margin": 0.21424044767820738,
      "incr_op_margin_yoy": -0.5395175819043171,
      "rev_growth_yoy": 0.06352913747973252,
      "rev_growth_yoy_accel": -0.007455482519267698,
      "op_leverage_ratio": 0.1966642081134376,
      "fcf_margin_change": 0.03966014179548835
    },
    {
      "date": "2024-09-30T00:00:00",
      "quarter_label": "2024-09 (Q3)",
      "revenue": 975543000,
      "gross_profit": 596038000,
      "operating_income": 303892000,
      "net_income": 232841000,
      "opex": 292146000,
      "cogs": 379505000,
      "rd": 53978000,
      "sga": null,
      "fcf": 191990000,
      "ocf": 220079000,
      "capex": -28089000,
      "gross_margin": 0.6109807563582538,
      "op_margin": 0.31151061511383915,
      "fcf_margin": 0.1968032162600726,
      "incr_op_margin_yoy": 0.4766895494534791,
      "rev_growth_yoy": 0.06555350087982113,
      "rev_growth_yoy_accel": 0.0020243634000886163,
      "fcf_margin_change": -0.017437231418134774
    },
    {
      "date": "2024-12-31T00:00:00",
      "quarter_label": "2024-12 (Q4)",
      "revenue": 954288000,
      "gross_profit": 570660000,
      "operating_income": 261686000,
      "net_income": 216149000,
      "opex": 308974000,
      "cogs": 383628000,
      "rd": 57729000,
      "sga": null,
      "fcf": 232770000,
      "ocf": 262025000,
      "capex": -29255000,
      "gross_margin": 0.5979955736632966,
      "op_margin": 0.2742211994701809,
      "fcf_margin": 0.24392007444293545,
      "incr_op_margin_yoy": 0.3109685501167271,
      "rev_growth_yoy": 0.058437157900224156,
      "rev_growth_yoy_accel": -0.007116342979596978,
      "fcf_margin_change": 0.04711685818286285
    },
    {
      "date": "2025-03-31T00:00:00",
      "quarter_label": "2025-03 (Q1)",
      "revenue": 998427000,
      "gross_profit": 623379000,
      "operating_income": 316534000,
      "net_income": 242677000,
      "opex": 306845000,
      "cogs": 375048000,
      "rd": 59061000,
      "sga": null,
      "fcf": 207936000,
      "ocf": 237962000,
      "capex": -30026000,
      "gross_margin": 0.6243611200418258,
      "op_margin": 0.31703269242518484,
      "fcf_margin": 0.20826359864066177,
      "incr_op_margin_yoy": 0.5119422113480135,
      "rev_growth_yoy": 0.03561059854060025,
      "rev_growth_yoy_accel": -0.022826559359623903,
      "op_leverage_ratio": Infinity,
      "fcf_margin_change": -0.035656475802273685
    },
    {
      "date": "2025-06-30T00:00:00",
      "quarter_label": "2025-06 (Q2)",
      "revenue": 1109457000,
      "gross_profit": 694732000,
      "operating_income": 373046000,
      "net_income": 293989000,
      "opex": 321686000,
      "cogs": 414725000,
      "rd": 61898000,
      "sga": null,
      "fcf": 151641000,
      "ocf": 185743000,
      "capex": -34102000,
      "gross_margin": 0.6261910105574168,
      "op_margin": 0.3362419634109299,
      "fcf_margin": 0.13668037607586414,
      "incr_op_margin_yoy": 1.0317910067152127,
      "rev_growth_yoy": 0.10550151557726455,
      "rev_growth_yoy_accel": 0.0698909170366643,
      "op_leverage_ratio": 2.2992167184337746,
      "fcf_margin_change": -0.07158322256479763
    },
    {
      "date": "2025-09-30T00:00:00",
      "quarter_label": "2025-09 (Q3)",
      "revenue": 1105239000,
      "gross_profit": 683354000,
      "operating_income": 354846000,
      "net_income": 274610000,
      "opex": 328508000,
      "cogs": 421885000,
      "rd": 63415000,
      "sga": null,
      "fcf": 371226000,
      "ocf": 402340000,
      "capex": -31114000,
      "gross_margin": 0.6182861806360435,
      "op_margin": 0.32105816027121736,
      "fcf_margin": 0.3358784842011547,
      "incr_op_margin_yoy": 0.3928725635331853,
      "rev_growth_yoy": 0.1329474969324776,
      "rev_growth_yoy_accel": 0.027445981355213048,
      "fcf_margin_change": 0.19919810812529054
    }
  ],
  "signals": [
    {
      "quarter": "2025-09 (Q3)",
      "signal": "FCF MARGIN EXPANSION",
      "detail": "FCF margin: +13.7% -> +33.6% (+19.9%)",
      "severity": "MEDIUM"
    },
    {
      "quarter": "2025-06 (Q2)",
      "signal": "OPERATING LEVERAGE",
      "detail": "Rev growth +11.1% vs OpEx growth +4.8% (leverage: 2.3x)",
      "severity": "MEDIUM"
    },
    {
      "quarter": "2025-06 (Q2)",
      "signal": "YoY REVENUE GROWTH ACCELERATION",
      "detail": "YoY growth: +10.6% vs prior quarter YoY: +3.6% (accel: +7.0%)",
      "severity": "MEDIUM"
    },
    {
      "quarter": "2025-06 (Q2)",
      "signal": "INCREMENTAL MARGIN (YoY)",
      "detail": "YoY Incr OPM: +103.2% vs year-ago OPM: +26.3%",
      "severity": "HIGH"
    },
    {
      "quarter": "2025-03 (Q1)",
      "signal": "GROSS MARGIN INFLECTION",
      "detail": "GM: +61.1% -> +59.8% -> +62.4% (reversal +2.6%)",
      "severity": "MEDIUM"
    },
    {
      "quarter": "2025-03 (Q1)",
      "signal": "INCREMENTAL MARGIN (YoY)",
      "detail": "YoY Incr OPM: +51.2% vs year-ago OPM: +31.0%",
      "severity": "HIGH"
    },
    {
      "quarter": "2024-09 (Q3)",
      "signal": "INCREMENTAL MARGIN (YoY)",
      "detail": "YoY Incr OPM: +47.7% vs year-ago OPM: +30.1%",
      "severity": "MEDIUM"
    },
    {
      "quarter": "2024-03 (Q1)",
      "signal": "GROSS MARGIN INFLECTION",
      "detail": "GM: +59.9% -> +58.4% -> +61.5% (reversal +3.2%)",
      "severity": "MEDIUM"
    },
    {
      "quarter": "2023-09 (Q3)",
      "signal": "FCF MARGIN EXPANSION",
      "detail": "FCF margin: +18.3% -> +26.0% (+7.7%)",
      "severity": "MEDIUM"
    },
    {
      "quarter": "2023-09 (Q3)",
      "signal": "INCREMENTAL MARGIN (YoY)",
      "detail": "YoY Incr OPM: +41.2% vs year-ago OPM: +29.1%",
      "severity": "MEDIUM"
    },
    {
      "quarter": "2023-06 (Q2)",
      "signal": "INCREMENTAL MARGIN (YoY)",
      "detail": "YoY Incr OPM: +140.9% vs year-ago OPM: +20.8%",
      "severity": "HIGH"
    },
    {
      "quarter": "2023-03 (Q1)",
      "signal": "OPERATING LEVERAGE",
      "detail": "Rev growth +8.6% vs OpEx growth +1.6% (leverage: 5.4x)",
      "severity": "MEDIUM"
    },
    {
      "quarter": "2023-03 (Q1)",
      "signal": "INCREMENTAL MARGIN (YoY)",
      "detail": "YoY Incr OPM: +50.4% vs year-ago OPM: +29.7%",
      "severity": "HIGH"
    },
    {
      "quarter": "2022-12 (Q4)",
      "signal": "INCREMENTAL MARGIN (YoY)",
      "detail": "YoY Incr OPM: +99.5% vs year-ago OPM: +24.9%",
      "severity": "HIGH"
    },
    {
      "quarter": "2022-09 (Q3)",
      "signal": "FCF MARGIN EXPANSION",
      "detail": "FCF margin: +4.2% -> +18.0% (+13.8%)",
      "severity": "MEDIUM"
    },
    {
      "quarter": "2022-09 (Q3)",
      "signal": "INCREMENTAL MARGIN (YoY)",
      "detail": "YoY Incr OPM: +60.4% vs year-ago OPM: +27.9%",
      "severity": "HIGH"
    },
    {
      "quarter": "2022-03 (Q1)",
      "signal": "GROSS MARGIN INFLECTION",
      "detail": "GM: +58.4% -> +57.0% -> +59.6% (reversal +2.6%)",
      "severity": "MEDIUM"
    },
    {
      "quarter": "2021-06 (Q2)",
      "signal": "FCF MARGIN EXPANSION",
      "detail": "FCF margin: +13.4% -> +25.6% (+12.2%)",
      "severity": "MEDIUM"
    },
    {
      "quarter": "2021-06 (Q2)",
      "signal": "OPERATING LEVERAGE",
      "detail": "Rev growth +6.2% vs OpEx growth +3.1% (leverage: 2.0x)",
      "severity": "MEDIUM"
    }
  ],
  "data_quality": {
    "n_quarters": 20,
    "coverage": {
      "revenue": [
        20,
        20
      ],
      "gross_profit": [
        20,
        20
      ],
      "op_income": [
        20,
        20
      ],
      "fcf": [
        20,
        20
      ]
    },
    "gaps": [],
    "warnings": []
  },
  "market_cap": null,
  "source": "SEC EDGAR",
  "last_updated": "2026-02-02T19:58:20.446853",
  "sector": "Healthcare",
  "industry": "Diagnostics & Research"
}