{
  "ticker": "IDYA",
  "name": "IDEAYA Biosciences, Inc.",
  "quarters": [
    {
      "date": "2020-09-30T00:00:00",
      "quarter_label": "2020-09 (Q3)",
      "revenue": 8967000,
      "gross_profit": null,
      "operating_income": null,
      "net_income": null,
      "opex": null,
      "cogs": null,
      "rd": null,
      "sga": null,
      "fcf": null,
      "ocf": null,
      "capex": null,
      "gross_margin": null,
      "op_margin": null,
      "fcf_margin": null
    },
    {
      "date": "2020-12-31T00:00:00",
      "quarter_label": "2020-12 (Q4)",
      "revenue": 10571000,
      "gross_profit": null,
      "operating_income": -5280000,
      "net_income": -5135000,
      "opex": 15851000,
      "cogs": null,
      "rd": 12051000,
      "sga": null,
      "fcf": -11775000,
      "ocf": -11596000,
      "capex": -179000,
      "gross_margin": null,
      "op_margin": -0.4994797086368366,
      "fcf_margin": -1.1138965093179454
    },
    {
      "date": "2021-03-31T00:00:00",
      "quarter_label": "2021-03 (Q1)",
      "revenue": 7247000,
      "gross_profit": null,
      "operating_income": -9135000,
      "net_income": -9021000,
      "opex": 16382000,
      "cogs": null,
      "rd": 11566000,
      "sga": null,
      "fcf": -14727000,
      "ocf": -13724000,
      "capex": -1003000,
      "gross_margin": null,
      "op_margin": -1.2605215951428177,
      "fcf_margin": -2.0321512349937905,
      "fcf_margin_change": -0.9182547256758451
    },
    {
      "date": "2021-06-30T00:00:00",
      "quarter_label": "2021-06 (Q2)",
      "revenue": 8756000,
      "gross_profit": null,
      "operating_income": -11051000,
      "net_income": -10947000,
      "opex": 19807000,
      "cogs": null,
      "rd": 14979000,
      "sga": null,
      "fcf": -13508000,
      "ocf": -12930000,
      "capex": -578000,
      "gross_margin": null,
      "op_margin": -1.2621059844677935,
      "fcf_margin": -1.5427135678391959,
      "op_leverage_ratio": 0.9959495144731422,
      "fcf_margin_change": 0.4894376671545946
    },
    {
      "date": "2021-09-30T00:00:00",
      "quarter_label": "2021-09 (Q3)",
      "revenue": 8976000,
      "gross_profit": null,
      "operating_income": -11713000,
      "net_income": -11582000,
      "opex": 20689000,
      "cogs": null,
      "rd": 15503000,
      "sga": null,
      "fcf": -12926000,
      "ocf": -12468000,
      "capex": -458000,
      "gross_margin": null,
      "op_margin": -1.3049242424242424,
      "fcf_margin": -1.4400623885918002,
      "rev_growth_yoy": 0.0010036801605888257,
      "op_leverage_ratio": 0.5642441231098806,
      "fcf_margin_change": 0.10265117924739564
    },
    {
      "date": "2021-12-31T00:00:00",
      "quarter_label": "2021-12 (Q4)",
      "revenue": 2962000,
      "gross_profit": null,
      "operating_income": -18369000,
      "net_income": -18212000,
      "opex": 21331000,
      "cogs": null,
      "rd": 16110000,
      "sga": null,
      "fcf": -17262000,
      "ocf": -16657000,
      "capex": -605000,
      "gross_margin": null,
      "op_margin": -6.201553004726536,
      "fcf_margin": -5.827819041188386,
      "incr_op_margin_yoy": 1.720199763438034,
      "rev_growth_yoy": -0.7197994513291079,
      "rev_growth_yoy_accel": -0.7208031314896968,
      "fcf_margin_change": -4.387756652596586
    },
    {
      "date": "2022-03-31T00:00:00",
      "quarter_label": "2022-03 (Q1)",
      "revenue": 11359000,
      "gross_profit": null,
      "operating_income": -14220000,
      "net_income": -14013000,
      "opex": 25579000,
      "cogs": null,
      "rd": 19656000,
      "sga": null,
      "fcf": -20048000,
      "ocf": -19647000,
      "capex": -401000,
      "gross_margin": null,
      "op_margin": -1.2518707632714148,
      "fcf_margin": -1.7649440971916541,
      "incr_op_margin_yoy": -1.236624513618677,
      "rev_growth_yoy": 0.5674072029805437,
      "rev_growth_yoy_accel": 1.2872066543096516,
      "op_leverage_ratio": 14.235273206376819,
      "fcf_margin_change": 4.062874943996732
    },
    {
      "date": "2022-06-30T00:00:00",
      "quarter_label": "2022-06 (Q2)",
      "revenue": 5851000,
      "gross_profit": null,
      "operating_income": -22499000,
      "net_income": -22056000,
      "opex": 28350000,
      "cogs": null,
      "rd": 22796000,
      "sga": null,
      "fcf": -21933000,
      "ocf": -19992000,
      "capex": -1941000,
      "gross_margin": null,
      "op_margin": -3.845325585370022,
      "fcf_margin": -3.748589984618014,
      "incr_op_margin_yoy": 3.9407917383821,
      "rev_growth_yoy": -0.331772498857926,
      "rev_growth_yoy_accel": -0.8991797018384697,
      "fcf_margin_change": -1.98364588742636
    },
    {
      "date": "2022-09-30T00:00:00",
      "quarter_label": "2022-09 (Q3)",
      "revenue": 29699000,
      "gross_profit": null,
      "operating_income": 660000,
      "net_income": 1615000,
      "opex": 29039000,
      "cogs": null,
      "rd": 22372000,
      "sga": null,
      "fcf": -25267000,
      "ocf": -24166000,
      "capex": -1101000,
      "gross_margin": null,
      "op_margin": 0.022222970470386207,
      "fcf_margin": -0.8507693861746187,
      "incr_op_margin_yoy": 0.5970660618636298,
      "rev_growth_yoy": 2.308712121212121,
      "rev_growth_yoy_accel": 2.640484620070047,
      "op_leverage_ratio": 167.70874391858385,
      "fcf_margin_change": 2.8978205984433956
    },
    {
      "date": "2022-12-31T00:00:00",
      "quarter_label": "2022-12 (Q4)",
      "revenue": 4022000,
      "gross_profit": null,
      "operating_income": -26443000,
      "net_income": -24201000,
      "opex": 30465000,
      "cogs": null,
      "rd": 24713000,
      "sga": null,
      "fcf": -23370000,
      "ocf": -23370000,
      "capex": null,
      "gross_margin": null,
      "op_margin": -6.57458975634013,
      "fcf_margin": -5.810542018896071,
      "incr_op_margin_yoy": -7.6169811320754715,
      "rev_growth_yoy": 0.35786630654962864,
      "rev_growth_yoy_accel": -1.9508458146624925,
      "fcf_margin_change": -4.959772632721452
    },
    {
      "date": "2023-03-31T00:00:00",
      "quarter_label": "2023-03 (Q1)",
      "revenue": 7880000,
      "gross_profit": null,
      "operating_income": -26279000,
      "net_income": -23640000,
      "opex": 34159000,
      "cogs": null,
      "rd": 27859000,
      "sga": null,
      "fcf": -27885000,
      "ocf": -27842000,
      "capex": -43000,
      "gross_margin": null,
      "op_margin": -3.33489847715736,
      "fcf_margin": -3.5387055837563453,
      "incr_op_margin_yoy": 3.4662259269905147,
      "rev_growth_yoy": -0.30627696100008805,
      "rev_growth_yoy_accel": -0.6641432675497168,
      "op_leverage_ratio": 7.9108736545642175,
      "fcf_margin_change": 2.271836435139726
    },
    {
      "date": "2023-06-30T00:00:00",
      "quarter_label": "2023-06 (Q2)",
      "revenue": 3544000,
      "gross_profit": null,
      "operating_income": -32709000,
      "net_income": -27926000,
      "opex": 36253000,
      "cogs": null,
      "rd": 29178000,
      "sga": null,
      "fcf": -34344000,
      "ocf": -33460000,
      "capex": -884000,
      "gross_margin": null,
      "op_margin": -9.229401805869074,
      "fcf_margin": -9.690744920993229,
      "incr_op_margin_yoy": 4.425661031642826,
      "rev_growth_yoy": -0.3942915740898992,
      "rev_growth_yoy_accel": -0.08801461308981112,
      "fcf_margin_change": -6.152039337236884
    },
    {
      "date": "2023-09-30T00:00:00",
      "quarter_label": "2023-09 (Q3)",
      "revenue": 8038000,
      "gross_profit": null,
      "operating_income": -33526000,
      "net_income": -27440000,
      "opex": 41564000,
      "cogs": null,
      "rd": 33701000,
      "sga": null,
      "fcf": -30777000,
      "ocf": -30174000,
      "capex": -603000,
      "gross_margin": null,
      "op_margin": -4.170938044289624,
      "fcf_margin": -3.8289375466533966,
      "incr_op_margin_yoy": 1.5782281519782098,
      "rev_growth_yoy": -0.7293511566045995,
      "rev_growth_yoy_accel": -0.3350595825147003,
      "op_leverage_ratio": 8.65579584175779,
      "fcf_margin_change": 5.861807374339833
    },
    {
      "date": "2023-12-31T00:00:00",
      "quarter_label": "2023-12 (Q4)",
      "revenue": 3922000,
      "gross_profit": null,
      "operating_income": -41917000,
      "net_income": -33955000,
      "opex": 45839000,
      "cogs": null,
      "rd": 38770000,
      "sga": null,
      "fcf": -24586000,
      "ocf": -23748000,
      "capex": -838000,
      "gross_margin": null,
      "op_margin": -10.687659357470679,
      "fcf_margin": -6.2687404385517596,
      "rev_growth_yoy": -0.02486325211337643,
      "rev_growth_yoy_accel": 0.704487904491223,
      "fcf_margin_change": -2.439802891898363
    },
    {
      "date": "2024-03-31T00:00:00",
      "quarter_label": "2024-03 (Q1)",
      "revenue": 0,
      "gross_profit": null,
      "operating_income": -51017000,
      "net_income": -39572000,
      "opex": 51017000,
      "cogs": null,
      "rd": 42805000,
      "sga": null,
      "fcf": -45138000,
      "ocf": -43813000,
      "capex": -1325000,
      "gross_margin": null,
      "op_margin": null,
      "fcf_margin": null,
      "incr_op_margin_yoy": 3.139340101522843,
      "rev_growth_yoy": -1.0,
      "rev_growth_yoy_accel": -0.9751367478866235
    },
    {
      "date": "2024-06-30T00:00:00",
      "quarter_label": "2024-06 (Q2)",
      "revenue": 0,
      "gross_profit": null,
      "operating_income": -64927000,
      "net_income": -52772000,
      "opex": 64927000,
      "cogs": null,
      "rd": 54533000,
      "sga": null,
      "fcf": -33855000,
      "ocf": -32882000,
      "capex": -973000,
      "gross_margin": null,
      "op_margin": null,
      "fcf_margin": null,
      "incr_op_margin_yoy": 9.090857787810384,
      "rev_growth_yoy": -1.0,
      "rev_growth_yoy_accel": 0.0
    },
    {
      "date": "2024-09-30T00:00:00",
      "quarter_label": "2024-09 (Q3)",
      "revenue": 0,
      "gross_profit": null,
      "operating_income": -66893000,
      "net_income": -51821000,
      "opex": 66893000,
      "cogs": null,
      "rd": 57152000,
      "sga": null,
      "fcf": -49691000,
      "ocf": -49234000,
      "capex": -457000,
      "gross_margin": null,
      "op_margin": null,
      "fcf_margin": null,
      "incr_op_margin_yoy": 4.1511570042299075,
      "rev_growth_yoy": -1.0,
      "rev_growth_yoy_accel": 0.0
    },
    {
      "date": "2024-12-31T00:00:00",
      "quarter_label": "2024-12 (Q4)",
      "revenue": 7000000,
      "gross_profit": null,
      "operating_income": -144138000,
      "net_income": -130312000,
      "opex": 151138000,
      "cogs": null,
      "rd": 140183000,
      "sga": null,
      "fcf": -122757000,
      "ocf": -121655000,
      "capex": -1102000,
      "gross_margin": null,
      "op_margin": -20.591142857142856,
      "fcf_margin": -17.536714285714286,
      "incr_op_margin_yoy": -33.210201429499676,
      "rev_growth_yoy": 0.7848036715961244,
      "rev_growth_yoy_accel": 1.7848036715961244
    },
    {
      "date": "2025-09-30T00:00:00",
      "quarter_label": "2025-09 (Q3)",
      "revenue": 207834000,
      "gross_profit": null,
      "operating_income": 108452000,
      "net_income": 119244000,
      "opex": 99382000,
      "cogs": null,
      "rd": 82993000,
      "sga": null,
      "fcf": 142172000,
      "ocf": 142214000,
      "capex": -42000,
      "gross_margin": null,
      "op_margin": 0.5218202988923852,
      "fcf_margin": 0.684065167393208,
      "incr_op_margin_yoy": 0.843678127736559,
      "op_leverage_ratio": Infinity,
      "fcf_margin_change": 18.220779453107493
    }
  ],
  "signals": [
    {
      "quarter": "2025-09 (Q3)",
      "signal": "FCF TURNED POSITIVE",
      "detail": "FCF margin: -1753.7% -> +68.4%",
      "severity": "HIGH"
    },
    {
      "quarter": "2025-09 (Q3)",
      "signal": "OP MARGIN TURNED POSITIVE (QoQ)",
      "detail": "Op margin: -2059.1% -> +52.2%",
      "severity": "HIGH"
    },
    {
      "quarter": "2024-12 (Q4)",
      "signal": "YoY REVENUE GROWTH ACCELERATION",
      "detail": "YoY growth: +78.5% vs prior quarter YoY: -100.0% (accel: +178.5%)",
      "severity": "HIGH"
    },
    {
      "quarter": "2024-03 (Q1)",
      "signal": "YoY REVENUE GROWTH DECELERATION",
      "detail": "YoY growth: -100.0% vs prior quarter YoY: -2.5% (decel: -97.5%)",
      "severity": "WARNING"
    },
    {
      "quarter": "2023-12 (Q4)",
      "signal": "YoY REVENUE GROWTH ACCELERATION",
      "detail": "YoY growth: -2.5% vs prior quarter YoY: -72.9% (accel: +70.4%)",
      "severity": "HIGH"
    },
    {
      "quarter": "2023-09 (Q3)",
      "signal": "FCF MARGIN EXPANSION",
      "detail": "FCF margin: -969.1% -> -382.9% (+586.2%)",
      "severity": "MEDIUM"
    },
    {
      "quarter": "2023-09 (Q3)",
      "signal": "OPERATING LEVERAGE",
      "detail": "Rev growth +126.8% vs OpEx growth +14.6% (leverage: 8.7x)",
      "severity": "MEDIUM"
    },
    {
      "quarter": "2023-09 (Q3)",
      "signal": "YoY REVENUE GROWTH DECELERATION",
      "detail": "YoY growth: -72.9% vs prior quarter YoY: -39.4% (decel: -33.5%)",
      "severity": "WARNING"
    },
    {
      "quarter": "2023-06 (Q2)",
      "signal": "YoY REVENUE GROWTH DECELERATION",
      "detail": "YoY growth: -39.4% vs prior quarter YoY: -30.6% (decel: -8.8%)",
      "severity": "WARNING"
    },
    {
      "quarter": "2023-03 (Q1)",
      "signal": "FCF MARGIN EXPANSION",
      "detail": "FCF margin: -581.1% -> -353.9% (+227.2%)",
      "severity": "MEDIUM"
    },
    {
      "quarter": "2023-03 (Q1)",
      "signal": "OPERATING LEVERAGE",
      "detail": "Rev growth +95.9% vs OpEx growth +12.1% (leverage: 7.9x)",
      "severity": "MEDIUM"
    },
    {
      "quarter": "2023-03 (Q1)",
      "signal": "YoY REVENUE GROWTH DECELERATION",
      "detail": "YoY growth: -30.6% vs prior quarter YoY: +35.8% (decel: -66.4%)",
      "severity": "WARNING"
    },
    {
      "quarter": "2022-12 (Q4)",
      "signal": "YoY REVENUE GROWTH DECELERATION",
      "detail": "YoY growth: +35.8% vs prior quarter YoY: +230.9% (decel: -195.1%)",
      "severity": "WARNING"
    },
    {
      "quarter": "2022-09 (Q3)",
      "signal": "FCF MARGIN EXPANSION",
      "detail": "FCF margin: -374.9% -> -85.1% (+289.8%)",
      "severity": "MEDIUM"
    },
    {
      "quarter": "2022-09 (Q3)",
      "signal": "OPERATING LEVERAGE",
      "detail": "Rev growth +407.6% vs OpEx growth +2.4% (leverage: 167.7x)",
      "severity": "MEDIUM"
    },
    {
      "quarter": "2022-09 (Q3)",
      "signal": "YoY REVENUE GROWTH ACCELERATION",
      "detail": "YoY growth: +230.9% vs prior quarter YoY: -33.2% (accel: +264.0%)",
      "severity": "HIGH"
    },
    {
      "quarter": "2022-09 (Q3)",
      "signal": "OP MARGIN TURNED POSITIVE (YoY)",
      "detail": "Op margin: -130.5% (year-ago) -> +2.2%",
      "severity": "HIGH"
    },
    {
      "quarter": "2022-09 (Q3)",
      "signal": "OP MARGIN TURNED POSITIVE (QoQ)",
      "detail": "Op margin: -384.5% -> +2.2%",
      "severity": "HIGH"
    },
    {
      "quarter": "2022-06 (Q2)",
      "signal": "YoY REVENUE GROWTH DECELERATION",
      "detail": "YoY growth: -33.2% vs prior quarter YoY: +56.7% (decel: -89.9%)",
      "severity": "WARNING"
    },
    {
      "quarter": "2022-03 (Q1)",
      "signal": "FCF MARGIN EXPANSION",
      "detail": "FCF margin: -582.8% -> -176.5% (+406.3%)",
      "severity": "MEDIUM"
    },
    {
      "quarter": "2022-03 (Q1)",
      "signal": "OPERATING LEVERAGE",
      "detail": "Rev growth +283.5% vs OpEx growth +19.9% (leverage: 14.2x)",
      "severity": "MEDIUM"
    },
    {
      "quarter": "2022-03 (Q1)",
      "signal": "YoY REVENUE GROWTH ACCELERATION",
      "detail": "YoY growth: +56.7% vs prior quarter YoY: -72.0% (accel: +128.7%)",
      "severity": "HIGH"
    },
    {
      "quarter": "2021-12 (Q4)",
      "signal": "YoY REVENUE GROWTH DECELERATION",
      "detail": "YoY growth: -72.0% vs prior quarter YoY: +0.1% (decel: -72.1%)",
      "severity": "WARNING"
    },
    {
      "quarter": "2021-09 (Q3)",
      "signal": "FCF MARGIN EXPANSION",
      "detail": "FCF margin: -154.3% -> -144.0% (+10.3%)",
      "severity": "MEDIUM"
    },
    {
      "quarter": "2021-06 (Q2)",
      "signal": "FCF MARGIN EXPANSION",
      "detail": "FCF margin: -203.2% -> -154.3% (+48.9%)",
      "severity": "MEDIUM"
    }
  ],
  "data_quality": {
    "n_quarters": 19,
    "coverage": {
      "revenue": [
        19,
        19
      ],
      "gross_profit": [
        0,
        19
      ],
      "op_income": [
        18,
        19
      ],
      "fcf": [
        18,
        19
      ]
    },
    "gaps": [
      [
        "2024-12 (Q4)",
        "2025-09 (Q3)",
        273
      ]
    ],
    "warnings": [
      "gross_profit: no data",
      "gap: 2Q missing between 2024-12 (Q4) and 2025-09 (Q3)"
    ]
  },
  "market_cap": null,
  "source": "SEC EDGAR",
  "last_updated": "2026-02-02T21:22:10.618747"
}