{
  "ticker": "IEHC",
  "name": "IEH Corporation",
  "quarters": [
    {
      "date": "2019-12-31T00:00:00",
      "quarter_label": "2019-12 (Q4)",
      "revenue": 8424657,
      "gross_profit": 3153862,
      "operating_income": 1446900,
      "net_income": null,
      "opex": 6977757,
      "cogs": 5270795,
      "rd": null,
      "sga": 1469198,
      "fcf": 1075674,
      "ocf": 1211187,
      "capex": -135513,
      "gross_margin": 0.37436087902451104,
      "op_margin": 0.17174586454973775,
      "fcf_margin": 0.12768163736517701
    },
    {
      "date": "2020-03-31T00:00:00",
      "quarter_label": "2020-03 (Q1)",
      "revenue": 8612283,
      "gross_profit": 849713,
      "operating_income": -715295,
      "net_income": null,
      "opex": 9327578,
      "cogs": 7762570,
      "rd": null,
      "sga": 1307601,
      "fcf": -146265,
      "ocf": 354320,
      "capex": -500585,
      "gross_margin": 0.09866292131830781,
      "op_margin": -0.08305521311828698,
      "fcf_margin": -0.016983301640227103,
      "op_leverage_ratio": 0.06613355247824873,
      "fcf_margin_change": -0.14466493900540411
    },
    {
      "date": "2021-06-30T00:00:00",
      "quarter_label": "2021-06 (Q2)",
      "revenue": 6510577,
      "gross_profit": 1770835,
      "operating_income": 310813,
      "net_income": 2343588,
      "opex": 6199764,
      "cogs": 4739742,
      "rd": null,
      "sga": 1284106,
      "fcf": 1120771,
      "ocf": 1154891,
      "capex": -34120,
      "gross_margin": 0.2719935575602592,
      "op_margin": 0.04773970110483295,
      "fcf_margin": 0.17214618612144514,
      "fcf_margin_change": 0.18912948776167224
    },
    {
      "date": "2021-09-30T00:00:00",
      "quarter_label": "2021-09 (Q3)",
      "revenue": 6561872,
      "gross_profit": 998318,
      "operating_income": -363106,
      "net_income": -242227,
      "opex": 6924978,
      "cogs": 5563554,
      "rd": null,
      "sga": 1180275,
      "fcf": -411732,
      "ocf": -33694,
      "capex": -378038,
      "gross_margin": 0.15213920661664843,
      "op_margin": -0.05533573346142686,
      "fcf_margin": -0.0627461187904915,
      "fcf_margin_change": -0.23489230491193663
    },
    {
      "date": "2021-12-31T00:00:00",
      "quarter_label": "2021-12 (Q4)",
      "revenue": 5814132,
      "gross_profit": 1267608,
      "operating_income": -278731,
      "net_income": -204982,
      "opex": 6092863,
      "cogs": 4546524,
      "rd": null,
      "sga": 1320001,
      "fcf": -1497917,
      "ocf": 305083,
      "capex": -1803000,
      "gross_margin": 0.2180218818561395,
      "op_margin": -0.04794026004225566,
      "fcf_margin": -0.2576338136113869,
      "fcf_margin_change": -0.19488769482089538
    },
    {
      "date": "2022-03-31T00:00:00",
      "quarter_label": "2022-03 (Q1)",
      "revenue": 5379008,
      "gross_profit": 900579,
      "operating_income": -607909,
      "net_income": -458245,
      "opex": 5986917,
      "cogs": 4478429,
      "rd": null,
      "sga": 1254690,
      "fcf": -443393,
      "ocf": -11787,
      "capex": -431606,
      "gross_margin": 0.16742473705188762,
      "op_margin": -0.11301507638583173,
      "fcf_margin": -0.08243025479791069,
      "fcf_margin_change": 0.17520355881347618
    },
    {
      "date": "2022-06-30T00:00:00",
      "quarter_label": "2022-06 (Q2)",
      "revenue": 4078584,
      "gross_profit": -840355,
      "operating_income": -2097845,
      "net_income": -2903776,
      "opex": 6176429,
      "cogs": 4918939,
      "rd": null,
      "sga": 1009007,
      "fcf": -1212381,
      "ocf": -1155245,
      "capex": -57136,
      "gross_margin": -0.20604087104740273,
      "op_margin": -0.5143562079388336,
      "fcf_margin": -0.29725537098169363,
      "incr_op_margin_yoy": 0.9904049888301488,
      "rev_growth_yoy": -0.37354492543441237,
      "fcf_margin_change": -0.21482511618378294
    },
    {
      "date": "2022-09-30T00:00:00",
      "quarter_label": "2022-09 (Q3)",
      "revenue": 4193646,
      "gross_profit": -15860,
      "operating_income": -1503719,
      "net_income": -1445342,
      "opex": 5697365,
      "cogs": 4209506,
      "rd": null,
      "sga": 1230748,
      "fcf": -1638736,
      "ocf": -1265098,
      "capex": -373638,
      "gross_margin": -0.00378191196872602,
      "op_margin": -0.35857079972892325,
      "fcf_margin": -0.390766411852598,
      "incr_op_margin_yoy": 0.4816318206117153,
      "rev_growth_yoy": -0.36090707042136755,
      "rev_growth_yoy_accel": 0.012637855013044819,
      "op_leverage_ratio": Infinity,
      "fcf_margin_change": -0.09351104087090434
    },
    {
      "date": "2022-12-31T00:00:00",
      "quarter_label": "2022-12 (Q4)",
      "revenue": 5571291,
      "gross_profit": 1125847,
      "operating_income": -857347,
      "net_income": -838401,
      "opex": 6428638,
      "cogs": 4445444,
      "rd": null,
      "sga": 1719955,
      "fcf": -2137599,
      "ocf": -2079734,
      "capex": -57865,
      "gross_margin": 0.2020800923879223,
      "op_margin": -0.1538865946869406,
      "fcf_margin": -0.3836810893561295,
      "rev_growth_yoy": -0.041767369574684576,
      "rev_growth_yoy_accel": 0.31913970084668297,
      "op_leverage_ratio": 2.5594111493143497,
      "fcf_margin_change": 0.0070853224964684824
    },
    {
      "date": "2023-03-31T00:00:00",
      "quarter_label": "2023-03 (Q1)",
      "revenue": 5293369,
      "gross_profit": 471393,
      "operating_income": -1353901,
      "net_income": -1315405,
      "opex": 6647270,
      "cogs": 4821976,
      "rd": null,
      "sga": 1559568,
      "fcf": 658151,
      "ocf": 715026,
      "capex": -56875,
      "gross_margin": 0.08905349315341515,
      "op_margin": -0.2557730247031711,
      "fcf_margin": 0.12433499346068638,
      "rev_growth_yoy": -0.01592096535271931,
      "rev_growth_yoy_accel": 0.025846404221965266,
      "fcf_margin_change": 0.5080160828168159
    },
    {
      "date": "2023-06-30T00:00:00",
      "quarter_label": "2023-06 (Q2)",
      "revenue": 4679845,
      "gross_profit": 438413,
      "operating_income": -1334392,
      "net_income": -1315902,
      "opex": 6014237,
      "cogs": 4241432,
      "rd": null,
      "sga": 1557569,
      "fcf": -1404979,
      "ocf": -1376666,
      "capex": -28313,
      "gross_margin": 0.0936810941388016,
      "op_margin": -0.28513593933132403,
      "fcf_margin": -0.300219131189174,
      "rev_growth_yoy": 0.14741905524074042,
      "rev_growth_yoy_accel": 0.16334002059345973,
      "fcf_margin_change": -0.42455412464986036
    },
    {
      "date": "2023-09-30T00:00:00",
      "quarter_label": "2023-09 (Q3)",
      "revenue": 4810988,
      "gross_profit": 916565,
      "operating_income": -1120435,
      "net_income": -1100603,
      "opex": 5931423,
      "cogs": 3894423,
      "rd": null,
      "sga": 1821414,
      "fcf": -955507,
      "ocf": -883125,
      "capex": -72382,
      "gross_margin": 0.190514921259417,
      "op_margin": -0.23289083240282454,
      "fcf_margin": -0.19860930852456918,
      "rev_growth_yoy": 0.14720889650676286,
      "rev_growth_yoy_accel": -0.00021015873397756124,
      "op_leverage_ratio": Infinity,
      "fcf_margin_change": 0.1016098226646048
    },
    {
      "date": "2023-12-31T00:00:00",
      "quarter_label": "2023-12 (Q4)",
      "revenue": 5107757,
      "gross_profit": 628007,
      "operating_income": -969189,
      "net_income": -926053,
      "opex": 6076946,
      "cogs": 4479750,
      "rd": null,
      "sga": 1379996,
      "fcf": -1100787,
      "ocf": -1072296,
      "capex": -28491,
      "gross_margin": 0.12295162044709644,
      "op_margin": -0.1897484551438136,
      "fcf_margin": -0.21551279749604377,
      "rev_growth_yoy": -0.08320046466788397,
      "rev_growth_yoy_accel": -0.23040936117464683,
      "op_leverage_ratio": 2.5142677064199734,
      "fcf_margin_change": -0.01690348897147459
    },
    {
      "date": "2024-03-31T00:00:00",
      "quarter_label": "2024-03 (Q1)",
      "revenue": 6925954,
      "gross_profit": 1283938,
      "operating_income": -336871,
      "net_income": 425656,
      "opex": 7262825,
      "cogs": 5642016,
      "rd": null,
      "sga": 1397212,
      "fcf": 1199840,
      "ocf": 1417822,
      "capex": -217982,
      "gross_margin": 0.1853806710238041,
      "op_margin": -0.04863893118550888,
      "fcf_margin": 0.173238228264294,
      "incr_op_margin_yoy": 0.6229568445134557,
      "rev_growth_yoy": 0.3084207807919682,
      "rev_growth_yoy_accel": 0.3916212454598522,
      "op_leverage_ratio": 1.8241296725020988,
      "fcf_margin_change": 0.38875102576033777
    },
    {
      "date": "2024-06-30T00:00:00",
      "quarter_label": "2024-06 (Q2)",
      "revenue": 7104977,
      "gross_profit": 2210459,
      "operating_income": 332979,
      "net_income": 392787,
      "opex": 6771998,
      "cogs": 4894518,
      "rd": null,
      "sga": 1689210,
      "fcf": 1007105,
      "ocf": 1070656,
      "capex": -63551,
      "gross_margin": 0.31111416687203913,
      "op_margin": 0.04686559857969984,
      "fcf_margin": 0.14174641240921682,
      "incr_op_margin_yoy": 0.6875382453408722,
      "rev_growth_yoy": 0.5182077611544826,
      "rev_growth_yoy_accel": 0.20978698036251442,
      "op_leverage_ratio": Infinity,
      "fcf_margin_change": -0.03149181585507718
    },
    {
      "date": "2024-09-30T00:00:00",
      "quarter_label": "2024-09 (Q3)",
      "revenue": 7341124,
      "gross_profit": 1731044,
      "operating_income": 173196,
      "net_income": 246443,
      "opex": 7167928,
      "cogs": 5610080,
      "rd": null,
      "sga": 1371941,
      "fcf": 1440687,
      "ocf": 1518341,
      "capex": -77654,
      "gross_margin": 0.23580094819267458,
      "op_margin": 0.02359257247255325,
      "fcf_margin": 0.19624883056055176,
      "incr_op_margin_yoy": 0.5112891164743714,
      "rev_growth_yoy": 0.5259077761158415,
      "rev_growth_yoy_accel": 0.007700014961358859,
      "op_leverage_ratio": 0.5684838973864057,
      "fcf_margin_change": 0.05450241815133494
    },
    {
      "date": "2024-12-31T00:00:00",
      "quarter_label": "2024-12 (Q4)",
      "revenue": 7217616,
      "gross_profit": 1648149,
      "operating_income": -130086,
      "net_income": -61640,
      "opex": 7347702,
      "cogs": 5569467,
      "rd": null,
      "sga": 1594721,
      "fcf": 453552,
      "ocf": 525790,
      "capex": -72238,
      "gross_margin": 0.22835088483510343,
      "op_margin": -0.01802340274129297,
      "fcf_margin": 0.0628395858133766,
      "incr_op_margin_yoy": 0.3977057234630371,
      "rev_growth_yoy": 0.41306957241701203,
      "rev_growth_yoy_accel": -0.11283820369882946,
      "fcf_margin_change": -0.13340924474717514
    },
    {
      "date": "2025-03-31T00:00:00",
      "quarter_label": "2025-03 (Q1)",
      "revenue": 7120144,
      "gross_profit": 1884226,
      "operating_income": 198773,
      "net_income": 421448,
      "opex": 6921371,
      "cogs": 5235918,
      "rd": null,
      "sga": 1498342,
      "fcf": 1449911,
      "ocf": 1768832,
      "capex": -318921,
      "gross_margin": 0.26463313101532776,
      "op_margin": 0.027916991566462702,
      "fcf_margin": 0.2036350669312306,
      "rev_growth_yoy": 0.02803801469082815,
      "rev_growth_yoy_accel": -0.38503155772618386,
      "fcf_margin_change": 0.140795481117854
    },
    {
      "date": "2025-06-30T00:00:00",
      "quarter_label": "2025-06 (Q2)",
      "revenue": 6308155,
      "gross_profit": 1129304,
      "operating_income": -755306,
      "net_income": -654618,
      "opex": 7063461,
      "cogs": 5178851,
      "rd": null,
      "sga": 1693938,
      "fcf": -441323,
      "ocf": -424024,
      "capex": -17299,
      "gross_margin": 0.1790228680176692,
      "op_margin": -0.11973485115695477,
      "fcf_margin": -0.06996070958941243,
      "rev_growth_yoy": -0.11214983524929074,
      "rev_growth_yoy_accel": -0.1401878499401189,
      "fcf_margin_change": -0.27359577652064304
    },
    {
      "date": "2025-09-30T00:00:00",
      "quarter_label": "2025-09 (Q3)",
      "revenue": 7077592,
      "gross_profit": 1617954,
      "operating_income": -104380,
      "net_income": -26861,
      "opex": 7181972,
      "cogs": 5459638,
      "rd": null,
      "sga": 1536041,
      "fcf": -996333,
      "ocf": -948885,
      "capex": -47448,
      "gross_margin": 0.2286023268931015,
      "op_margin": -0.014747953823842912,
      "fcf_margin": -0.14077287868529295,
      "rev_growth_yoy": -0.035898045040514234,
      "rev_growth_yoy_accel": 0.07625179020877651,
      "op_leverage_ratio": 7.269919456165705,
      "fcf_margin_change": -0.07081216909588052
    }
  ],
  "signals": [
    {
      "quarter": "2025-09 (Q3)",
      "signal": "OPERATING LEVERAGE",
      "detail": "Rev growth +12.2% vs OpEx growth +1.7% (leverage: 7.3x)",
      "severity": "MEDIUM"
    },
    {
      "quarter": "2025-09 (Q3)",
      "signal": "GROSS MARGIN INFLECTION",
      "detail": "GM: +26.5% -> +17.9% -> +22.9% (reversal +5.0%)",
      "severity": "MEDIUM"
    },
    {
      "quarter": "2025-09 (Q3)",
      "signal": "YoY REVENUE GROWTH ACCELERATION",
      "detail": "YoY growth: -3.6% vs prior quarter YoY: -11.2% (accel: +7.6%)",
      "severity": "MEDIUM"
    },
    {
      "quarter": "2025-06 (Q2)",
      "signal": "YoY REVENUE GROWTH DECELERATION",
      "detail": "YoY growth: -11.2% vs prior quarter YoY: +2.8% (decel: -14.0%)",
      "severity": "WARNING"
    },
    {
      "quarter": "2025-03 (Q1)",
      "signal": "FCF MARGIN EXPANSION",
      "detail": "FCF margin: +6.3% -> +20.4% (+14.1%)",
      "severity": "MEDIUM"
    },
    {
      "quarter": "2025-03 (Q1)",
      "signal": "GROSS MARGIN INFLECTION",
      "detail": "GM: +23.6% -> +22.8% -> +26.5% (reversal +3.6%)",
      "severity": "MEDIUM"
    },
    {
      "quarter": "2025-03 (Q1)",
      "signal": "YoY REVENUE GROWTH DECELERATION",
      "detail": "YoY growth: +2.8% vs prior quarter YoY: +41.3% (decel: -38.5%)",
      "severity": "WARNING"
    },
    {
      "quarter": "2025-03 (Q1)",
      "signal": "OP MARGIN TURNED POSITIVE (YoY)",
      "detail": "Op margin: -4.9% (year-ago) -> +2.8%",
      "severity": "HIGH"
    },
    {
      "quarter": "2025-03 (Q1)",
      "signal": "OP MARGIN TURNED POSITIVE (QoQ)",
      "detail": "Op margin: -1.8% -> +2.8%",
      "severity": "HIGH"
    },
    {
      "quarter": "2024-12 (Q4)",
      "signal": "YoY REVENUE GROWTH DECELERATION",
      "detail": "YoY growth: +41.3% vs prior quarter YoY: +52.6% (decel: -11.3%)",
      "severity": "WARNING"
    },
    {
      "quarter": "2024-09 (Q3)",
      "signal": "FCF MARGIN EXPANSION",
      "detail": "FCF margin: +14.2% -> +19.6% (+5.5%)",
      "severity": "MEDIUM"
    },
    {
      "quarter": "2024-09 (Q3)",
      "signal": "OP MARGIN TURNED POSITIVE (YoY)",
      "detail": "Op margin: -23.3% (year-ago) -> +2.4%",
      "severity": "HIGH"
    },
    {
      "quarter": "2024-06 (Q2)",
      "signal": "YoY REVENUE GROWTH ACCELERATION",
      "detail": "YoY growth: +51.8% vs prior quarter YoY: +30.8% (accel: +21.0%)",
      "severity": "HIGH"
    },
    {
      "quarter": "2024-06 (Q2)",
      "signal": "OP MARGIN TURNED POSITIVE (YoY)",
      "detail": "Op margin: -28.5% (year-ago) -> +4.7%",
      "severity": "HIGH"
    },
    {
      "quarter": "2024-06 (Q2)",
      "signal": "OP MARGIN TURNED POSITIVE (QoQ)",
      "detail": "Op margin: -4.9% -> +4.7%",
      "severity": "HIGH"
    },
    {
      "quarter": "2024-03 (Q1)",
      "signal": "FCF TURNED POSITIVE",
      "detail": "FCF margin: -21.6% -> +17.3%",
      "severity": "HIGH"
    },
    {
      "quarter": "2024-03 (Q1)",
      "signal": "OPERATING LEVERAGE",
      "detail": "Rev growth +35.6% vs OpEx growth +19.5% (leverage: 1.8x)",
      "severity": "MEDIUM"
    },
    {
      "quarter": "2024-03 (Q1)",
      "signal": "GROSS MARGIN INFLECTION",
      "detail": "GM: +19.1% -> +12.3% -> +18.5% (reversal +6.2%)",
      "severity": "HIGH"
    },
    {
      "quarter": "2024-03 (Q1)",
      "signal": "YoY REVENUE GROWTH ACCELERATION",
      "detail": "YoY growth: +30.8% vs prior quarter YoY: -8.3% (accel: +39.2%)",
      "severity": "HIGH"
    },
    {
      "quarter": "2023-12 (Q4)",
      "signal": "OPERATING LEVERAGE",
      "detail": "Rev growth +6.2% vs OpEx growth +2.5% (leverage: 2.5x)",
      "severity": "MEDIUM"
    },
    {
      "quarter": "2023-12 (Q4)",
      "signal": "YoY REVENUE GROWTH DECELERATION",
      "detail": "YoY growth: -8.3% vs prior quarter YoY: +14.7% (decel: -23.0%)",
      "severity": "WARNING"
    },
    {
      "quarter": "2023-09 (Q3)",
      "signal": "FCF MARGIN EXPANSION",
      "detail": "FCF margin: -30.0% -> -19.9% (+10.2%)",
      "severity": "MEDIUM"
    },
    {
      "quarter": "2023-06 (Q2)",
      "signal": "YoY REVENUE GROWTH ACCELERATION",
      "detail": "YoY growth: +14.7% vs prior quarter YoY: -1.6% (accel: +16.3%)",
      "severity": "HIGH"
    },
    {
      "quarter": "2023-03 (Q1)",
      "signal": "FCF TURNED POSITIVE",
      "detail": "FCF margin: -38.4% -> +12.4%",
      "severity": "HIGH"
    },
    {
      "quarter": "2022-12 (Q4)",
      "signal": "OPERATING LEVERAGE",
      "detail": "Rev growth +32.9% vs OpEx growth +12.8% (leverage: 2.6x)",
      "severity": "MEDIUM"
    },
    {
      "quarter": "2022-12 (Q4)",
      "signal": "YoY REVENUE GROWTH ACCELERATION",
      "detail": "YoY growth: -4.2% vs prior quarter YoY: -36.1% (accel: +31.9%)",
      "severity": "HIGH"
    },
    {
      "quarter": "2022-09 (Q3)",
      "signal": "GROSS MARGIN INFLECTION",
      "detail": "GM: +16.7% -> -20.6% -> -0.4% (reversal +20.2%)",
      "severity": "HIGH"
    },
    {
      "quarter": "2022-03 (Q1)",
      "signal": "FCF MARGIN EXPANSION",
      "detail": "FCF margin: -25.8% -> -8.2% (+17.5%)",
      "severity": "MEDIUM"
    },
    {
      "quarter": "2021-12 (Q4)",
      "signal": "GROSS MARGIN INFLECTION",
      "detail": "GM: +27.2% -> +15.2% -> +21.8% (reversal +6.6%)",
      "severity": "HIGH"
    },
    {
      "quarter": "2021-06 (Q2)",
      "signal": "FCF TURNED POSITIVE",
      "detail": "FCF margin: -1.7% -> +17.2%",
      "severity": "HIGH"
    },
    {
      "quarter": "2021-06 (Q2)",
      "signal": "GROSS MARGIN INFLECTION",
      "detail": "GM: +37.4% -> +9.9% -> +27.2% (reversal +17.3%)",
      "severity": "HIGH"
    },
    {
      "quarter": "2021-06 (Q2)",
      "signal": "OP MARGIN TURNED POSITIVE (QoQ)",
      "detail": "Op margin: -8.3% -> +4.8%",
      "severity": "HIGH"
    }
  ],
  "data_quality": {
    "n_quarters": 20,
    "coverage": {
      "revenue": [
        20,
        20
      ],
      "gross_profit": [
        20,
        20
      ],
      "op_income": [
        20,
        20
      ],
      "fcf": [
        20,
        20
      ]
    },
    "gaps": [
      [
        "2020-03 (Q1)",
        "2021-06 (Q2)",
        456
      ]
    ],
    "warnings": [
      "gap: 4Q missing between 2020-03 (Q1) and 2021-06 (Q2)"
    ]
  },
  "market_cap": null,
  "source": "SEC EDGAR",
  "last_updated": "2026-02-02T23:49:05.706848",
  "sector": "Technology",
  "industry": "Electronic Components"
}