{
  "ticker": "IESC",
  "name": "IES Holdings, Inc.",
  "quarters": [
    {
      "date": "2021-03-31T00:00:00",
      "quarter_label": "2021-03 (Q1)",
      "revenue": 331961000,
      "gross_profit": 64874000,
      "operating_income": 17128000,
      "net_income": 12836000,
      "opex": 47746000,
      "cogs": 267087000,
      "rd": null,
      "sga": 47655000,
      "fcf": 28108000,
      "ocf": 28108000,
      "capex": null,
      "gross_margin": 0.19542657119360407,
      "op_margin": 0.0515964224713144,
      "fcf_margin": 0.08467259708218737
    },
    {
      "date": "2021-06-30T00:00:00",
      "quarter_label": "2021-06 (Q2)",
      "revenue": 405871000,
      "gross_profit": 72829000,
      "operating_income": 22450000,
      "net_income": 19301000,
      "opex": 50379000,
      "cogs": 333042000,
      "rd": null,
      "sga": 50342000,
      "fcf": -13209000,
      "ocf": -13209000,
      "capex": null,
      "gross_margin": 0.17943878720085937,
      "op_margin": 0.05531314136757738,
      "fcf_margin": -0.03254482335520399,
      "op_leverage_ratio": 4.037404592504531,
      "fcf_margin_change": -0.11721742043739136
    },
    {
      "date": "2021-09-30T00:00:00",
      "quarter_label": "2021-09 (Q3)",
      "revenue": 483823000,
      "gross_profit": 91616000,
      "operating_income": 30102000,
      "net_income": 22423000,
      "opex": 61514000,
      "cogs": 392207000,
      "rd": null,
      "sga": 61468000,
      "fcf": 2775000,
      "ocf": 2775000,
      "capex": null,
      "gross_margin": 0.18935850507313626,
      "op_margin": 0.06221696777540547,
      "fcf_margin": 0.005735568586032495,
      "op_leverage_ratio": 0.8689575522223619,
      "fcf_margin_change": 0.03828039194123649
    },
    {
      "date": "2021-12-31T00:00:00",
      "quarter_label": "2021-12 (Q4)",
      "revenue": 480509000,
      "gross_profit": 79727000,
      "operating_income": 20261000,
      "net_income": 14464000,
      "opex": 59466000,
      "cogs": 400782000,
      "rd": null,
      "sga": 59402000,
      "fcf": -24463000,
      "ocf": -24463000,
      "capex": null,
      "gross_margin": 0.1659219702440537,
      "op_margin": 0.04216570345196448,
      "fcf_margin": -0.05091059688788347,
      "fcf_margin_change": -0.05664616547391597
    },
    {
      "date": "2022-03-31T00:00:00",
      "quarter_label": "2022-03 (Q1)",
      "revenue": 501593000,
      "gross_profit": 58507000,
      "operating_income": -4924000,
      "net_income": -5412000,
      "opex": 63431000,
      "cogs": 443086000,
      "rd": null,
      "sga": 63430000,
      "fcf": 21555000,
      "ocf": 21555000,
      "capex": null,
      "gross_margin": 0.11664237738564932,
      "op_margin": -0.009816723917598531,
      "fcf_margin": 0.042973087742452544,
      "incr_op_margin_yoy": -0.1299990567817393,
      "rev_growth_yoy": 0.5109997861194537,
      "op_leverage_ratio": 0.658077460036421,
      "fcf_margin_change": 0.09388368463033601
    },
    {
      "date": "2022-06-30T00:00:00",
      "quarter_label": "2022-06 (Q2)",
      "revenue": 567301000,
      "gross_profit": 82800000,
      "operating_income": 15637000,
      "net_income": 9465000,
      "opex": 67163000,
      "cogs": 484501000,
      "rd": null,
      "sga": 67090000,
      "fcf": -14891000,
      "ocf": -14891000,
      "capex": null,
      "gross_margin": 0.14595426413843798,
      "op_margin": 0.02756385058372892,
      "fcf_margin": -0.026248852020356036,
      "incr_op_margin_yoy": -0.04220405129158149,
      "rev_growth_yoy": 0.39773721206984486,
      "rev_growth_yoy_accel": -0.11326257404960888,
      "op_leverage_ratio": 2.226520532806487,
      "fcf_margin_change": -0.06922193976280858
    },
    {
      "date": "2022-09-30T00:00:00",
      "quarter_label": "2022-09 (Q3)",
      "revenue": 617405000,
      "gross_profit": 97896000,
      "operating_income": 25034000,
      "net_income": 16245000,
      "opex": 72862000,
      "cogs": 519509000,
      "rd": null,
      "sga": 72792000,
      "fcf": 34061000,
      "ocf": 34061000,
      "capex": null,
      "gross_margin": 0.15856042630040248,
      "op_margin": 0.04054712870806035,
      "fcf_margin": 0.05516800155489508,
      "incr_op_margin_yoy": -0.037939243311224564,
      "rev_growth_yoy": 0.27609683706644783,
      "rev_growth_yoy_accel": -0.12164037500339703,
      "op_leverage_ratio": 1.0408551115538063,
      "fcf_margin_change": 0.08141685357525112
    },
    {
      "date": "2022-12-31T00:00:00",
      "quarter_label": "2022-12 (Q4)",
      "revenue": 574874000,
      "gross_profit": 95438000,
      "operating_income": 40661000,
      "net_income": 26402000,
      "opex": 54777000,
      "cogs": 479436000,
      "rd": null,
      "sga": 67768000,
      "fcf": 14344000,
      "ocf": 14344000,
      "capex": null,
      "gross_margin": 0.16601550948555682,
      "op_margin": 0.07073028176609135,
      "fcf_margin": 0.024951554601530073,
      "incr_op_margin_yoy": 0.21618184708313465,
      "rev_growth_yoy": 0.19638549954319273,
      "rev_growth_yoy_accel": -0.0797113375232551,
      "fcf_margin_change": -0.03021644695336501
    },
    {
      "date": "2023-03-31T00:00:00",
      "quarter_label": "2023-03 (Q1)",
      "revenue": 568881000,
      "gross_profit": 100926000,
      "operating_income": 31610000,
      "net_income": 21551000,
      "opex": 69316000,
      "cogs": 467955000,
      "rd": null,
      "sga": 69349000,
      "fcf": 45715000,
      "ocf": 45715000,
      "capex": null,
      "gross_margin": 0.17741144457276653,
      "op_margin": 0.05556522365837495,
      "fcf_margin": 0.08035951279793138,
      "incr_op_margin_yoy": 0.5429497087147782,
      "rev_growth_yoy": 0.13414860255226846,
      "rev_growth_yoy_accel": -0.06223689699092427,
      "fcf_margin_change": 0.055407958196401305
    },
    {
      "date": "2023-06-30T00:00:00",
      "quarter_label": "2023-06 (Q2)",
      "revenue": 584451000,
      "gross_profit": 107609000,
      "operating_income": 34319000,
      "net_income": 22546000,
      "opex": 73290000,
      "cogs": 476842000,
      "rd": null,
      "sga": 74300000,
      "fcf": 36563000,
      "ocf": 36563000,
      "capex": null,
      "gross_margin": 0.18411979789580307,
      "op_margin": 0.05872006378635677,
      "fcf_margin": 0.06255956444595014,
      "incr_op_margin_yoy": 1.0893294460641398,
      "rev_growth_yoy": 0.0302308650963069,
      "rev_growth_yoy_accel": -0.10391773745596156,
      "op_leverage_ratio": 0.4773894463102861,
      "fcf_margin_change": -0.017799948351981246
    },
    {
      "date": "2023-09-30T00:00:00",
      "quarter_label": "2023-09 (Q3)",
      "revenue": 649021000,
      "gross_profit": 140566000,
      "operating_income": 53186000,
      "net_income": 37789000,
      "opex": 87380000,
      "cogs": 508455000,
      "rd": null,
      "sga": 87208000,
      "fcf": 57280000,
      "ocf": 57280000,
      "capex": null,
      "gross_margin": 0.21658158980988287,
      "op_margin": 0.08194804174287118,
      "fcf_margin": 0.08825600404301248,
      "incr_op_margin_yoy": 0.8904352226720648,
      "rev_growth_yoy": 0.05120787813509771,
      "rev_growth_yoy_accel": 0.02097701303879081,
      "op_leverage_ratio": 0.5746671988251915,
      "fcf_margin_change": 0.025696439597062345
    },
    {
      "date": "2023-12-31T00:00:00",
      "quarter_label": "2023-12 (Q4)",
      "revenue": 634444000,
      "gross_profit": 143804000,
      "operating_income": 57990000,
      "net_income": 40956000,
      "opex": 85814000,
      "cogs": 490640000,
      "rd": null,
      "sga": 85850000,
      "fcf": 24953000,
      "ocf": 24953000,
      "capex": null,
      "gross_margin": 0.2266614547540839,
      "op_margin": 0.09140286613160499,
      "fcf_margin": 0.039330500406655276,
      "incr_op_margin_yoy": 0.29090146046667786,
      "rev_growth_yoy": 0.10362270688881389,
      "rev_growth_yoy_accel": 0.05241482875371618,
      "fcf_margin_change": -0.048925503636357205
    },
    {
      "date": "2024-03-31T00:00:00",
      "quarter_label": "2024-03 (Q1)",
      "revenue": 705733000,
      "gross_profit": 171613000,
      "operating_income": 77714000,
      "net_income": null,
      "opex": 93899000,
      "cogs": 534120000,
      "rd": null,
      "sga": 95272000,
      "fcf": 33740000,
      "ocf": 33740000,
      "capex": null,
      "gross_margin": 0.24316986735776844,
      "op_margin": 0.11011813249486704,
      "fcf_margin": 0.047808448804292844,
      "incr_op_margin_yoy": 0.33688948645251804,
      "rev_growth_yoy": 0.24056349218905185,
      "rev_growth_yoy_accel": 0.13694078530023795,
      "op_leverage_ratio": 1.192634449512418,
      "fcf_margin_change": 0.008477948397637568
    },
    {
      "date": "2024-06-30T00:00:00",
      "quarter_label": "2024-06 (Q2)",
      "revenue": 768415000,
      "gross_profit": 194781000,
      "operating_income": 90176000,
      "net_income": null,
      "opex": 104605000,
      "cogs": 573634000,
      "rd": null,
      "sga": 104694000,
      "fcf": 82928000,
      "ocf": 82928000,
      "capex": null,
      "gross_margin": 0.25348411990916364,
      "op_margin": 0.117353253124939,
      "fcf_margin": 0.10792085006149021,
      "incr_op_margin_yoy": 0.30363005805483684,
      "rev_growth_yoy": 0.314763769759997,
      "rev_growth_yoy_accel": 0.07420027757094513,
      "op_leverage_ratio": 0.7789976503527354,
      "fcf_margin_change": 0.06011240125719737
    },
    {
      "date": "2024-09-30T00:00:00",
      "quarter_label": "2024-09 (Q3)",
      "revenue": 775766000,
      "gross_profit": 186392000,
      "operating_income": 74996000,
      "net_income": null,
      "opex": 111396000,
      "cogs": 589374000,
      "rd": null,
      "sga": 110868000,
      "fcf": 92783000,
      "ocf": 92783000,
      "capex": null,
      "gross_margin": 0.24026832833612197,
      "op_margin": 0.09667348143641252,
      "fcf_margin": 0.11960178713684282,
      "incr_op_margin_yoy": 0.17207779399581838,
      "rev_growth_yoy": 0.19528643911368046,
      "rev_growth_yoy_accel": -0.11947733064631652,
      "fcf_margin_change": 0.011680937075352602
    },
    {
      "date": "2024-12-31T00:00:00",
      "quarter_label": "2024-12 (Q4)",
      "revenue": 749547000,
      "gross_profit": 178027000,
      "operating_income": 74619000,
      "net_income": null,
      "opex": 103408000,
      "cogs": 571520000,
      "rd": null,
      "sga": 103039000,
      "fcf": 37260000,
      "ocf": 37260000,
      "capex": null,
      "gross_margin": 0.23751279105913306,
      "op_margin": 0.09955212948620967,
      "fcf_margin": 0.04971002485501243,
      "incr_op_margin_yoy": 0.14447060458893338,
      "rev_growth_yoy": 0.1814234195610645,
      "rev_growth_yoy_accel": -0.013863019552615957,
      "fcf_margin_change": -0.06989176228183039
    },
    {
      "date": "2025-03-31T00:00:00",
      "quarter_label": "2025-03 (Q1)",
      "revenue": 833960000,
      "gross_profit": 208869000,
      "operating_income": 92695000,
      "net_income": null,
      "opex": 116174000,
      "cogs": 625091000,
      "rd": null,
      "sga": 116044000,
      "fcf": 24844000,
      "ocf": 24844000,
      "capex": null,
      "gross_margin": 0.250454458247398,
      "op_margin": 0.11115041488800421,
      "fcf_margin": 0.029790397620989017,
      "incr_op_margin_yoy": 0.11683186848323676,
      "rev_growth_yoy": 0.18169335995341016,
      "rev_growth_yoy_accel": 0.00026994039234565226,
      "op_leverage_ratio": 0.9122413696815902,
      "fcf_margin_change": -0.01991962723402341
    },
    {
      "date": "2025-06-30T00:00:00",
      "quarter_label": "2025-06 (Q2)",
      "revenue": 890158000,
      "gross_profit": 239597000,
      "operating_income": 111902000,
      "net_income": null,
      "opex": 127695000,
      "cogs": 650561000,
      "rd": null,
      "sga": 127334000,
      "fcf": 91991000,
      "ocf": 91991000,
      "capex": null,
      "gross_margin": 0.2691623284855048,
      "op_margin": 0.12571026716605366,
      "fcf_margin": 0.10334232799121056,
      "incr_op_margin_yoy": 0.17845789901678125,
      "rev_growth_yoy": 0.15843391917128113,
      "rev_growth_yoy_accel": -0.02325944078212902,
      "op_leverage_ratio": 0.6795077361957477,
      "fcf_margin_change": 0.07355193037022154
    },
    {
      "date": "2025-09-30T00:00:00",
      "quarter_label": "2025-09 (Q3)",
      "revenue": 897803000,
      "gross_profit": 233004000,
      "operating_income": 104313000,
      "net_income": null,
      "opex": 128691000,
      "cogs": 664799000,
      "rd": null,
      "sga": 128561000,
      "fcf": 132001000,
      "ocf": 132001000,
      "capex": null,
      "gross_margin": 0.25952686725261553,
      "op_margin": 0.11618695860895988,
      "fcf_margin": 0.14702668625522525,
      "incr_op_margin_yoy": 0.24023042192122063,
      "rev_growth_yoy": 0.15731161200671337,
      "rev_growth_yoy_accel": -0.0011223071645677651,
      "fcf_margin_change": 0.04368435826401469
    },
    {
      "date": "2025-12-31T00:00:00",
      "quarter_label": "2025-12 (Q4)",
      "revenue": 870958000,
      "gross_profit": 220015000,
      "operating_income": 97733000,
      "net_income": null,
      "opex": 122282000,
      "cogs": 650943000,
      "rd": null,
      "sga": 121815000,
      "fcf": 27701000,
      "ocf": 27701000,
      "capex": null,
      "gross_margin": 0.25261264033397707,
      "op_margin": 0.11221321808858752,
      "fcf_margin": 0.0318052075989887,
      "incr_op_margin_yoy": 0.19037813707159978,
      "rev_growth_yoy": 0.1619791687512591,
      "rev_growth_yoy_accel": 0.00466755674454572,
      "fcf_margin_change": -0.11522147865623655
    }
  ],
  "signals": [
    {
      "quarter": "2025-09 (Q3)",
      "signal": "INCREMENTAL MARGIN (YoY)",
      "detail": "YoY Incr OPM: +24.0% vs year-ago OPM: +9.7%",
      "severity": "MEDIUM"
    },
    {
      "quarter": "2025-06 (Q2)",
      "signal": "FCF MARGIN EXPANSION",
      "detail": "FCF margin: +3.0% -> +10.3% (+7.4%)",
      "severity": "MEDIUM"
    },
    {
      "quarter": "2024-09 (Q3)",
      "signal": "YoY REVENUE GROWTH DECELERATION",
      "detail": "YoY growth: +19.5% vs prior quarter YoY: +31.5% (decel: -11.9%)",
      "severity": "WARNING"
    },
    {
      "quarter": "2024-06 (Q2)",
      "signal": "FCF MARGIN EXPANSION",
      "detail": "FCF margin: +4.8% -> +10.8% (+6.0%)",
      "severity": "MEDIUM"
    },
    {
      "quarter": "2024-06 (Q2)",
      "signal": "YoY REVENUE GROWTH ACCELERATION",
      "detail": "YoY growth: +31.5% vs prior quarter YoY: +24.1% (accel: +7.4%)",
      "severity": "MEDIUM"
    },
    {
      "quarter": "2024-06 (Q2)",
      "signal": "INCREMENTAL MARGIN (YoY)",
      "detail": "YoY Incr OPM: +30.4% vs year-ago OPM: +5.9%",
      "severity": "HIGH"
    },
    {
      "quarter": "2024-03 (Q1)",
      "signal": "YoY REVENUE GROWTH ACCELERATION",
      "detail": "YoY growth: +24.1% vs prior quarter YoY: +10.4% (accel: +13.7%)",
      "severity": "MEDIUM"
    },
    {
      "quarter": "2024-03 (Q1)",
      "signal": "INCREMENTAL MARGIN (YoY)",
      "detail": "YoY Incr OPM: +33.7% vs year-ago OPM: +5.6%",
      "severity": "HIGH"
    },
    {
      "quarter": "2023-12 (Q4)",
      "signal": "YoY REVENUE GROWTH ACCELERATION",
      "detail": "YoY growth: +10.4% vs prior quarter YoY: +5.1% (accel: +5.2%)",
      "severity": "MEDIUM"
    },
    {
      "quarter": "2023-12 (Q4)",
      "signal": "INCREMENTAL MARGIN (YoY)",
      "detail": "YoY Incr OPM: +29.1% vs year-ago OPM: +7.1%",
      "severity": "HIGH"
    },
    {
      "quarter": "2023-09 (Q3)",
      "signal": "INCREMENTAL MARGIN (YoY)",
      "detail": "YoY Incr OPM: +89.0% vs year-ago OPM: +4.1%",
      "severity": "HIGH"
    },
    {
      "quarter": "2023-06 (Q2)",
      "signal": "YoY REVENUE GROWTH DECELERATION",
      "detail": "YoY growth: +3.0% vs prior quarter YoY: +13.4% (decel: -10.4%)",
      "severity": "WARNING"
    },
    {
      "quarter": "2023-06 (Q2)",
      "signal": "INCREMENTAL MARGIN (YoY)",
      "detail": "YoY Incr OPM: +108.9% vs year-ago OPM: +2.8%",
      "severity": "HIGH"
    },
    {
      "quarter": "2023-03 (Q1)",
      "signal": "FCF MARGIN EXPANSION",
      "detail": "FCF margin: +2.5% -> +8.0% (+5.5%)",
      "severity": "MEDIUM"
    },
    {
      "quarter": "2023-03 (Q1)",
      "signal": "YoY REVENUE GROWTH DECELERATION",
      "detail": "YoY growth: +13.4% vs prior quarter YoY: +19.6% (decel: -6.2%)",
      "severity": "WARNING"
    },
    {
      "quarter": "2023-03 (Q1)",
      "signal": "OP MARGIN TURNED POSITIVE (YoY)",
      "detail": "Op margin: -1.0% (year-ago) -> +5.6%",
      "severity": "HIGH"
    },
    {
      "quarter": "2022-12 (Q4)",
      "signal": "YoY REVENUE GROWTH DECELERATION",
      "detail": "YoY growth: +19.6% vs prior quarter YoY: +27.6% (decel: -8.0%)",
      "severity": "WARNING"
    },
    {
      "quarter": "2022-12 (Q4)",
      "signal": "INCREMENTAL MARGIN (YoY)",
      "detail": "YoY Incr OPM: +21.6% vs year-ago OPM: +4.2%",
      "severity": "MEDIUM"
    },
    {
      "quarter": "2022-09 (Q3)",
      "signal": "FCF TURNED POSITIVE",
      "detail": "FCF margin: -2.6% -> +5.5%",
      "severity": "HIGH"
    },
    {
      "quarter": "2022-09 (Q3)",
      "signal": "YoY REVENUE GROWTH DECELERATION",
      "detail": "YoY growth: +27.6% vs prior quarter YoY: +39.8% (decel: -12.2%)",
      "severity": "WARNING"
    },
    {
      "quarter": "2022-06 (Q2)",
      "signal": "OPERATING LEVERAGE",
      "detail": "Rev growth +13.1% vs OpEx growth +5.9% (leverage: 2.2x)",
      "severity": "MEDIUM"
    },
    {
      "quarter": "2022-06 (Q2)",
      "signal": "GROSS MARGIN INFLECTION",
      "detail": "GM: +16.6% -> +11.7% -> +14.6% (reversal +2.9%)",
      "severity": "MEDIUM"
    },
    {
      "quarter": "2022-06 (Q2)",
      "signal": "YoY REVENUE GROWTH DECELERATION",
      "detail": "YoY growth: +39.8% vs prior quarter YoY: +51.1% (decel: -11.3%)",
      "severity": "WARNING"
    },
    {
      "quarter": "2022-06 (Q2)",
      "signal": "OP MARGIN TURNED POSITIVE (QoQ)",
      "detail": "Op margin: -1.0% -> +2.8%",
      "severity": "HIGH"
    },
    {
      "quarter": "2022-03 (Q1)",
      "signal": "FCF TURNED POSITIVE",
      "detail": "FCF margin: -5.1% -> +4.3%",
      "severity": "HIGH"
    },
    {
      "quarter": "2021-09 (Q3)",
      "signal": "FCF TURNED POSITIVE",
      "detail": "FCF margin: -3.3% -> +0.6%",
      "severity": "HIGH"
    },
    {
      "quarter": "2021-06 (Q2)",
      "signal": "OPERATING LEVERAGE",
      "detail": "Rev growth +22.3% vs OpEx growth +5.5% (leverage: 4.0x)",
      "severity": "MEDIUM"
    }
  ],
  "data_quality": {
    "n_quarters": 20,
    "coverage": {
      "revenue": [
        20,
        20
      ],
      "gross_profit": [
        20,
        20
      ],
      "op_income": [
        20,
        20
      ],
      "fcf": [
        20,
        20
      ]
    },
    "gaps": [],
    "warnings": []
  },
  "market_cap": null,
  "source": "SEC EDGAR",
  "last_updated": "2026-02-03T16:23:17.413109"
}