{
  "ticker": "IEX",
  "name": "IDEX CORP",
  "sector": "Industrials",
  "industry": "Specialty Industrial Machinery",
  "quarters": [
    {
      "date": "2021-03-31T00:00:00",
      "quarter_label": "2021-03 (Q1)",
      "revenue": 652036000,
      "gross_profit": 292623000,
      "operating_income": 155547000,
      "net_income": 112708000,
      "opex": 137076000,
      "cogs": 359413000,
      "rd": null,
      "sga": 134848000,
      "fcf": 94700000,
      "ocf": 109300000,
      "capex": -14600000,
      "gross_margin": 0.44878350275138185,
      "op_margin": 0.2385558466096964,
      "fcf_margin": 0.14523737953119153
    },
    {
      "date": "2021-06-30T00:00:00",
      "quarter_label": "2021-06 (Q2)",
      "revenue": 685947000,
      "gross_profit": 306072000,
      "operating_income": 158256000,
      "net_income": 102195000,
      "opex": 147816000,
      "cogs": 379875000,
      "rd": null,
      "sga": 144680000,
      "fcf": 120300000,
      "ocf": 136300000,
      "capex": -16000000,
      "gross_margin": 0.4462035696635454,
      "op_margin": 0.23071170221606044,
      "fcf_margin": 0.17537798109766498,
      "op_leverage_ratio": 0.6637830584190592,
      "fcf_margin_change": 0.03014060156647344
    },
    {
      "date": "2021-09-30T00:00:00",
      "quarter_label": "2021-09 (Q3)",
      "revenue": 712019000,
      "gross_profit": 311569000,
      "operating_income": 161185000,
      "net_income": 115742000,
      "opex": 150384000,
      "cogs": 400450000,
      "rd": null,
      "sga": 147180000,
      "fcf": 141700000,
      "ocf": 156600000,
      "capex": -14900000,
      "gross_margin": 0.43758523297833346,
      "op_margin": 0.226377385996722,
      "fcf_margin": 0.19901154323129017,
      "op_leverage_ratio": 2.18781307168646,
      "fcf_margin_change": 0.02363356213362519
    },
    {
      "date": "2021-12-31T00:00:00",
      "quarter_label": "2021-12 (Q4)",
      "revenue": 714798000,
      "gross_profit": 314236000,
      "operating_income": 162012000,
      "net_income": 118755000,
      "opex": 152224000,
      "cogs": 400562000,
      "rd": null,
      "sga": 151492000,
      "fcf": 135900000,
      "ocf": 163100000,
      "capex": -27200000,
      "gross_margin": 0.4396151080445105,
      "op_margin": 0.22665424357650693,
      "fcf_margin": 0.19012364332300874,
      "fcf_margin_change": -0.008887899908281427
    },
    {
      "date": "2022-03-31T00:00:00",
      "quarter_label": "2022-03 (Q1)",
      "revenue": 751100000,
      "gross_profit": 342500000,
      "operating_income": 187600000,
      "net_income": 140000000,
      "opex": 154900000,
      "cogs": 408600000,
      "rd": null,
      "sga": 154300000,
      "fcf": 63600000,
      "ocf": 79700000,
      "capex": -16100000,
      "gross_margin": 0.45599786979097323,
      "op_margin": 0.24976700838769805,
      "fcf_margin": 0.08467580881373984,
      "incr_op_margin_yoy": 0.3235585076314302,
      "rev_growth_yoy": 0.1519302615193026,
      "op_leverage_ratio": 2.888978064991579,
      "fcf_margin_change": -0.1054478345092689
    },
    {
      "date": "2022-06-30T00:00:00",
      "quarter_label": "2022-06 (Q2)",
      "revenue": 796100000,
      "gross_profit": 356900000,
      "operating_income": 186600000,
      "net_income": 138200000,
      "opex": 170300000,
      "cogs": 439200000,
      "rd": null,
      "sga": 167500000,
      "fcf": 96700000,
      "ocf": 112300000,
      "capex": -15600000,
      "gross_margin": 0.44831051375455344,
      "op_margin": 0.23439266423816105,
      "fcf_margin": 0.12146715236779299,
      "incr_op_margin_yoy": 0.2573148257423765,
      "rev_growth_yoy": 0.16058529303284363,
      "rev_growth_yoy_accel": 0.008655031513541023,
      "op_leverage_ratio": 0.6026226469576224,
      "fcf_margin_change": 0.03679134355405314
    },
    {
      "date": "2022-09-30T00:00:00",
      "quarter_label": "2022-09 (Q3)",
      "revenue": 824000000,
      "gross_profit": 381800000,
      "operating_income": 202200000,
      "net_income": 178700000,
      "opex": 179600000,
      "cogs": 442200000,
      "rd": null,
      "sga": 161900000,
      "fcf": 181800000,
      "ocf": 198100000,
      "capex": -16300000,
      "gross_margin": 0.4633495145631068,
      "op_margin": 0.24538834951456312,
      "fcf_margin": 0.22063106796116505,
      "incr_op_margin_yoy": 0.36626749180664575,
      "rev_growth_yoy": 0.15727248851505368,
      "rev_growth_yoy_accel": -0.0033128045177899523,
      "op_leverage_ratio": 0.6417535485491772,
      "fcf_margin_change": 0.09916391559337207
    },
    {
      "date": "2022-12-31T00:00:00",
      "quarter_label": "2022-12 (Q4)",
      "revenue": 810700000,
      "gross_profit": 345700000,
      "operating_income": 175000000,
      "net_income": 130000000,
      "opex": 170700000,
      "cogs": 465000000,
      "rd": null,
      "sga": 169000000,
      "fcf": 147300000,
      "ocf": 167300000,
      "capex": -20000000,
      "gross_margin": 0.42642161095349695,
      "op_margin": 0.2158628345873936,
      "fcf_margin": 0.18169483162698902,
      "incr_op_margin_yoy": 0.13542991804133386,
      "rev_growth_yoy": 0.1341665757318851,
      "rev_growth_yoy_accel": -0.023105912783168592,
      "fcf_margin_change": -0.03893623633417603
    },
    {
      "date": "2023-03-31T00:00:00",
      "quarter_label": "2023-03 (Q1)",
      "revenue": 845400000,
      "gross_profit": 382500000,
      "operating_income": 192300000,
      "net_income": 139800000,
      "opex": 190200000,
      "cogs": 462900000,
      "rd": null,
      "sga": 189700000,
      "fcf": 121300000,
      "ocf": 147900000,
      "capex": -26600000,
      "gross_margin": 0.4524485450674237,
      "op_margin": 0.22746628814762243,
      "fcf_margin": 0.1434823752070026,
      "incr_op_margin_yoy": 0.04984093319194061,
      "rev_growth_yoy": 0.12554919451471175,
      "rev_growth_yoy_accel": -0.008617381217173342,
      "op_leverage_ratio": 0.37468664307198907,
      "fcf_margin_change": -0.03821245641998641
    },
    {
      "date": "2023-06-30T00:00:00",
      "quarter_label": "2023-06 (Q2)",
      "revenue": 846200000,
      "gross_profit": 378000000,
      "operating_income": 200100000,
      "net_income": 138600000,
      "opex": 177900000,
      "cogs": 468200000,
      "rd": null,
      "sga": 174300000,
      "fcf": 119600000,
      "ocf": 141200000,
      "capex": -21600000,
      "gross_margin": 0.4467029071141574,
      "op_margin": 0.23646891987709762,
      "fcf_margin": 0.14133774521389741,
      "incr_op_margin_yoy": 0.2694610778443114,
      "rev_growth_yoy": 0.06293179248838085,
      "rev_growth_yoy_accel": -0.0626174020263309,
      "fcf_margin_change": -0.0021446299931051904
    },
    {
      "date": "2023-09-30T00:00:00",
      "quarter_label": "2023-09 (Q3)",
      "revenue": 793400000,
      "gross_profit": 349600000,
      "operating_income": 179600000,
      "net_income": 209100000,
      "opex": 170000000,
      "cogs": 443800000,
      "rd": null,
      "sga": 165900000,
      "fcf": 206500000,
      "ocf": 226600000,
      "capex": -20100000,
      "gross_margin": 0.4406352407360726,
      "op_margin": 0.22636753214015629,
      "fcf_margin": 0.2602722460297454,
      "incr_op_margin_yoy": 0.738562091503268,
      "rev_growth_yoy": -0.03713592233009709,
      "rev_growth_yoy_accel": -0.10006771481847794,
      "fcf_margin_change": 0.118934500815848
    },
    {
      "date": "2023-12-31T00:00:00",
      "quarter_label": "2023-12 (Q4)",
      "revenue": 788900000,
      "gross_profit": 336800000,
      "operating_income": 160500000,
      "net_income": 108600000,
      "opex": 176300000,
      "cogs": 452100000,
      "rd": null,
      "sga": 173600000,
      "fcf": 179400000,
      "ocf": 201000000,
      "capex": -21600000,
      "gross_margin": 0.42692356445683866,
      "op_margin": 0.20344783876283432,
      "fcf_margin": 0.22740524781341107,
      "incr_op_margin_yoy": 0.6651376146788991,
      "rev_growth_yoy": -0.026890341680029604,
      "rev_growth_yoy_accel": 0.010245580650067487,
      "fcf_margin_change": -0.03286699821633435
    },
    {
      "date": "2024-03-31T00:00:00",
      "quarter_label": "2024-03 (Q1)",
      "revenue": 800500000,
      "gross_profit": 357400000,
      "operating_income": 161200000,
      "net_income": 121400000,
      "opex": 196200000,
      "cogs": 443100000,
      "rd": null,
      "sga": 195100000,
      "fcf": 136600000,
      "ocf": 156600000,
      "capex": -20000000,
      "gross_margin": 0.44647095565271705,
      "op_margin": 0.20137414116177388,
      "fcf_margin": 0.17064334790755778,
      "incr_op_margin_yoy": 0.6926503340757239,
      "rev_growth_yoy": -0.053110953394842675,
      "rev_growth_yoy_accel": -0.02622061171481307,
      "op_leverage_ratio": 0.13026725718846482,
      "fcf_margin_change": -0.056761899905853286
    },
    {
      "date": "2024-06-30T00:00:00",
      "quarter_label": "2024-06 (Q2)",
      "revenue": 807200000,
      "gross_profit": 366800000,
      "operating_income": 182700000,
      "net_income": 141300000,
      "opex": 184100000,
      "cogs": 440400000,
      "rd": null,
      "sga": 182800000,
      "fcf": 117700000,
      "ocf": 133600000,
      "capex": -15900000,
      "gross_margin": 0.454410307234886,
      "op_margin": 0.22633795837462833,
      "fcf_margin": 0.14581268582755202,
      "incr_op_margin_yoy": 0.4461538461538462,
      "rev_growth_yoy": -0.04608839517844481,
      "rev_growth_yoy_accel": 0.007022558216397863,
      "fcf_margin_change": -0.024830662080005755
    },
    {
      "date": "2024-09-30T00:00:00",
      "quarter_label": "2024-09 (Q3)",
      "revenue": 798200000,
      "gross_profit": 353900000,
      "operating_income": 168000000,
      "net_income": 119100000,
      "opex": 185900000,
      "cogs": 444300000,
      "rd": null,
      "sga": 182900000,
      "fcf": 191600000,
      "ocf": 205300000,
      "capex": -13700000,
      "gross_margin": 0.4433725883237284,
      "op_margin": 0.21047356552242547,
      "fcf_margin": 0.24004009020295666,
      "incr_op_margin_yoy": -2.4166666666666665,
      "rev_growth_yoy": 0.00604991177211999,
      "rev_growth_yoy_accel": 0.0521383069505648,
      "fcf_margin_change": 0.09422740437540464
    },
    {
      "date": "2024-12-31T00:00:00",
      "quarter_label": "2024-12 (Q4)",
      "revenue": 862900000,
      "gross_profit": 367100000,
      "operating_income": 165300000,
      "net_income": 123200000,
      "opex": 201800000,
      "cogs": 495800000,
      "rd": null,
      "sga": 197900000,
      "fcf": 157100000,
      "ocf": 172600000,
      "capex": -15500000,
      "gross_margin": 0.42542588944257737,
      "op_margin": 0.19156333294703906,
      "fcf_margin": 0.18206049368408853,
      "incr_op_margin_yoy": 0.06486486486486487,
      "rev_growth_yoy": 0.09380149575358093,
      "rev_growth_yoy_accel": 0.08775158398146095,
      "op_leverage_ratio": 0.9477086022166226,
      "fcf_margin_change": -0.05797959651886814
    },
    {
      "date": "2025-03-31T00:00:00",
      "quarter_label": "2025-03 (Q1)",
      "revenue": 814300000,
      "gross_profit": 368900000,
      "operating_income": 142000000,
      "net_income": 95500000,
      "opex": 226900000,
      "cogs": 445400000,
      "rd": null,
      "sga": 209400000,
      "fcf": 91400000,
      "ocf": 105700000,
      "capex": -14300000,
      "gross_margin": 0.453027139874739,
      "op_margin": 0.1743829055630603,
      "fcf_margin": 0.11224364484833599,
      "incr_op_margin_yoy": -1.391304347826087,
      "rev_growth_yoy": 0.017239225484072456,
      "rev_growth_yoy_accel": -0.07656227026950847,
      "fcf_margin_change": -0.06981684883575254
    },
    {
      "date": "2025-06-30T00:00:00",
      "quarter_label": "2025-06 (Q2)",
      "revenue": 865400000,
      "gross_profit": 392200000,
      "operating_income": 187900000,
      "net_income": 131600000,
      "opex": 204300000,
      "cogs": 473200000,
      "rd": null,
      "sga": 203600000,
      "fcf": 146900000,
      "ocf": 161700000,
      "capex": -14800000,
      "gross_margin": 0.45320083198520916,
      "op_margin": 0.21712502888837532,
      "fcf_margin": 0.169748093367229,
      "incr_op_margin_yoy": 0.08934707903780069,
      "rev_growth_yoy": 0.07210109018830525,
      "rev_growth_yoy_accel": 0.05486186470423279,
      "op_leverage_ratio": null,
      "fcf_margin_change": 0.057504448518893025
    },
    {
      "date": "2025-09-30T00:00:00",
      "quarter_label": "2025-09 (Q3)",
      "revenue": 878700000,
      "gross_profit": 390600000,
      "operating_income": 185800000,
      "net_income": 127800000,
      "opex": 204800000,
      "cogs": 488100000,
      "rd": null,
      "sga": 204700000,
      "fcf": 188700000,
      "ocf": 203500000,
      "capex": -14800000,
      "gross_margin": 0.44452031410037557,
      "op_margin": 0.21144873108000456,
      "fcf_margin": 0.21474906111300784,
      "incr_op_margin_yoy": 0.22111801242236026,
      "rev_growth_yoy": 0.10085191681282886,
      "rev_growth_yoy_accel": 0.028750826624523607,
      "op_leverage_ratio": 6.279616362375781,
      "fcf_margin_change": 0.04500096774577883
    },
    {
      "date": "2025-12-31T00:00:00",
      "quarter_label": "2025-12 (Q4)",
      "revenue": 899100000,
      "gross_profit": 387100000,
      "operating_income": 183600000,
      "net_income": 128300000,
      "opex": 203500000,
      "cogs": 512000000,
      "rd": null,
      "sga": 201100000,
      "fcf": 189800000,
      "ocf": 209500000,
      "capex": -19700000,
      "gross_margin": 0.43054165276387496,
      "op_margin": 0.2042042042042042,
      "fcf_margin": 0.21109998887776665,
      "incr_op_margin_yoy": 0.505524861878453,
      "rev_growth_yoy": 0.041951558697415695,
      "rev_growth_yoy_accel": -0.058900358115413165,
      "op_leverage_ratio": null,
      "fcf_margin_change": -0.003649072235241191
    }
  ],
  "signals": [
    {
      "quarter": "2025-12 (Q4)",
      "signal": "YoY REVENUE GROWTH DECELERATION",
      "detail": "YoY growth: +4.2% vs prior quarter YoY: +10.1% (decel: -5.9%)",
      "severity": "WARNING"
    },
    {
      "quarter": "2025-12 (Q4)",
      "signal": "INCREMENTAL MARGIN (YoY)",
      "detail": "YoY Incr OPM: +50.6% vs year-ago OPM: +19.2%",
      "severity": "HIGH"
    },
    {
      "quarter": "2025-09 (Q3)",
      "signal": "OPERATING LEVERAGE",
      "detail": "Rev growth +1.5% vs OpEx growth +0.2% (leverage: 6.3x)",
      "severity": "MEDIUM"
    },
    {
      "quarter": "2025-06 (Q2)",
      "signal": "FCF MARGIN EXPANSION",
      "detail": "FCF margin: +11.2% -> +17.0% (+5.8%)",
      "severity": "MEDIUM"
    },
    {
      "quarter": "2025-06 (Q2)",
      "signal": "YoY REVENUE GROWTH ACCELERATION",
      "detail": "YoY growth: +7.2% vs prior quarter YoY: +1.7% (accel: +5.5%)",
      "severity": "MEDIUM"
    },
    {
      "quarter": "2025-03 (Q1)",
      "signal": "GROSS MARGIN INFLECTION",
      "detail": "GM: +44.3% -> +42.5% -> +45.3% (reversal +2.8%)",
      "severity": "MEDIUM"
    },
    {
      "quarter": "2025-03 (Q1)",
      "signal": "YoY REVENUE GROWTH DECELERATION",
      "detail": "YoY growth: +1.7% vs prior quarter YoY: +9.4% (decel: -7.7%)",
      "severity": "WARNING"
    },
    {
      "quarter": "2024-12 (Q4)",
      "signal": "YoY REVENUE GROWTH ACCELERATION",
      "detail": "YoY growth: +9.4% vs prior quarter YoY: +0.6% (accel: +8.8%)",
      "severity": "MEDIUM"
    },
    {
      "quarter": "2024-09 (Q3)",
      "signal": "FCF MARGIN EXPANSION",
      "detail": "FCF margin: +14.6% -> +24.0% (+9.4%)",
      "severity": "MEDIUM"
    },
    {
      "quarter": "2024-09 (Q3)",
      "signal": "YoY REVENUE GROWTH ACCELERATION",
      "detail": "YoY growth: +0.6% vs prior quarter YoY: -4.6% (accel: +5.2%)",
      "severity": "MEDIUM"
    },
    {
      "quarter": "2024-06 (Q2)",
      "signal": "INCREMENTAL MARGIN (YoY)",
      "detail": "YoY Incr OPM: +44.6% vs year-ago OPM: +23.6%",
      "severity": "HIGH"
    },
    {
      "quarter": "2024-03 (Q1)",
      "signal": "INCREMENTAL MARGIN (YoY)",
      "detail": "YoY Incr OPM: +69.3% vs year-ago OPM: +22.7%",
      "severity": "HIGH"
    },
    {
      "quarter": "2023-12 (Q4)",
      "signal": "INCREMENTAL MARGIN (YoY)",
      "detail": "YoY Incr OPM: +66.5% vs year-ago OPM: +21.6%",
      "severity": "HIGH"
    },
    {
      "quarter": "2023-09 (Q3)",
      "signal": "FCF MARGIN EXPANSION",
      "detail": "FCF margin: +14.1% -> +26.0% (+11.9%)",
      "severity": "MEDIUM"
    },
    {
      "quarter": "2023-09 (Q3)",
      "signal": "YoY REVENUE GROWTH DECELERATION",
      "detail": "YoY growth: -3.7% vs prior quarter YoY: +6.3% (decel: -10.0%)",
      "severity": "WARNING"
    },
    {
      "quarter": "2023-09 (Q3)",
      "signal": "INCREMENTAL MARGIN (YoY)",
      "detail": "YoY Incr OPM: +73.9% vs year-ago OPM: +24.5%",
      "severity": "HIGH"
    },
    {
      "quarter": "2023-06 (Q2)",
      "signal": "YoY REVENUE GROWTH DECELERATION",
      "detail": "YoY growth: +6.3% vs prior quarter YoY: +12.6% (decel: -6.3%)",
      "severity": "WARNING"
    },
    {
      "quarter": "2023-03 (Q1)",
      "signal": "GROSS MARGIN INFLECTION",
      "detail": "GM: +46.3% -> +42.6% -> +45.2% (reversal +2.6%)",
      "severity": "MEDIUM"
    },
    {
      "quarter": "2022-09 (Q3)",
      "signal": "FCF MARGIN EXPANSION",
      "detail": "FCF margin: +12.1% -> +22.1% (+9.9%)",
      "severity": "MEDIUM"
    },
    {
      "quarter": "2022-09 (Q3)",
      "signal": "INCREMENTAL MARGIN (YoY)",
      "detail": "YoY Incr OPM: +36.6% vs year-ago OPM: +22.6%",
      "severity": "MEDIUM"
    },
    {
      "quarter": "2022-03 (Q1)",
      "signal": "OPERATING LEVERAGE",
      "detail": "Rev growth +5.1% vs OpEx growth +1.8% (leverage: 2.9x)",
      "severity": "MEDIUM"
    },
    {
      "quarter": "2021-09 (Q3)",
      "signal": "OPERATING LEVERAGE",
      "detail": "Rev growth +3.8% vs OpEx growth +1.7% (leverage: 2.2x)",
      "severity": "MEDIUM"
    }
  ],
  "data_quality": {
    "n_quarters": 20,
    "coverage": {
      "revenue": [
        20,
        20
      ],
      "gross_profit": [
        20,
        20
      ],
      "op_income": [
        20,
        20
      ],
      "fcf": [
        20,
        20
      ]
    },
    "gaps": [],
    "warnings": []
  },
  "market_cap": null,
  "source": "SEC EDGAR",
  "last_updated": "2026-02-24T10:23:39.212253"
}