{
  "ticker": "IFF",
  "name": "INTERNATIONAL FLAVORS & FRAGRANCES INC.",
  "quarters": [
    {
      "date": "2020-12-31T00:00:00",
      "quarter_label": "2020-12 (Q4)",
      "revenue": 1270073000,
      "gross_profit": 513730000,
      "operating_income": 100603000,
      "net_income": null,
      "opex": 413127000,
      "cogs": 756343000,
      "rd": 100038000,
      "sga": 254192000,
      "fcf": 231000000,
      "ocf": 299000000,
      "capex": -68000000,
      "gross_margin": 0.4044885608937439,
      "op_margin": 0.07921040759074478,
      "fcf_margin": 0.1818793092995442
    },
    {
      "date": "2021-03-31T00:00:00",
      "quarter_label": "2021-03 (Q1)",
      "revenue": 2465000000,
      "gross_profit": 754000000,
      "operating_income": 4000000,
      "net_income": -42000000,
      "opex": 750000000,
      "cogs": 1711000000,
      "rd": 143000000,
      "sga": 451000000,
      "fcf": 265000000,
      "ocf": 358000000,
      "capex": -93000000,
      "gross_margin": 0.3058823529411765,
      "op_margin": 0.0016227180527383367,
      "fcf_margin": 0.1075050709939148,
      "op_leverage_ratio": 1.1537987546995243,
      "fcf_margin_change": -0.0743742383056294
    },
    {
      "date": "2021-06-30T00:00:00",
      "quarter_label": "2021-06 (Q2)",
      "revenue": 3089000000,
      "gross_profit": 910000000,
      "operating_income": 110000000,
      "net_income": 28000000,
      "opex": 800000000,
      "cogs": 2179000000,
      "rd": 164000000,
      "sga": 412000000,
      "fcf": 268000000,
      "ocf": 340000000,
      "capex": -72000000,
      "gross_margin": 0.2945937196503723,
      "op_margin": 0.0356102298478472,
      "fcf_margin": 0.08675946908384591,
      "op_leverage_ratio": 3.797160243407708,
      "fcf_margin_change": -0.020745601910068898
    },
    {
      "date": "2021-09-30T00:00:00",
      "quarter_label": "2021-09 (Q3)",
      "revenue": 3071000000,
      "gross_profit": 1090000000,
      "operating_income": 298000000,
      "net_income": 194000000,
      "opex": 792000000,
      "cogs": 1981000000,
      "rd": 156000000,
      "sga": 436000000,
      "fcf": 351000000,
      "ocf": 428000000,
      "capex": -77000000,
      "gross_margin": 0.3549332464995116,
      "op_margin": 0.09703679583197655,
      "fcf_margin": 0.11429501790947574,
      "fcf_margin_change": 0.027535548825629835
    },
    {
      "date": "2021-12-31T00:00:00",
      "quarter_label": "2021-12 (Q4)",
      "revenue": 3031000000,
      "gross_profit": 981000000,
      "operating_income": 173000000,
      "net_income": null,
      "opex": 808000000,
      "cogs": 2050000000,
      "rd": 166000000,
      "sga": 450000000,
      "fcf": 160000000,
      "ocf": 311000000,
      "capex": -151000000,
      "gross_margin": 0.32365555922137906,
      "op_margin": 0.05707687231936655,
      "fcf_margin": 0.05278785879247773,
      "incr_op_margin_yoy": 0.04111300468446449,
      "rev_growth_yoy": 1.3864769977788678,
      "fcf_margin_change": -0.061507159116998014
    },
    {
      "date": "2022-03-31T00:00:00",
      "quarter_label": "2022-03 (Q1)",
      "revenue": 3226000000,
      "gross_profit": 1145000000,
      "operating_income": 341000000,
      "net_income": 244000000,
      "opex": 804000000,
      "cogs": 2081000000,
      "rd": 157000000,
      "sga": 459000000,
      "fcf": -136000000,
      "ocf": -4000000,
      "capex": -132000000,
      "gross_margin": 0.3549287042777433,
      "op_margin": 0.10570365778053317,
      "fcf_margin": -0.04215747055176689,
      "incr_op_margin_yoy": 0.442838370565046,
      "rev_growth_yoy": 0.30872210953346857,
      "rev_growth_yoy_accel": -1.0777548882453991,
      "op_leverage_ratio": Infinity,
      "fcf_margin_change": -0.09494532934424463
    },
    {
      "date": "2022-06-30T00:00:00",
      "quarter_label": "2022-06 (Q2)",
      "revenue": 3307000000,
      "gross_profit": 1136000000,
      "operating_income": 213000000,
      "net_income": 107000000,
      "opex": 923000000,
      "cogs": 2171000000,
      "rd": 158000000,
      "sga": 456000000,
      "fcf": -151000000,
      "ocf": -47000000,
      "capex": -104000000,
      "gross_margin": 0.34351375869368006,
      "op_margin": 0.06440882975506501,
      "fcf_margin": -0.04566071968551557,
      "incr_op_margin_yoy": 0.4724770642201835,
      "rev_growth_yoy": 0.07057300097118809,
      "rev_growth_yoy_accel": -0.2381491085622805,
      "op_leverage_ratio": 0.16964057786784895,
      "fcf_margin_change": -0.0035032491337486787
    },
    {
      "date": "2022-09-30T00:00:00",
      "quarter_label": "2022-09 (Q3)",
      "revenue": 3063000000,
      "gross_profit": 1001000000,
      "operating_income": -1985000000,
      "net_income": -2197000000,
      "opex": 2986000000,
      "cogs": 2062000000,
      "rd": 145000000,
      "sga": 413000000,
      "fcf": 132000000,
      "ocf": 240000000,
      "capex": -108000000,
      "gross_margin": 0.326803787136794,
      "op_margin": -0.6480574600065295,
      "fcf_margin": 0.043095004897159644,
      "incr_op_margin_yoy": 285.375,
      "rev_growth_yoy": -0.0026050146532074245,
      "rev_growth_yoy_accel": -0.0731780156243955,
      "fcf_margin_change": 0.08875572458267522
    },
    {
      "date": "2022-12-31T00:00:00",
      "quarter_label": "2022-12 (Q4)",
      "revenue": 2844000000,
      "gross_profit": 869000000,
      "operating_income": 105000000,
      "net_income": null,
      "opex": 764000000,
      "cogs": 1975000000,
      "rd": 143000000,
      "sga": 440000000,
      "fcf": 48000000,
      "ocf": 208000000,
      "capex": -160000000,
      "gross_margin": 0.3055555555555556,
      "op_margin": 0.03691983122362869,
      "fcf_margin": 0.016877637130801686,
      "incr_op_margin_yoy": 0.36363636363636365,
      "rev_growth_yoy": -0.061695809963708347,
      "rev_growth_yoy_accel": -0.059090795310500925,
      "fcf_margin_change": -0.026217367766357958
    },
    {
      "date": "2023-03-31T00:00:00",
      "quarter_label": "2023-03 (Q1)",
      "revenue": 3027000000,
      "gross_profit": 964000000,
      "operating_income": 131000000,
      "net_income": -9000000,
      "opex": 833000000,
      "cogs": 2063000000,
      "rd": 161000000,
      "sga": 454000000,
      "fcf": -48000000,
      "ocf": 127000000,
      "capex": -175000000,
      "gross_margin": 0.31846712917079617,
      "op_margin": 0.04327717211760819,
      "fcf_margin": -0.015857284440039643,
      "incr_op_margin_yoy": 1.0552763819095476,
      "rev_growth_yoy": -0.061686298822070676,
      "rev_growth_yoy_accel": 9.511141637670584e-06,
      "op_leverage_ratio": 0.7124686601846757,
      "fcf_margin_change": -0.03273492157084133
    },
    {
      "date": "2023-06-30T00:00:00",
      "quarter_label": "2023-06 (Q2)",
      "revenue": 2929000000,
      "gross_profit": 933000000,
      "operating_income": 145000000,
      "net_income": 27000000,
      "opex": 788000000,
      "cogs": 1996000000,
      "rd": 161000000,
      "sga": 445000000,
      "fcf": 133000000,
      "ocf": 248000000,
      "capex": -115000000,
      "gross_margin": 0.3185387504267668,
      "op_margin": 0.04950495049504951,
      "fcf_margin": 0.04540798907476955,
      "incr_op_margin_yoy": 0.17989417989417988,
      "rev_growth_yoy": -0.11430299364983369,
      "rev_growth_yoy_accel": -0.052616694827763016,
      "fcf_margin_change": 0.06126527351480919
    },
    {
      "date": "2023-09-30T00:00:00",
      "quarter_label": "2023-09 (Q3)",
      "revenue": 2820000000,
      "gross_profit": 924000000,
      "operating_income": 150000000,
      "net_income": 25000000,
      "opex": 774000000,
      "cogs": 1896000000,
      "rd": 157000000,
      "sga": 444000000,
      "fcf": 320000000,
      "ocf": 420000000,
      "capex": -100000000,
      "gross_margin": 0.3276595744680851,
      "op_margin": 0.05319148936170213,
      "fcf_margin": 0.11347517730496454,
      "incr_op_margin_yoy": -8.786008230452675,
      "rev_growth_yoy": -0.07933398628795299,
      "rev_growth_yoy_accel": 0.0349690073618807,
      "fcf_margin_change": 0.06806718823019499
    },
    {
      "date": "2023-12-31T00:00:00",
      "quarter_label": "2023-12 (Q4)",
      "revenue": 2703000000,
      "gross_profit": 860000000,
      "operating_income": -2536000000,
      "net_income": null,
      "opex": 3396000000,
      "cogs": 1843000000,
      "rd": 157000000,
      "sga": 444000000,
      "fcf": 531000000,
      "ocf": 644000000,
      "capex": -113000000,
      "gross_margin": 0.3181650018497965,
      "op_margin": -0.9382167961524233,
      "fcf_margin": 0.19644839067702552,
      "incr_op_margin_yoy": 18.73049645390071,
      "rev_growth_yoy": -0.049578059071729956,
      "rev_growth_yoy_accel": 0.029755927216223034,
      "fcf_margin_change": 0.08297321337206098
    },
    {
      "date": "2024-03-31T00:00:00",
      "quarter_label": "2024-03 (Q1)",
      "revenue": 2899000000,
      "gross_profit": 1024000000,
      "operating_income": 199000000,
      "net_income": 60000000,
      "opex": 825000000,
      "cogs": 1875000000,
      "rd": 166000000,
      "sga": 490000000,
      "fcf": -19000000,
      "ocf": 99000000,
      "capex": -118000000,
      "gross_margin": 0.3532252500862366,
      "op_margin": 0.06864436012418075,
      "fcf_margin": -0.006553984132459468,
      "incr_op_margin_yoy": -0.53125,
      "rev_growth_yoy": -0.04228609184010571,
      "rev_growth_yoy_accel": 0.007291967231624244,
      "op_leverage_ratio": Infinity,
      "fcf_margin_change": -0.203002374809485
    },
    {
      "date": "2024-06-30T00:00:00",
      "quarter_label": "2024-06 (Q2)",
      "revenue": 2889000000,
      "gross_profit": 1068000000,
      "operating_income": 191000000,
      "net_income": 170000000,
      "opex": 877000000,
      "cogs": 1821000000,
      "rd": 173000000,
      "sga": 493000000,
      "fcf": 155000000,
      "ocf": 237000000,
      "capex": -82000000,
      "gross_margin": 0.36967808930425755,
      "op_margin": 0.0661128418137764,
      "fcf_margin": 0.05365178262374524,
      "incr_op_margin_yoy": -1.15,
      "rev_growth_yoy": -0.013656538067599864,
      "rev_growth_yoy_accel": 0.028629553772505846,
      "fcf_margin_change": 0.060205766756204704
    },
    {
      "date": "2024-09-30T00:00:00",
      "quarter_label": "2024-09 (Q3)",
      "revenue": 2925000000,
      "gross_profit": 1052000000,
      "operating_income": 249000000,
      "net_income": 59000000,
      "opex": 803000000,
      "cogs": 1873000000,
      "rd": 162000000,
      "sga": 495000000,
      "fcf": 242000000,
      "ocf": 345000000,
      "capex": -103000000,
      "gross_margin": 0.35965811965811967,
      "op_margin": 0.08512820512820513,
      "fcf_margin": 0.08273504273504273,
      "incr_op_margin_yoy": 0.9428571428571428,
      "rev_growth_yoy": 0.03723404255319149,
      "rev_growth_yoy_accel": 0.050890580620791354,
      "op_leverage_ratio": Infinity,
      "fcf_margin_change": 0.02908326011129749
    },
    {
      "date": "2024-12-31T00:00:00",
      "quarter_label": "2024-12 (Q4)",
      "revenue": 2771000000,
      "gross_profit": 980000000,
      "operating_income": 127000000,
      "net_income": null,
      "opex": 853000000,
      "cogs": 1791000000,
      "rd": 170000000,
      "sga": 517000000,
      "fcf": 229000000,
      "ocf": 389000000,
      "capex": -160000000,
      "gross_margin": 0.3536629375676651,
      "op_margin": 0.04583182966438109,
      "fcf_margin": 0.08264164561530134,
      "incr_op_margin_yoy": 39.161764705882355,
      "rev_growth_yoy": 0.025157232704402517,
      "rev_growth_yoy_accel": -0.01207680984878897,
      "fcf_margin_change": -9.339711974139242e-05
    },
    {
      "date": "2025-03-31T00:00:00",
      "quarter_label": "2025-03 (Q1)",
      "revenue": 2843000000,
      "gross_profit": 1035000000,
      "operating_income": -903000000,
      "net_income": -1018000000,
      "opex": 1938000000,
      "cogs": 1808000000,
      "rd": 164000000,
      "sga": 461000000,
      "fcf": -52000000,
      "ocf": 127000000,
      "capex": -179000000,
      "gross_margin": 0.36405205768554344,
      "op_margin": -0.3176222300386915,
      "fcf_margin": -0.018290538163911362,
      "incr_op_margin_yoy": 19.678571428571427,
      "rev_growth_yoy": -0.019317005864091064,
      "rev_growth_yoy_accel": -0.044474238568493585,
      "op_leverage_ratio": 0.020427502091277833,
      "fcf_margin_change": -0.1009321837792127
    },
    {
      "date": "2025-06-30T00:00:00",
      "quarter_label": "2025-06 (Q2)",
      "revenue": 2764000000,
      "gross_profit": 1030000000,
      "operating_income": 198000000,
      "net_income": 612000000,
      "opex": 832000000,
      "cogs": 1734000000,
      "rd": 182000000,
      "sga": 483000000,
      "fcf": 146000000,
      "ocf": 241000000,
      "capex": -95000000,
      "gross_margin": 0.37264833574529665,
      "op_margin": 0.07163531114327062,
      "fcf_margin": 0.052821997105643996,
      "incr_op_margin_yoy": -0.056,
      "rev_growth_yoy": -0.04326756663205261,
      "rev_growth_yoy_accel": -0.023950560767961548,
      "fcf_margin_change": 0.07111253526955535
    },
    {
      "date": "2025-09-30T00:00:00",
      "quarter_label": "2025-09 (Q3)",
      "revenue": 2694000000,
      "gross_profit": 983000000,
      "operating_income": 226000000,
      "net_income": 40000000,
      "opex": 757000000,
      "cogs": 1711000000,
      "rd": 174000000,
      "sga": 421000000,
      "fcf": 32000000,
      "ocf": 164000000,
      "capex": -132000000,
      "gross_margin": 0.36488492947290274,
      "op_margin": 0.08389012620638456,
      "fcf_margin": 0.011878247958426132,
      "incr_op_margin_yoy": 0.09956709956709957,
      "rev_growth_yoy": -0.07897435897435898,
      "rev_growth_yoy_accel": -0.035706792342306365,
      "fcf_margin_change": -0.040943749147217864
    }
  ],
  "signals": [
    {
      "quarter": "2025-06 (Q2)",
      "signal": "FCF TURNED POSITIVE",
      "detail": "FCF margin: -1.8% -> +5.3%",
      "severity": "HIGH"
    },
    {
      "quarter": "2025-06 (Q2)",
      "signal": "OP MARGIN TURNED POSITIVE (QoQ)",
      "detail": "Op margin: -31.8% -> +7.2%",
      "severity": "HIGH"
    },
    {
      "quarter": "2024-12 (Q4)",
      "signal": "OP MARGIN TURNED POSITIVE (YoY)",
      "detail": "Op margin: -93.8% (year-ago) -> +4.6%",
      "severity": "HIGH"
    },
    {
      "quarter": "2024-09 (Q3)",
      "signal": "YoY REVENUE GROWTH ACCELERATION",
      "detail": "YoY growth: +3.7% vs prior quarter YoY: -1.4% (accel: +5.1%)",
      "severity": "MEDIUM"
    },
    {
      "quarter": "2024-09 (Q3)",
      "signal": "INCREMENTAL MARGIN (YoY)",
      "detail": "YoY Incr OPM: +94.3% vs year-ago OPM: +5.3%",
      "severity": "HIGH"
    },
    {
      "quarter": "2024-06 (Q2)",
      "signal": "FCF TURNED POSITIVE",
      "detail": "FCF margin: -0.7% -> +5.4%",
      "severity": "HIGH"
    },
    {
      "quarter": "2024-03 (Q1)",
      "signal": "GROSS MARGIN INFLECTION",
      "detail": "GM: +32.8% -> +31.8% -> +35.3% (reversal +3.5%)",
      "severity": "MEDIUM"
    },
    {
      "quarter": "2024-03 (Q1)",
      "signal": "OP MARGIN TURNED POSITIVE (QoQ)",
      "detail": "Op margin: -93.8% -> +6.9%",
      "severity": "HIGH"
    },
    {
      "quarter": "2023-12 (Q4)",
      "signal": "FCF MARGIN EXPANSION",
      "detail": "FCF margin: +11.3% -> +19.6% (+8.3%)",
      "severity": "MEDIUM"
    },
    {
      "quarter": "2023-09 (Q3)",
      "signal": "FCF MARGIN EXPANSION",
      "detail": "FCF margin: +4.5% -> +11.3% (+6.8%)",
      "severity": "MEDIUM"
    },
    {
      "quarter": "2023-09 (Q3)",
      "signal": "OP MARGIN TURNED POSITIVE (YoY)",
      "detail": "Op margin: -64.8% (year-ago) -> +5.3%",
      "severity": "HIGH"
    },
    {
      "quarter": "2023-06 (Q2)",
      "signal": "FCF TURNED POSITIVE",
      "detail": "FCF margin: -1.6% -> +4.5%",
      "severity": "HIGH"
    },
    {
      "quarter": "2023-06 (Q2)",
      "signal": "YoY REVENUE GROWTH DECELERATION",
      "detail": "YoY growth: -11.4% vs prior quarter YoY: -6.2% (decel: -5.3%)",
      "severity": "WARNING"
    },
    {
      "quarter": "2023-06 (Q2)",
      "signal": "INCREMENTAL MARGIN (YoY)",
      "detail": "YoY Incr OPM: +18.0% vs year-ago OPM: +6.4%",
      "severity": "MEDIUM"
    },
    {
      "quarter": "2023-03 (Q1)",
      "signal": "INCREMENTAL MARGIN (YoY)",
      "detail": "YoY Incr OPM: +105.5% vs year-ago OPM: +10.6%",
      "severity": "HIGH"
    },
    {
      "quarter": "2022-12 (Q4)",
      "signal": "YoY REVENUE GROWTH DECELERATION",
      "detail": "YoY growth: -6.2% vs prior quarter YoY: -0.3% (decel: -5.9%)",
      "severity": "WARNING"
    },
    {
      "quarter": "2022-12 (Q4)",
      "signal": "INCREMENTAL MARGIN (YoY)",
      "detail": "YoY Incr OPM: +36.4% vs year-ago OPM: +5.7%",
      "severity": "HIGH"
    },
    {
      "quarter": "2022-12 (Q4)",
      "signal": "OP MARGIN TURNED POSITIVE (QoQ)",
      "detail": "Op margin: -64.8% -> +3.7%",
      "severity": "HIGH"
    },
    {
      "quarter": "2022-09 (Q3)",
      "signal": "FCF TURNED POSITIVE",
      "detail": "FCF margin: -4.6% -> +4.3%",
      "severity": "HIGH"
    },
    {
      "quarter": "2022-09 (Q3)",
      "signal": "YoY REVENUE GROWTH DECELERATION",
      "detail": "YoY growth: -0.3% vs prior quarter YoY: +7.1% (decel: -7.3%)",
      "severity": "WARNING"
    },
    {
      "quarter": "2022-06 (Q2)",
      "signal": "YoY REVENUE GROWTH DECELERATION",
      "detail": "YoY growth: +7.1% vs prior quarter YoY: +30.9% (decel: -23.8%)",
      "severity": "WARNING"
    },
    {
      "quarter": "2022-06 (Q2)",
      "signal": "INCREMENTAL MARGIN (YoY)",
      "detail": "YoY Incr OPM: +47.2% vs year-ago OPM: +3.6%",
      "severity": "HIGH"
    },
    {
      "quarter": "2022-03 (Q1)",
      "signal": "GROSS MARGIN INFLECTION",
      "detail": "GM: +35.5% -> +32.4% -> +35.5% (reversal +3.1%)",
      "severity": "MEDIUM"
    },
    {
      "quarter": "2022-03 (Q1)",
      "signal": "YoY REVENUE GROWTH DECELERATION",
      "detail": "YoY growth: +30.9% vs prior quarter YoY: +138.6% (decel: -107.8%)",
      "severity": "WARNING"
    },
    {
      "quarter": "2022-03 (Q1)",
      "signal": "INCREMENTAL MARGIN (YoY)",
      "detail": "YoY Incr OPM: +44.3% vs year-ago OPM: +0.2%",
      "severity": "HIGH"
    },
    {
      "quarter": "2021-09 (Q3)",
      "signal": "GROSS MARGIN INFLECTION",
      "detail": "GM: +30.6% -> +29.5% -> +35.5% (reversal +6.0%)",
      "severity": "HIGH"
    },
    {
      "quarter": "2021-06 (Q2)",
      "signal": "OPERATING LEVERAGE",
      "detail": "Rev growth +25.3% vs OpEx growth +6.7% (leverage: 3.8x)",
      "severity": "MEDIUM"
    }
  ],
  "data_quality": {
    "n_quarters": 20,
    "coverage": {
      "revenue": [
        20,
        20
      ],
      "gross_profit": [
        20,
        20
      ],
      "op_income": [
        20,
        20
      ],
      "fcf": [
        20,
        20
      ]
    },
    "gaps": [],
    "warnings": []
  },
  "market_cap": null,
  "source": "SEC EDGAR",
  "last_updated": "2026-02-02T20:20:07.040111"
}