{
  "ticker": "III",
  "name": "Information Services Group Inc.",
  "quarters": [
    {
      "date": "2020-12-31T00:00:00",
      "quarter_label": "2020-12 (Q4)",
      "revenue": 66389000,
      "gross_profit": 28050000,
      "operating_income": 3502000,
      "net_income": 1448000,
      "opex": 24548000,
      "cogs": 38339000,
      "rd": null,
      "sga": 22993000,
      "fcf": 6278000,
      "ocf": 6664000,
      "capex": -386000,
      "gross_margin": 0.4225097531217521,
      "op_margin": 0.05274970251095814,
      "fcf_margin": 0.09456385847052975
    },
    {
      "date": "2021-03-31T00:00:00",
      "quarter_label": "2021-03 (Q1)",
      "revenue": 66571000,
      "gross_profit": 25415000,
      "operating_income": 5015000,
      "net_income": 3424000,
      "opex": 20400000,
      "cogs": 41156000,
      "rd": null,
      "sga": 19040000,
      "fcf": 11612000,
      "ocf": 12053000,
      "capex": -441000,
      "gross_margin": 0.3817728440311848,
      "op_margin": 0.07533310300280903,
      "fcf_margin": 0.17443030749124994,
      "fcf_margin_change": 0.07986644902072018
    },
    {
      "date": "2021-06-30T00:00:00",
      "quarter_label": "2021-06 (Q2)",
      "revenue": 70597000,
      "gross_profit": 27590000,
      "operating_income": 5843000,
      "net_income": 4106000,
      "opex": 21747000,
      "cogs": 43007000,
      "rd": null,
      "sga": 20492000,
      "fcf": 8353000,
      "ocf": 8877000,
      "capex": -524000,
      "gross_margin": 0.39080980778220037,
      "op_margin": 0.08276555661005425,
      "fcf_margin": 0.11831947533181297,
      "op_leverage_ratio": 0.915906753808642,
      "fcf_margin_change": -0.05611083215943696
    },
    {
      "date": "2021-09-30T00:00:00",
      "quarter_label": "2021-09 (Q3)",
      "revenue": 71095000,
      "gross_profit": 27846000,
      "operating_income": 7263000,
      "net_income": 4421000,
      "opex": 20583000,
      "cogs": 43249000,
      "rd": null,
      "sga": 19236000,
      "fcf": 17999000,
      "ocf": 18534000,
      "capex": -535000,
      "gross_margin": 0.3916731134397637,
      "op_margin": 0.10215908291722343,
      "fcf_margin": 0.25316829594204937,
      "fcf_margin_change": 0.1348488206102364
    },
    {
      "date": "2021-12-31T00:00:00",
      "quarter_label": "2021-12 (Q4)",
      "revenue": 69569000,
      "gross_profit": 28506000,
      "operating_income": 7146000,
      "net_income": 3578000,
      "opex": 21360000,
      "cogs": 41063000,
      "rd": null,
      "sga": 19991000,
      "fcf": 1658000,
      "ocf": 2478000,
      "capex": -820000,
      "gross_margin": 0.4097514697638316,
      "op_margin": 0.10271816469979445,
      "fcf_margin": 0.023832454110307752,
      "incr_op_margin_yoy": 1.1459119496855346,
      "rev_growth_yoy": 0.04789950142342858,
      "fcf_margin_change": -0.2293358418317416
    },
    {
      "date": "2022-03-31T00:00:00",
      "quarter_label": "2022-03 (Q1)",
      "revenue": 72563000,
      "gross_profit": 28608000,
      "operating_income": 7732000,
      "net_income": 4930000,
      "opex": 20876000,
      "cogs": 43955000,
      "rd": null,
      "sga": 19587000,
      "fcf": 3065000,
      "ocf": 4111000,
      "capex": -1046000,
      "gross_margin": 0.3942505133470226,
      "op_margin": 0.10655568264818158,
      "fcf_margin": 0.04223915769744911,
      "incr_op_margin_yoy": 0.45343791722296395,
      "rev_growth_yoy": 0.09000916314911898,
      "rev_growth_yoy_accel": 0.0421096617256904,
      "op_leverage_ratio": Infinity,
      "fcf_margin_change": 0.01840670358714136
    },
    {
      "date": "2022-06-30T00:00:00",
      "quarter_label": "2022-06 (Q2)",
      "revenue": 70701000,
      "gross_profit": 29331000,
      "operating_income": 7148000,
      "net_income": 4957000,
      "opex": 22183000,
      "cogs": 41370000,
      "rd": null,
      "sga": 20885000,
      "fcf": -233000,
      "ocf": 825000,
      "capex": -1058000,
      "gross_margin": 0.4148597615309543,
      "op_margin": 0.10110182317081795,
      "fcf_margin": -0.003295568662395157,
      "rev_growth_yoy": 0.0014731504171565364,
      "rev_growth_yoy_accel": -0.08853601273196245,
      "fcf_margin_change": -0.04553472635984427
    },
    {
      "date": "2022-09-30T00:00:00",
      "quarter_label": "2022-09 (Q3)",
      "revenue": 68836000,
      "gross_profit": 29050000,
      "operating_income": 7430000,
      "net_income": 5556000,
      "opex": 21620000,
      "cogs": 39786000,
      "rd": null,
      "sga": 20334000,
      "fcf": -851000,
      "ocf": -341000,
      "capex": -510000,
      "gross_margin": 0.42201754895694116,
      "op_margin": 0.10793770701377187,
      "fcf_margin": -0.012362717182869428,
      "incr_op_margin_yoy": -0.07392651615759185,
      "rev_growth_yoy": -0.03177438638441522,
      "rev_growth_yoy_accel": -0.033247536801571755,
      "fcf_margin_change": -0.009067148520474272
    },
    {
      "date": "2022-12-31T00:00:00",
      "quarter_label": "2022-12 (Q4)",
      "revenue": 74167000,
      "gross_profit": 29628000,
      "operating_income": 7169000,
      "net_income": 4283000,
      "opex": 22459000,
      "cogs": 44539000,
      "rd": null,
      "sga": 20963000,
      "fcf": 5742000,
      "ocf": 6551000,
      "capex": -809000,
      "gross_margin": 0.399476856283792,
      "op_margin": 0.09666023972925965,
      "fcf_margin": 0.07741987676459881,
      "incr_op_margin_yoy": 0.005002174858634189,
      "rev_growth_yoy": 0.06609265621181848,
      "rev_growth_yoy_accel": 0.09786704259623369,
      "op_leverage_ratio": 1.995661069605525,
      "fcf_margin_change": 0.08978259394746824
    },
    {
      "date": "2023-03-31T00:00:00",
      "quarter_label": "2023-03 (Q1)",
      "revenue": 78486000,
      "gross_profit": 29317000,
      "operating_income": 7050000,
      "net_income": 3491000,
      "opex": 22267000,
      "cogs": 49169000,
      "rd": null,
      "sga": 20670000,
      "fcf": -3875000,
      "ocf": -3374000,
      "capex": -501000,
      "gross_margin": 0.37353158525087277,
      "op_margin": 0.08982493693142726,
      "fcf_margin": -0.0493718624977703,
      "incr_op_margin_yoy": -0.11514435252405876,
      "rev_growth_yoy": 0.08162562187340655,
      "rev_growth_yoy_accel": 0.015532965661588072,
      "op_leverage_ratio": Infinity,
      "fcf_margin_change": -0.1267917392623691
    },
    {
      "date": "2023-06-30T00:00:00",
      "quarter_label": "2023-06 (Q2)",
      "revenue": 74609000,
      "gross_profit": 28762000,
      "operating_income": 4863000,
      "net_income": 2333000,
      "opex": 23899000,
      "cogs": 45847000,
      "rd": null,
      "sga": 22330000,
      "fcf": 2353000,
      "ocf": 2821000,
      "capex": -468000,
      "gross_margin": 0.38550308943961187,
      "op_margin": 0.0651798040450884,
      "fcf_margin": 0.031537750137382886,
      "incr_op_margin_yoy": -0.5846980552712385,
      "rev_growth_yoy": 0.055275031470559115,
      "rev_growth_yoy_accel": -0.026350590402847436,
      "fcf_margin_change": 0.08090961263515319
    },
    {
      "date": "2023-09-30T00:00:00",
      "quarter_label": "2023-09 (Q3)",
      "revenue": 71773000,
      "gross_profit": 28741000,
      "operating_income": 6223000,
      "net_income": 3201000,
      "opex": 22518000,
      "cogs": 43032000,
      "rd": null,
      "sga": 20992000,
      "fcf": 2488000,
      "ocf": 3159000,
      "capex": -671000,
      "gross_margin": 0.4004430635475736,
      "op_margin": 0.08670391372800357,
      "fcf_margin": 0.034664846112047704,
      "incr_op_margin_yoy": -0.410963568266939,
      "rev_growth_yoy": 0.04266662792724737,
      "rev_growth_yoy_accel": -0.012608403543311747,
      "fcf_margin_change": 0.0031270959746648175
    },
    {
      "date": "2023-12-31T00:00:00",
      "quarter_label": "2023-12 (Q4)",
      "revenue": 66186000,
      "gross_profit": 25321000,
      "operating_income": -3524000,
      "net_income": -2871000,
      "opex": 28845000,
      "cogs": 40865000,
      "rd": null,
      "sga": 27279000,
      "fcf": 7873000,
      "ocf": 9666000,
      "capex": -1793000,
      "gross_margin": 0.3825733538814855,
      "op_margin": -0.05324388843562083,
      "fcf_margin": 0.1189526485963799,
      "incr_op_margin_yoy": 1.3398070417240948,
      "rev_growth_yoy": -0.10760850513031402,
      "rev_growth_yoy_accel": -0.15027513305756138,
      "fcf_margin_change": 0.0842878024843322
    },
    {
      "date": "2024-03-31T00:00:00",
      "quarter_label": "2024-03 (Q1)",
      "revenue": 64269000,
      "gross_profit": 23222000,
      "operating_income": -2370000,
      "net_income": -3389000,
      "opex": 25592000,
      "cogs": 41047000,
      "rd": null,
      "sga": 24087000,
      "fcf": 1311000,
      "ocf": 2333000,
      "capex": -1022000,
      "gross_margin": 0.36132505562557377,
      "op_margin": -0.036876254492834805,
      "fcf_margin": 0.020398636978947858,
      "incr_op_margin_yoy": 0.6625870436801012,
      "rev_growth_yoy": -0.18114058558214205,
      "rev_growth_yoy_accel": -0.07353208045182803,
      "fcf_margin_change": -0.09855401161743205
    },
    {
      "date": "2024-06-30T00:00:00",
      "quarter_label": "2024-06 (Q2)",
      "revenue": 64263000,
      "gross_profit": 25355000,
      "operating_income": 3650000,
      "net_income": 2038000,
      "opex": 21705000,
      "cogs": 38908000,
      "rd": null,
      "sga": 20083000,
      "fcf": 1291000,
      "ocf": 2183000,
      "capex": -892000,
      "gross_margin": 0.39455051896114407,
      "op_margin": 0.056797846350154835,
      "fcf_margin": 0.02008932044878079,
      "incr_op_margin_yoy": 0.11724337908370384,
      "rev_growth_yoy": -0.1386695975016419,
      "rev_growth_yoy_accel": 0.04247098808050015,
      "fcf_margin_change": -0.00030931653016706695
    },
    {
      "date": "2024-09-30T00:00:00",
      "quarter_label": "2024-09 (Q3)",
      "revenue": 61277000,
      "gross_profit": 24747000,
      "operating_income": 4294000,
      "net_income": 1148000,
      "opex": 20453000,
      "cogs": 36530000,
      "rd": null,
      "sga": 18855000,
      "fcf": 8407000,
      "ocf": 8796000,
      "capex": -389000,
      "gross_margin": 0.4038546273479446,
      "op_margin": 0.07007523214256572,
      "fcf_margin": 0.13719666432756172,
      "incr_op_margin_yoy": 0.1837842987804878,
      "rev_growth_yoy": -0.1462388363312109,
      "rev_growth_yoy_accel": -0.007569238829569003,
      "fcf_margin_change": 0.11710734387878094
    },
    {
      "date": "2024-12-31T00:00:00",
      "quarter_label": "2024-12 (Q4)",
      "revenue": 57777000,
      "gross_profit": 23955000,
      "operating_income": 183000,
      "net_income": 3042000,
      "opex": 23772000,
      "cogs": 33822000,
      "rd": null,
      "sga": 22608000,
      "fcf": 6026000,
      "ocf": 6553000,
      "capex": -527000,
      "gross_margin": 0.4146113505374111,
      "op_margin": 0.003167350329715977,
      "fcf_margin": 0.10429755785174032,
      "incr_op_margin_yoy": -0.44083719823998097,
      "rev_growth_yoy": -0.12705103798386366,
      "rev_growth_yoy_accel": 0.01918779834734724,
      "fcf_margin_change": -0.03289910647582141
    },
    {
      "date": "2025-03-31T00:00:00",
      "quarter_label": "2025-03 (Q1)",
      "revenue": 59583000,
      "gross_profit": 25656000,
      "operating_income": 3396000,
      "net_income": 1488000,
      "opex": 22260000,
      "cogs": 33927000,
      "rd": null,
      "sga": 21155000,
      "fcf": 141000,
      "ocf": 978000,
      "capex": -837000,
      "gross_margin": 0.43059261869996474,
      "op_margin": 0.056996123055233876,
      "fcf_margin": 0.0023664468052968127,
      "incr_op_margin_yoy": -1.2304737516005122,
      "rev_growth_yoy": -0.07291229052887084,
      "rev_growth_yoy_accel": 0.05413874745499282,
      "op_leverage_ratio": Infinity,
      "fcf_margin_change": -0.1019311110464435
    },
    {
      "date": "2025-06-30T00:00:00",
      "quarter_label": "2025-06 (Q2)",
      "revenue": 61565000,
      "gross_profit": 25974000,
      "operating_income": 4665000,
      "net_income": 2183000,
      "opex": 21309000,
      "cogs": 35591000,
      "rd": null,
      "sga": 20144000,
      "fcf": 11076000,
      "ocf": 11918000,
      "capex": -842000,
      "gross_margin": 0.42189555754081054,
      "op_margin": 0.07577357264679607,
      "fcf_margin": 0.1799074149273126,
      "incr_op_margin_yoy": -0.3762045959970348,
      "rev_growth_yoy": -0.04198372313773089,
      "rev_growth_yoy_accel": 0.03092856739113995,
      "op_leverage_ratio": Infinity,
      "fcf_margin_change": 0.17754096812201578
    },
    {
      "date": "2025-09-30T00:00:00",
      "quarter_label": "2025-09 (Q3)",
      "revenue": 62364000,
      "gross_profit": 26332000,
      "operating_income": 4588000,
      "net_income": 3056000,
      "opex": 21744000,
      "cogs": 36032000,
      "rd": null,
      "sga": 20601000,
      "fcf": 9464000,
      "ocf": 11054000,
      "capex": -1590000,
      "gross_margin": 0.42223077416458216,
      "op_margin": 0.07356808415111282,
      "fcf_margin": 0.15175421717657622,
      "incr_op_margin_yoy": 0.2704691812327507,
      "rev_growth_yoy": 0.0177391190822005,
      "rev_growth_yoy_accel": 0.05972284221993139,
      "op_leverage_ratio": 0.6357504963915346,
      "fcf_margin_change": -0.02815319775073638
    }
  ],
  "signals": [
    {
      "quarter": "2025-09 (Q3)",
      "signal": "YoY REVENUE GROWTH ACCELERATION",
      "detail": "YoY growth: +1.8% vs prior quarter YoY: -4.2% (accel: +6.0%)",
      "severity": "MEDIUM"
    },
    {
      "quarter": "2025-09 (Q3)",
      "signal": "INCREMENTAL MARGIN (YoY)",
      "detail": "YoY Incr OPM: +27.0% vs year-ago OPM: +7.0%",
      "severity": "HIGH"
    },
    {
      "quarter": "2025-06 (Q2)",
      "signal": "FCF MARGIN EXPANSION",
      "detail": "FCF margin: +0.2% -> +18.0% (+17.8%)",
      "severity": "MEDIUM"
    },
    {
      "quarter": "2025-03 (Q1)",
      "signal": "YoY REVENUE GROWTH ACCELERATION",
      "detail": "YoY growth: -7.3% vs prior quarter YoY: -12.7% (accel: +5.4%)",
      "severity": "MEDIUM"
    },
    {
      "quarter": "2025-03 (Q1)",
      "signal": "OP MARGIN TURNED POSITIVE (YoY)",
      "detail": "Op margin: -3.7% (year-ago) -> +5.7%",
      "severity": "HIGH"
    },
    {
      "quarter": "2024-12 (Q4)",
      "signal": "OP MARGIN TURNED POSITIVE (YoY)",
      "detail": "Op margin: -5.3% (year-ago) -> +0.3%",
      "severity": "HIGH"
    },
    {
      "quarter": "2024-09 (Q3)",
      "signal": "FCF MARGIN EXPANSION",
      "detail": "FCF margin: +2.0% -> +13.7% (+11.7%)",
      "severity": "MEDIUM"
    },
    {
      "quarter": "2024-06 (Q2)",
      "signal": "GROSS MARGIN INFLECTION",
      "detail": "GM: +38.3% -> +36.1% -> +39.5% (reversal +3.3%)",
      "severity": "MEDIUM"
    },
    {
      "quarter": "2024-06 (Q2)",
      "signal": "OP MARGIN TURNED POSITIVE (QoQ)",
      "detail": "Op margin: -3.7% -> +5.7%",
      "severity": "HIGH"
    },
    {
      "quarter": "2024-03 (Q1)",
      "signal": "YoY REVENUE GROWTH DECELERATION",
      "detail": "YoY growth: -18.1% vs prior quarter YoY: -10.8% (decel: -7.4%)",
      "severity": "WARNING"
    },
    {
      "quarter": "2023-12 (Q4)",
      "signal": "FCF MARGIN EXPANSION",
      "detail": "FCF margin: +3.5% -> +11.9% (+8.4%)",
      "severity": "MEDIUM"
    },
    {
      "quarter": "2023-12 (Q4)",
      "signal": "YoY REVENUE GROWTH DECELERATION",
      "detail": "YoY growth: -10.8% vs prior quarter YoY: +4.3% (decel: -15.0%)",
      "severity": "WARNING"
    },
    {
      "quarter": "2023-06 (Q2)",
      "signal": "FCF TURNED POSITIVE",
      "detail": "FCF margin: -4.9% -> +3.2%",
      "severity": "HIGH"
    },
    {
      "quarter": "2022-12 (Q4)",
      "signal": "FCF TURNED POSITIVE",
      "detail": "FCF margin: -1.2% -> +7.7%",
      "severity": "HIGH"
    },
    {
      "quarter": "2022-12 (Q4)",
      "signal": "OPERATING LEVERAGE",
      "detail": "Rev growth +7.7% vs OpEx growth +3.9% (leverage: 2.0x)",
      "severity": "MEDIUM"
    },
    {
      "quarter": "2022-12 (Q4)",
      "signal": "YoY REVENUE GROWTH ACCELERATION",
      "detail": "YoY growth: +6.6% vs prior quarter YoY: -3.2% (accel: +9.8%)",
      "severity": "MEDIUM"
    },
    {
      "quarter": "2022-06 (Q2)",
      "signal": "GROSS MARGIN INFLECTION",
      "detail": "GM: +41.0% -> +39.4% -> +41.5% (reversal +2.1%)",
      "severity": "MEDIUM"
    },
    {
      "quarter": "2022-06 (Q2)",
      "signal": "YoY REVENUE GROWTH DECELERATION",
      "detail": "YoY growth: +0.1% vs prior quarter YoY: +9.0% (decel: -8.9%)",
      "severity": "WARNING"
    },
    {
      "quarter": "2022-03 (Q1)",
      "signal": "INCREMENTAL MARGIN (YoY)",
      "detail": "YoY Incr OPM: +45.3% vs year-ago OPM: +7.5%",
      "severity": "HIGH"
    },
    {
      "quarter": "2021-12 (Q4)",
      "signal": "INCREMENTAL MARGIN (YoY)",
      "detail": "YoY Incr OPM: +114.6% vs year-ago OPM: +5.3%",
      "severity": "HIGH"
    },
    {
      "quarter": "2021-09 (Q3)",
      "signal": "FCF MARGIN EXPANSION",
      "detail": "FCF margin: +11.8% -> +25.3% (+13.5%)",
      "severity": "MEDIUM"
    },
    {
      "quarter": "2021-03 (Q1)",
      "signal": "FCF MARGIN EXPANSION",
      "detail": "FCF margin: +9.5% -> +17.4% (+8.0%)",
      "severity": "MEDIUM"
    }
  ],
  "data_quality": {
    "n_quarters": 20,
    "coverage": {
      "revenue": [
        20,
        20
      ],
      "gross_profit": [
        20,
        20
      ],
      "op_income": [
        20,
        20
      ],
      "fcf": [
        20,
        20
      ]
    },
    "gaps": [],
    "warnings": []
  },
  "market_cap": null,
  "source": "SEC EDGAR",
  "last_updated": "2026-02-02T22:49:40.853809",
  "sector": "Technology",
  "industry": "Information Technology Services"
}