{
  "ticker": "IIIV",
  "name": "i3 Verticals, Inc.",
  "sector": "Technology",
  "industry": "Software - Infrastructure",
  "quarters": [
    {
      "date": "2021-03-31T00:00:00",
      "quarter_label": "2021-03 (Q1)",
      "revenue": 49197000,
      "gross_profit": 43070000,
      "operating_income": -135000,
      "net_income": 440000,
      "opex": 47998000,
      "cogs": null,
      "rd": null,
      "sga": 30511000,
      "fcf": 17557000,
      "ocf": 17893000,
      "capex": -336000,
      "gross_margin": 0.8754598857653922,
      "op_margin": -0.0027440697603512408,
      "fcf_margin": 0.3568713539443462
    },
    {
      "date": "2021-06-30T00:00:00",
      "quarter_label": "2021-06 (Q2)",
      "revenue": 63129000,
      "gross_profit": 54028000,
      "operating_income": -2000000,
      "net_income": -3308000,
      "opex": 63964000,
      "cogs": null,
      "rd": null,
      "sga": 37296000,
      "fcf": 3625000,
      "ocf": 4104000,
      "capex": -479000,
      "gross_margin": 0.8558348777899222,
      "op_margin": -0.03168116079773163,
      "fcf_margin": 0.05742210394588858,
      "op_leverage_ratio": 0.8513376919001234,
      "fcf_margin_change": -0.2994492499984576
    },
    {
      "date": "2021-09-30T00:00:00",
      "quarter_label": "2021-09 (Q3)",
      "revenue": 67177000,
      "gross_profit": 62816000,
      "operating_income": 627000,
      "net_income": -482000,
      "opex": 66550000,
      "cogs": null,
      "rd": null,
      "sga": 42103000,
      "fcf": 9924000,
      "ocf": 10498000,
      "capex": -574000,
      "gross_margin": 0.9350819476904297,
      "op_margin": 0.009333551662027182,
      "fcf_margin": 0.1477291334831862,
      "op_leverage_ratio": 1.586056623741144,
      "fcf_margin_change": 0.09030702953729762
    },
    {
      "date": "2021-12-31T00:00:00",
      "quarter_label": "2021-12 (Q4)",
      "revenue": 73939000,
      "gross_profit": 65949000,
      "operating_income": -755000,
      "net_income": -2528000,
      "opex": 74694000,
      "cogs": null,
      "rd": null,
      "sga": 46387000,
      "fcf": 21526000,
      "ocf": 21910000,
      "capex": -384000,
      "gross_margin": 0.8919379488497274,
      "op_margin": -0.010211119977278568,
      "fcf_margin": 0.2911318789813224,
      "op_leverage_ratio": 0.8225548285438816,
      "fcf_margin_change": 0.14340274549813622
    },
    {
      "date": "2022-03-31T00:00:00",
      "quarter_label": "2022-03 (Q1)",
      "revenue": 78120000,
      "gross_profit": 69978000,
      "operating_income": -6177000,
      "net_income": -7373000,
      "opex": 84297000,
      "cogs": null,
      "rd": null,
      "sga": 48716000,
      "fcf": 8720000,
      "ocf": 9303000,
      "capex": -583000,
      "gross_margin": 0.8957757296466974,
      "op_margin": -0.07907066052227342,
      "fcf_margin": 0.11162314388120839,
      "incr_op_margin_yoy": -0.20889949175396744,
      "rev_growth_yoy": 0.5879017013232514,
      "op_leverage_ratio": 0.439830541770801,
      "fcf_margin_change": -0.17950873510011403
    },
    {
      "date": "2022-06-30T00:00:00",
      "quarter_label": "2022-06 (Q2)",
      "revenue": 80553000,
      "gross_profit": 71461000,
      "operating_income": -2731000,
      "net_income": -3728000,
      "opex": 83284000,
      "cogs": null,
      "rd": null,
      "sga": 47775000,
      "fcf": 4199000,
      "ocf": 4627000,
      "capex": -428000,
      "gross_margin": 0.8871302124067384,
      "op_margin": -0.03390314451355009,
      "fcf_margin": 0.05212717093093988,
      "incr_op_margin_yoy": -0.041953627180899906,
      "rev_growth_yoy": 0.276006272869838,
      "rev_growth_yoy_accel": -0.3118954284534134,
      "op_leverage_ratio": null,
      "fcf_margin_change": -0.05949597295026851
    },
    {
      "date": "2022-09-30T00:00:00",
      "quarter_label": "2022-09 (Q3)",
      "revenue": 85250000,
      "gross_profit": 75342000,
      "operating_income": 7219000,
      "net_income": -3473000,
      "opex": 78031000,
      "cogs": null,
      "rd": null,
      "sga": 50912000,
      "fcf": 7046000,
      "ocf": 7919000,
      "capex": -873000,
      "gross_margin": 0.8837771260997067,
      "op_margin": 0.08468035190615836,
      "fcf_margin": 0.08265102639296187,
      "incr_op_margin_yoy": 0.3647429867758535,
      "rev_growth_yoy": 0.26903553299492383,
      "rev_growth_yoy_accel": -0.006970739874914145,
      "op_leverage_ratio": null,
      "fcf_margin_change": 0.030523855462021993
    },
    {
      "date": "2022-12-31T00:00:00",
      "quarter_label": "2022-12 (Q4)",
      "revenue": 51712000,
      "gross_profit": 77281000,
      "operating_income": 5838000,
      "net_income": -240000,
      "opex": 80191000,
      "cogs": null,
      "rd": null,
      "sga": 51003000,
      "fcf": 16741000,
      "ocf": 18179000,
      "capex": -1438000,
      "gross_margin": 1.4944500309405941,
      "op_margin": 0.11289449257425743,
      "fcf_margin": 0.3237353032178218,
      "incr_op_margin_yoy": -0.29662122643631617,
      "rev_growth_yoy": -0.3006126671986367,
      "rev_growth_yoy_accel": -0.5696482001935605,
      "fcf_margin_change": 0.24108427682485992
    },
    {
      "date": "2023-03-31T00:00:00",
      "quarter_label": "2023-03 (Q1)",
      "revenue": 59167000,
      "gross_profit": 84771000,
      "operating_income": 5444000,
      "net_income": 36000,
      "opex": 88428000,
      "cogs": null,
      "rd": null,
      "sga": 57204000,
      "fcf": 6821000,
      "ocf": 7705000,
      "capex": -884000,
      "gross_margin": 1.4327412239931043,
      "op_margin": 0.09201074923521557,
      "fcf_margin": 0.11528385755573207,
      "incr_op_margin_yoy": -0.6131483142510421,
      "rev_growth_yoy": -0.24261392729134665,
      "rev_growth_yoy_accel": 0.05799873990729007,
      "op_leverage_ratio": 1.403501484431063,
      "fcf_margin_change": -0.20845144566208973
    },
    {
      "date": "2023-06-30T00:00:00",
      "quarter_label": "2023-06 (Q2)",
      "revenue": 57260000,
      "gross_profit": 84936000,
      "operating_income": 2632000,
      "net_income": -5155000,
      "opex": 91299000,
      "cogs": null,
      "rd": null,
      "sga": 55426000,
      "fcf": -302000,
      "ocf": 486000,
      "capex": -788000,
      "gross_margin": 1.4833391547327979,
      "op_margin": 0.045965770171149146,
      "fcf_margin": -0.005274187914774712,
      "incr_op_margin_yoy": -0.23024084488902247,
      "rev_growth_yoy": -0.28916365622633544,
      "rev_growth_yoy_accel": -0.04654972893498879,
      "fcf_margin_change": -0.12055804547050679
    },
    {
      "date": "2023-09-30T00:00:00",
      "quarter_label": "2023-09 (Q3)",
      "revenue": 58584000,
      "gross_profit": 86341000,
      "operating_income": 1255000,
      "net_income": 4548000,
      "opex": 87612000,
      "cogs": null,
      "rd": null,
      "sga": 56103000,
      "fcf": 9706000,
      "ocf": 10800000,
      "capex": -1094000,
      "gross_margin": 1.4737983067049023,
      "op_margin": 0.021422231325959305,
      "fcf_margin": 0.1656766352587737,
      "incr_op_margin_yoy": 0.22365559138978475,
      "rev_growth_yoy": -0.31279765395894427,
      "rev_growth_yoy_accel": -0.023633997732608825,
      "op_leverage_ratio": null,
      "fcf_margin_change": 0.17095082317354843
    },
    {
      "date": "2023-12-31T00:00:00",
      "quarter_label": "2023-12 (Q4)",
      "revenue": 55054000,
      "gross_profit": 82575000,
      "operating_income": 8532000,
      "net_income": 1098000,
      "opex": 83458000,
      "cogs": null,
      "rd": null,
      "sga": 53532000,
      "fcf": 13706000,
      "ocf": 14405000,
      "capex": -699000,
      "gross_margin": 1.4998910160932901,
      "op_margin": 0.15497511534130126,
      "fcf_margin": 0.2489555708940313,
      "incr_op_margin_yoy": 0.8061041292639138,
      "rev_growth_yoy": 0.06462716584158416,
      "rev_growth_yoy_accel": 0.37742481980052844,
      "fcf_margin_change": 0.0832789356352576
    },
    {
      "date": "2024-03-31T00:00:00",
      "quarter_label": "2024-03 (Q1)",
      "revenue": 57968000,
      "gross_profit": 84678000,
      "operating_income": 9421000,
      "net_income": 1878000,
      "opex": 85121000,
      "cogs": null,
      "rd": null,
      "sga": 54162000,
      "fcf": 9904000,
      "ocf": 10742000,
      "capex": -838000,
      "gross_margin": 1.460771460115926,
      "op_margin": 0.16252070107645597,
      "fcf_margin": 0.1708528843499862,
      "incr_op_margin_yoy": -3.316930775646372,
      "rev_growth_yoy": -0.020264674565213716,
      "rev_growth_yoy_accel": -0.08489184040679788,
      "op_leverage_ratio": 2.656295537616913,
      "fcf_margin_change": -0.07810268654404512
    },
    {
      "date": "2024-06-30T00:00:00",
      "quarter_label": "2024-06 (Q2)",
      "revenue": 56037000,
      "gross_profit": null,
      "operating_income": -669000,
      "net_income": -7545000,
      "opex": 56706000,
      "cogs": null,
      "rd": null,
      "sga": 45033000,
      "fcf": 7222000,
      "ocf": 8119000,
      "capex": -897000,
      "gross_margin": null,
      "op_margin": -0.01193854060709888,
      "fcf_margin": 0.12887913342969823,
      "incr_op_margin_yoy": 2.699100572363042,
      "rev_growth_yoy": -0.021358714634998253,
      "rev_growth_yoy_accel": -0.0010940400697845368,
      "fcf_margin_change": -0.04197375092028796
    },
    {
      "date": "2024-09-30T00:00:00",
      "quarter_label": "2024-09 (Q3)",
      "revenue": 60864000,
      "gross_profit": null,
      "operating_income": 3554000,
      "net_income": 117910000,
      "opex": 57310000,
      "cogs": null,
      "rd": null,
      "sga": 44842000,
      "fcf": 14613000,
      "ocf": 15143000,
      "capex": -530000,
      "gross_margin": null,
      "op_margin": 0.05839248159831756,
      "fcf_margin": 0.24009266561514195,
      "incr_op_margin_yoy": 1.0083333333333333,
      "rev_growth_yoy": 0.038918476034412126,
      "rev_growth_yoy_accel": 0.06027719066941038,
      "op_leverage_ratio": 8.087131350182892,
      "fcf_margin_change": 0.11121353218544372
    },
    {
      "date": "2024-12-31T00:00:00",
      "quarter_label": "2024-12 (Q4)",
      "revenue": 52221000,
      "gross_profit": null,
      "operating_income": 2699000,
      "net_income": 2056000,
      "opex": 58992000,
      "cogs": null,
      "rd": null,
      "sga": 28900000,
      "fcf": 11024000,
      "ocf": 11495000,
      "capex": -471000,
      "gross_margin": null,
      "op_margin": 0.05168418835334444,
      "fcf_margin": 0.2111028130445606,
      "incr_op_margin_yoy": 2.0589481115425343,
      "rev_growth_yoy": -0.05145856795146583,
      "rev_growth_yoy_accel": -0.09037704398587795,
      "fcf_margin_change": -0.028989852570581343
    },
    {
      "date": "2025-03-31T00:00:00",
      "quarter_label": "2025-03 (Q1)",
      "revenue": 54135000,
      "gross_profit": null,
      "operating_income": 3964000,
      "net_income": -154000,
      "opex": 59095000,
      "cogs": null,
      "rd": null,
      "sga": 28687000,
      "fcf": -27623000,
      "ocf": -27122000,
      "capex": -501000,
      "gross_margin": null,
      "op_margin": 0.07322434654105477,
      "fcf_margin": -0.5102613835780918,
      "incr_op_margin_yoy": 1.423689016436212,
      "rev_growth_yoy": -0.06612268837979575,
      "rev_growth_yoy_accel": -0.014664120428329916,
      "op_leverage_ratio": 20.99194331484767,
      "fcf_margin_change": -0.7213641966226524
    },
    {
      "date": "2025-06-30T00:00:00",
      "quarter_label": "2025-06 (Q2)",
      "revenue": 51901000,
      "gross_profit": null,
      "operating_income": -4813000,
      "net_income": 12882000,
      "opex": 56714000,
      "cogs": null,
      "rd": null,
      "sga": 33018000,
      "fcf": 6807000,
      "ocf": 7351000,
      "capex": -544000,
      "gross_margin": null,
      "op_margin": -0.09273424404154063,
      "fcf_margin": 0.13115354232095722,
      "incr_op_margin_yoy": 1.001934235976789,
      "rev_growth_yoy": -0.07380837660831237,
      "rev_growth_yoy_accel": -0.007685688228516618,
      "fcf_margin_change": 0.641414925899049
    },
    {
      "date": "2025-09-30T00:00:00",
      "quarter_label": "2025-09 (Q3)",
      "revenue": 54901000,
      "gross_profit": null,
      "operating_income": 1476000,
      "net_income": 3089000,
      "opex": 53425000,
      "cogs": null,
      "rd": null,
      "sga": 28881000,
      "fcf": 13545000,
      "ocf": 13970000,
      "capex": -425000,
      "gross_margin": null,
      "op_margin": 0.02688475619751917,
      "fcf_margin": 0.24671681754430702,
      "incr_op_margin_yoy": 0.34848230756330706,
      "rev_growth_yoy": -0.09797252891692955,
      "rev_growth_yoy_accel": -0.02416415230861718,
      "op_leverage_ratio": null,
      "fcf_margin_change": 0.1155632752233498
    },
    {
      "date": "2025-12-31T00:00:00",
      "quarter_label": "2025-12 (Q4)",
      "revenue": 52671000,
      "gross_profit": null,
      "operating_income": 1609000,
      "net_income": 484000,
      "opex": 51062000,
      "cogs": null,
      "rd": null,
      "sga": 26989000,
      "fcf": 13808000,
      "ocf": 14123000,
      "capex": -315000,
      "gross_margin": null,
      "op_margin": 0.030548119458525563,
      "fcf_margin": 0.26215564542157926,
      "rev_growth_yoy": 0.008617222956281955,
      "rev_growth_yoy_accel": 0.1065897518732115,
      "fcf_margin_change": 0.015438827877272243
    }
  ],
  "signals": [
    {
      "quarter": "2025-12 (Q4)",
      "signal": "YoY REVENUE GROWTH ACCELERATION",
      "detail": "YoY growth: +0.9% vs prior quarter YoY: -9.8% (accel: +10.7%)",
      "severity": "MEDIUM"
    },
    {
      "quarter": "2025-09 (Q3)",
      "signal": "FCF MARGIN EXPANSION",
      "detail": "FCF margin: +13.1% -> +24.7% (+11.6%)",
      "severity": "MEDIUM"
    },
    {
      "quarter": "2025-09 (Q3)",
      "signal": "INCREMENTAL MARGIN (YoY)",
      "detail": "YoY Incr OPM: +34.8% vs year-ago OPM: +5.8%",
      "severity": "HIGH"
    },
    {
      "quarter": "2025-09 (Q3)",
      "signal": "OP MARGIN TURNED POSITIVE (QoQ)",
      "detail": "Op margin: -9.3% -> +2.7%",
      "severity": "HIGH"
    },
    {
      "quarter": "2025-06 (Q2)",
      "signal": "FCF TURNED POSITIVE",
      "detail": "FCF margin: -51.0% -> +13.1%",
      "severity": "HIGH"
    },
    {
      "quarter": "2025-03 (Q1)",
      "signal": "OPERATING LEVERAGE",
      "detail": "Rev growth +3.7% vs OpEx growth +0.2% (leverage: 21.0x)",
      "severity": "MEDIUM"
    },
    {
      "quarter": "2025-03 (Q1)",
      "signal": "INCREMENTAL MARGIN (YoY)",
      "detail": "YoY Incr OPM: +142.4% vs year-ago OPM: +16.3%",
      "severity": "HIGH"
    },
    {
      "quarter": "2024-12 (Q4)",
      "signal": "YoY REVENUE GROWTH DECELERATION",
      "detail": "YoY growth: -5.1% vs prior quarter YoY: +3.9% (decel: -9.0%)",
      "severity": "WARNING"
    },
    {
      "quarter": "2024-12 (Q4)",
      "signal": "INCREMENTAL MARGIN (YoY)",
      "detail": "YoY Incr OPM: +205.9% vs year-ago OPM: +15.5%",
      "severity": "HIGH"
    },
    {
      "quarter": "2024-09 (Q3)",
      "signal": "FCF MARGIN EXPANSION",
      "detail": "FCF margin: +12.9% -> +24.0% (+11.1%)",
      "severity": "MEDIUM"
    },
    {
      "quarter": "2024-09 (Q3)",
      "signal": "OPERATING LEVERAGE",
      "detail": "Rev growth +8.6% vs OpEx growth +1.1% (leverage: 8.1x)",
      "severity": "MEDIUM"
    },
    {
      "quarter": "2024-09 (Q3)",
      "signal": "YoY REVENUE GROWTH ACCELERATION",
      "detail": "YoY growth: +3.9% vs prior quarter YoY: -2.1% (accel: +6.0%)",
      "severity": "MEDIUM"
    },
    {
      "quarter": "2024-09 (Q3)",
      "signal": "INCREMENTAL MARGIN (YoY)",
      "detail": "YoY Incr OPM: +100.8% vs year-ago OPM: +2.1%",
      "severity": "HIGH"
    },
    {
      "quarter": "2024-09 (Q3)",
      "signal": "OP MARGIN TURNED POSITIVE (QoQ)",
      "detail": "Op margin: -1.2% -> +5.8%",
      "severity": "HIGH"
    },
    {
      "quarter": "2024-03 (Q1)",
      "signal": "OPERATING LEVERAGE",
      "detail": "Rev growth +5.3% vs OpEx growth +2.0% (leverage: 2.7x)",
      "severity": "MEDIUM"
    },
    {
      "quarter": "2024-03 (Q1)",
      "signal": "YoY REVENUE GROWTH DECELERATION",
      "detail": "YoY growth: -2.0% vs prior quarter YoY: +6.5% (decel: -8.5%)",
      "severity": "WARNING"
    },
    {
      "quarter": "2023-12 (Q4)",
      "signal": "FCF MARGIN EXPANSION",
      "detail": "FCF margin: +16.6% -> +24.9% (+8.3%)",
      "severity": "MEDIUM"
    },
    {
      "quarter": "2023-12 (Q4)",
      "signal": "GROSS MARGIN INFLECTION",
      "detail": "GM: +148.3% -> +147.4% -> +150.0% (reversal +2.6%)",
      "severity": "MEDIUM"
    },
    {
      "quarter": "2023-12 (Q4)",
      "signal": "YoY REVENUE GROWTH ACCELERATION",
      "detail": "YoY growth: +6.5% vs prior quarter YoY: -31.3% (accel: +37.7%)",
      "severity": "HIGH"
    },
    {
      "quarter": "2023-12 (Q4)",
      "signal": "INCREMENTAL MARGIN (YoY)",
      "detail": "YoY Incr OPM: +80.6% vs year-ago OPM: +11.3%",
      "severity": "HIGH"
    },
    {
      "quarter": "2023-09 (Q3)",
      "signal": "FCF TURNED POSITIVE",
      "detail": "FCF margin: -0.5% -> +16.6%",
      "severity": "HIGH"
    },
    {
      "quarter": "2023-09 (Q3)",
      "signal": "INCREMENTAL MARGIN (YoY)",
      "detail": "YoY Incr OPM: +22.4% vs year-ago OPM: +8.5%",
      "severity": "MEDIUM"
    },
    {
      "quarter": "2023-06 (Q2)",
      "signal": "GROSS MARGIN INFLECTION",
      "detail": "GM: +149.4% -> +143.3% -> +148.3% (reversal +5.1%)",
      "severity": "HIGH"
    },
    {
      "quarter": "2023-06 (Q2)",
      "signal": "OP MARGIN TURNED POSITIVE (YoY)",
      "detail": "Op margin: -3.4% (year-ago) -> +4.6%",
      "severity": "HIGH"
    },
    {
      "quarter": "2023-03 (Q1)",
      "signal": "YoY REVENUE GROWTH ACCELERATION",
      "detail": "YoY growth: -24.3% vs prior quarter YoY: -30.1% (accel: +5.8%)",
      "severity": "MEDIUM"
    },
    {
      "quarter": "2023-03 (Q1)",
      "signal": "OP MARGIN TURNED POSITIVE (YoY)",
      "detail": "Op margin: -7.9% (year-ago) -> +9.2%",
      "severity": "HIGH"
    },
    {
      "quarter": "2022-12 (Q4)",
      "signal": "FCF MARGIN EXPANSION",
      "detail": "FCF margin: +8.3% -> +32.4% (+24.1%)",
      "severity": "MEDIUM"
    },
    {
      "quarter": "2022-12 (Q4)",
      "signal": "GROSS MARGIN INFLECTION",
      "detail": "GM: +88.7% -> +88.4% -> +149.4% (reversal +61.1%)",
      "severity": "HIGH"
    },
    {
      "quarter": "2022-12 (Q4)",
      "signal": "YoY REVENUE GROWTH DECELERATION",
      "detail": "YoY growth: -30.1% vs prior quarter YoY: +26.9% (decel: -57.0%)",
      "severity": "WARNING"
    },
    {
      "quarter": "2022-12 (Q4)",
      "signal": "OP MARGIN TURNED POSITIVE (YoY)",
      "detail": "Op margin: -1.0% (year-ago) -> +11.3%",
      "severity": "HIGH"
    },
    {
      "quarter": "2022-09 (Q3)",
      "signal": "INCREMENTAL MARGIN (YoY)",
      "detail": "YoY Incr OPM: +36.5% vs year-ago OPM: +0.9%",
      "severity": "HIGH"
    },
    {
      "quarter": "2022-09 (Q3)",
      "signal": "OP MARGIN TURNED POSITIVE (QoQ)",
      "detail": "Op margin: -3.4% -> +8.5%",
      "severity": "HIGH"
    },
    {
      "quarter": "2022-06 (Q2)",
      "signal": "YoY REVENUE GROWTH DECELERATION",
      "detail": "YoY growth: +27.6% vs prior quarter YoY: +58.8% (decel: -31.2%)",
      "severity": "WARNING"
    },
    {
      "quarter": "2021-12 (Q4)",
      "signal": "FCF MARGIN EXPANSION",
      "detail": "FCF margin: +14.8% -> +29.1% (+14.3%)",
      "severity": "MEDIUM"
    },
    {
      "quarter": "2021-09 (Q3)",
      "signal": "FCF MARGIN EXPANSION",
      "detail": "FCF margin: +5.7% -> +14.8% (+9.0%)",
      "severity": "MEDIUM"
    },
    {
      "quarter": "2021-09 (Q3)",
      "signal": "OPERATING LEVERAGE",
      "detail": "Rev growth +6.4% vs OpEx growth +4.0% (leverage: 1.6x)",
      "severity": "MEDIUM"
    },
    {
      "quarter": "2021-09 (Q3)",
      "signal": "GROSS MARGIN INFLECTION",
      "detail": "GM: +87.5% -> +85.6% -> +93.5% (reversal +7.9%)",
      "severity": "HIGH"
    },
    {
      "quarter": "2021-09 (Q3)",
      "signal": "OP MARGIN TURNED POSITIVE (QoQ)",
      "detail": "Op margin: -3.2% -> +0.9%",
      "severity": "HIGH"
    }
  ],
  "data_quality": {
    "n_quarters": 20,
    "coverage": {
      "revenue": [
        20,
        20
      ],
      "gross_profit": [
        13,
        20
      ],
      "op_income": [
        20,
        20
      ],
      "fcf": [
        20,
        20
      ]
    },
    "gaps": [],
    "warnings": [
      "gross_profit: 13/20Q"
    ]
  },
  "market_cap": null,
  "source": "SEC EDGAR",
  "last_updated": "2026-02-09T19:10:49.880344"
}