{
  "ticker": "ILMN",
  "name": "Illumina, Inc.",
  "quarters": [
    {
      "date": "2021-01-03T00:00:00",
      "quarter_label": "2021-01 (Q1)",
      "revenue": 953000000,
      "gross_profit": 630000000,
      "operating_income": 133000000,
      "net_income": 257000000,
      "opex": 497000000,
      "cogs": 323000000,
      "rd": 199000000,
      "sga": 298000000,
      "fcf": 344000000,
      "ocf": 406000000,
      "capex": -62000000,
      "gross_margin": 0.6610703043022036,
      "op_margin": 0.13955928646379853,
      "fcf_margin": 0.36096537250786986
    },
    {
      "date": "2021-04-04T00:00:00",
      "quarter_label": "2021-04 (Q2)",
      "revenue": 1093000000,
      "gross_profit": 764000000,
      "operating_income": 193000000,
      "net_income": 147000000,
      "opex": 571000000,
      "cogs": 329000000,
      "rd": 197000000,
      "sga": 374000000,
      "fcf": 240000000,
      "ocf": 282000000,
      "capex": -42000000,
      "gross_margin": 0.6989935956084172,
      "op_margin": 0.17657822506861848,
      "fcf_margin": 0.21957913998170173,
      "op_leverage_ratio": 0.9866424661807662,
      "fcf_margin_change": -0.14138623252616814
    },
    {
      "date": "2021-07-04T00:00:00",
      "quarter_label": "2021-07 (Q3)",
      "revenue": 1126000000,
      "gross_profit": 802000000,
      "operating_income": 187000000,
      "net_income": 185000000,
      "opex": 615000000,
      "cogs": 324000000,
      "rd": 202000000,
      "sga": 413000000,
      "fcf": 209000000,
      "ocf": 253000000,
      "capex": -44000000,
      "gross_margin": 0.7122557726465364,
      "op_margin": 0.1660746003552398,
      "fcf_margin": 0.18561278863232683,
      "op_leverage_ratio": 0.391811527904849,
      "fcf_margin_change": -0.033966351349374896
    },
    {
      "date": "2021-10-03T00:00:00",
      "quarter_label": "2021-10 (Q4)",
      "revenue": 1108000000,
      "gross_profit": 770000000,
      "operating_income": -545000000,
      "net_income": 317000000,
      "opex": 1315000000,
      "cogs": 338000000,
      "rd": 436000000,
      "sga": 879000000,
      "fcf": -324000000,
      "ocf": -272000000,
      "capex": -52000000,
      "gross_margin": 0.6949458483754513,
      "op_margin": -0.4918772563176895,
      "fcf_margin": -0.2924187725631769,
      "fcf_margin_change": -0.4780315611955037
    },
    {
      "date": "2022-01-02T00:00:00",
      "quarter_label": "2022-01 (Q1)",
      "revenue": 1199000000,
      "gross_profit": 817000000,
      "operating_income": 41000000,
      "net_income": 113000000,
      "opex": 776000000,
      "cogs": 382000000,
      "rd": 350000000,
      "sga": 426000000,
      "fcf": 212000000,
      "ocf": 282000000,
      "capex": -70000000,
      "gross_margin": 0.6814011676396997,
      "op_margin": 0.03419516263552961,
      "fcf_margin": 0.176814011676397,
      "incr_op_margin_yoy": -0.37398373983739835,
      "rev_growth_yoy": 0.25813221406086045,
      "op_leverage_ratio": Infinity,
      "fcf_margin_change": 0.4692327842395739
    },
    {
      "date": "2022-04-03T00:00:00",
      "quarter_label": "2022-04 (Q2)",
      "revenue": 1223000000,
      "gross_profit": 815000000,
      "operating_income": 184000000,
      "net_income": 86000000,
      "opex": 631000000,
      "cogs": 408000000,
      "rd": 323000000,
      "sga": 308000000,
      "fcf": 111000000,
      "ocf": 172000000,
      "capex": -61000000,
      "gross_margin": 0.6663941128372853,
      "op_margin": 0.15044971381847916,
      "fcf_margin": 0.09076042518397383,
      "incr_op_margin_yoy": -0.06923076923076923,
      "rev_growth_yoy": 0.11893870082342177,
      "rev_growth_yoy_accel": -0.13919351323743867,
      "op_leverage_ratio": Infinity,
      "fcf_margin_change": -0.08605358649242316
    },
    {
      "date": "2022-07-03T00:00:00",
      "quarter_label": "2022-07 (Q3)",
      "revenue": 1162000000,
      "gross_profit": 767000000,
      "operating_income": -579000000,
      "net_income": -535000000,
      "opex": 1346000000,
      "cogs": 395000000,
      "rd": 327000000,
      "sga": 410000000,
      "fcf": 54000000,
      "ocf": 125000000,
      "capex": -71000000,
      "gross_margin": 0.6600688468158348,
      "op_margin": -0.49827882960413084,
      "fcf_margin": 0.04647160068846816,
      "incr_op_margin_yoy": -21.27777777777778,
      "rev_growth_yoy": 0.03197158081705151,
      "rev_growth_yoy_accel": -0.08696712000637026,
      "fcf_margin_change": -0.04428882449550567
    },
    {
      "date": "2022-10-02T00:00:00",
      "quarter_label": "2022-10 (Q4)",
      "revenue": 1115000000,
      "gross_profit": 717000000,
      "operating_income": -3657000000,
      "net_income": -3816000000,
      "opex": 4374000000,
      "cogs": 398000000,
      "rd": 325000000,
      "sga": 146000000,
      "fcf": -118000000,
      "ocf": -52000000,
      "capex": -66000000,
      "gross_margin": 0.6430493273542601,
      "op_margin": -3.2798206278026907,
      "fcf_margin": -0.10582959641255606,
      "incr_op_margin_yoy": -444.57142857142856,
      "rev_growth_yoy": 0.00631768953068592,
      "rev_growth_yoy_accel": -0.02565389128636559,
      "fcf_margin_change": -0.15230119710102422
    },
    {
      "date": "2023-01-01T00:00:00",
      "quarter_label": "2023-01 (Q1)",
      "revenue": 1083000000,
      "gross_profit": 672000000,
      "operating_income": -127000000,
      "net_income": -139000000,
      "opex": 799000000,
      "cogs": 411000000,
      "rd": 346000000,
      "sga": 432000000,
      "fcf": 59000000,
      "ocf": 147000000,
      "capex": -88000000,
      "gross_margin": 0.6204986149584487,
      "op_margin": -0.1172668513388735,
      "fcf_margin": 0.05447830101569714,
      "incr_op_margin_yoy": 1.4482758620689655,
      "rev_growth_yoy": -0.09674728940783987,
      "rev_growth_yoy_accel": -0.10306497893852579,
      "fcf_margin_change": 0.1603078974282532
    },
    {
      "date": "2023-04-02T00:00:00",
      "quarter_label": "2023-04 (Q2)",
      "revenue": 1087000000,
      "gross_profit": 655000000,
      "operating_income": -64000000,
      "net_income": 3000000,
      "opex": 719000000,
      "cogs": 432000000,
      "rd": 341000000,
      "sga": 378000000,
      "fcf": -42000000,
      "ocf": 10000000,
      "capex": -52000000,
      "gross_margin": 0.6025758969641214,
      "op_margin": -0.05887764489420423,
      "fcf_margin": -0.03863845446182153,
      "incr_op_margin_yoy": 1.8235294117647058,
      "rev_growth_yoy": -0.11120196238757155,
      "rev_growth_yoy_accel": -0.014454672979731673,
      "fcf_margin_change": -0.09311675547751866
    },
    {
      "date": "2023-07-02T00:00:00",
      "quarter_label": "2023-07 (Q3)",
      "revenue": 1176000000,
      "gross_profit": 732000000,
      "operating_income": -88000000,
      "net_income": -234000000,
      "opex": 820000000,
      "cogs": 444000000,
      "rd": 358000000,
      "sga": 450000000,
      "fcf": 58000000,
      "ocf": 105000000,
      "capex": -47000000,
      "gross_margin": 0.6224489795918368,
      "op_margin": -0.07482993197278912,
      "fcf_margin": 0.04931972789115646,
      "incr_op_margin_yoy": 35.07142857142857,
      "rev_growth_yoy": 0.012048192771084338,
      "rev_growth_yoy_accel": 0.12325015515865588,
      "op_leverage_ratio": 0.5828650022315939,
      "fcf_margin_change": 0.08795818235297799
    },
    {
      "date": "2023-10-01T00:00:00",
      "quarter_label": "2023-10 (Q4)",
      "revenue": 1119000000,
      "gross_profit": 684000000,
      "operating_income": -754000000,
      "net_income": -754000000,
      "opex": 1438000000,
      "cogs": 435000000,
      "rd": 315000000,
      "sga": 303000000,
      "fcf": 94000000,
      "ocf": 139000000,
      "capex": -45000000,
      "gross_margin": 0.6112600536193029,
      "op_margin": -0.6738159070598749,
      "fcf_margin": 0.0840035746201966,
      "incr_op_margin_yoy": 725.75,
      "rev_growth_yoy": 0.003587443946188341,
      "rev_growth_yoy_accel": -0.008460748824895998,
      "fcf_margin_change": 0.03468384672904014
    },
    {
      "date": "2023-12-31T00:00:00",
      "quarter_label": "2023-12 (Q4)",
      "revenue": 1122000000,
      "gross_profit": 674000000,
      "operating_income": -164000000,
      "net_income": -176000000,
      "opex": 838000000,
      "cogs": 448000000,
      "rd": 341000000,
      "sga": 485000000,
      "fcf": 173000000,
      "ocf": 224000000,
      "capex": -51000000,
      "gross_margin": 0.6007130124777184,
      "op_margin": -0.14616755793226383,
      "fcf_margin": 0.15418894830659535,
      "incr_op_margin_yoy": -0.9487179487179487,
      "rev_growth_yoy": 0.036011080332409975,
      "rev_growth_yoy_accel": 0.03242363638622164,
      "fcf_margin_change": 0.07018537368639875
    },
    {
      "date": "2024-03-31T00:00:00",
      "quarter_label": "2024-03 (Q1)",
      "revenue": 1076000000,
      "gross_profit": 667000000,
      "operating_income": -111000000,
      "net_income": -126000000,
      "opex": 778000000,
      "cogs": 409000000,
      "rd": 339000000,
      "sga": 439000000,
      "fcf": 41000000,
      "ocf": 77000000,
      "capex": -36000000,
      "gross_margin": 0.6198884758364313,
      "op_margin": -0.10315985130111524,
      "fcf_margin": 0.03810408921933085,
      "incr_op_margin_yoy": 4.2727272727272725,
      "rev_growth_yoy": -0.010119595216191352,
      "rev_growth_yoy_accel": -0.04613067554860133,
      "fcf_margin_change": -0.1160848590872645
    },
    {
      "date": "2024-06-30T00:00:00",
      "quarter_label": "2024-06 (Q2)",
      "revenue": 1112000000,
      "gross_profit": 721000000,
      "operating_income": -1637000000,
      "net_income": -1988000000,
      "opex": 2358000000,
      "cogs": 391000000,
      "rd": 325000000,
      "sga": 147000000,
      "fcf": 49000000,
      "ocf": 80000000,
      "capex": -31000000,
      "gross_margin": 0.6483812949640287,
      "op_margin": -1.4721223021582734,
      "fcf_margin": 0.044064748201438846,
      "incr_op_margin_yoy": 24.203125,
      "rev_growth_yoy": -0.05442176870748299,
      "rev_growth_yoy_accel": -0.04430217349129164,
      "op_leverage_ratio": 0.016474518846171946,
      "fcf_margin_change": 0.005960658982107993
    },
    {
      "date": "2024-09-29T00:00:00",
      "quarter_label": "2024-09 (Q3)",
      "revenue": 1080000000,
      "gross_profit": 745000000,
      "operating_income": 741000000,
      "net_income": 705000000,
      "opex": 4000000,
      "cogs": 335000000,
      "rd": 253000000,
      "sga": 239000000,
      "fcf": 284000000,
      "ocf": 316000000,
      "capex": -32000000,
      "gross_margin": 0.6898148148148148,
      "op_margin": 0.6861111111111111,
      "fcf_margin": 0.26296296296296295,
      "incr_op_margin_yoy": -38.333333333333336,
      "rev_growth_yoy": -0.03485254691689008,
      "rev_growth_yoy_accel": 0.01956922179059291,
      "fcf_margin_change": 0.2188982147615241
    },
    {
      "date": "2024-12-29T00:00:00",
      "quarter_label": "2024-12 (Q4)",
      "revenue": 1104000000,
      "gross_profit": 728000000,
      "operating_income": 175000000,
      "net_income": 186000000,
      "opex": 553000000,
      "cogs": 376000000,
      "rd": 256000000,
      "sga": 279000000,
      "fcf": 335000000,
      "ocf": 364000000,
      "capex": -29000000,
      "gross_margin": 0.6594202898550725,
      "op_margin": 0.1585144927536232,
      "fcf_margin": 0.30344202898550726,
      "incr_op_margin_yoy": -18.833333333333332,
      "rev_growth_yoy": -0.016042780748663103,
      "rev_growth_yoy_accel": 0.01880976616822698,
      "op_leverage_ratio": 0.00016191054442420564,
      "fcf_margin_change": 0.04047906602254431
    },
    {
      "date": "2025-03-30T00:00:00",
      "quarter_label": "2025-03 (Q1)",
      "revenue": 1041000000,
      "gross_profit": 683000000,
      "operating_income": 164000000,
      "net_income": 131000000,
      "opex": 519000000,
      "cogs": 358000000,
      "rd": 252000000,
      "sga": 267000000,
      "fcf": 208000000,
      "ocf": 240000000,
      "capex": -32000000,
      "gross_margin": 0.6560999039385207,
      "op_margin": 0.1575408261287224,
      "fcf_margin": 0.19980787704130643,
      "incr_op_margin_yoy": -7.857142857142857,
      "rev_growth_yoy": -0.032527881040892194,
      "rev_growth_yoy_accel": -0.01648510029222909,
      "fcf_margin_change": -0.10363415194420084
    },
    {
      "date": "2025-06-29T00:00:00",
      "quarter_label": "2025-06 (Q2)",
      "revenue": 1059000000,
      "gross_profit": 695000000,
      "operating_income": 214000000,
      "net_income": 235000000,
      "opex": 481000000,
      "cogs": 364000000,
      "rd": 247000000,
      "sga": 234000000,
      "fcf": 204000000,
      "ocf": 234000000,
      "capex": -30000000,
      "gross_margin": 0.6562795089707271,
      "op_margin": 0.20207743153918792,
      "fcf_margin": 0.19263456090651557,
      "incr_op_margin_yoy": -34.924528301886795,
      "rev_growth_yoy": -0.047661870503597124,
      "rev_growth_yoy_accel": -0.01513398946270493,
      "op_leverage_ratio": Infinity,
      "fcf_margin_change": -0.007173316134790858
    },
    {
      "date": "2025-09-28T00:00:00",
      "quarter_label": "2025-09 (Q3)",
      "revenue": 1084000000,
      "gross_profit": 733000000,
      "operating_income": 227000000,
      "net_income": 150000000,
      "opex": 506000000,
      "cogs": 351000000,
      "rd": 229000000,
      "sga": 277000000,
      "fcf": 253000000,
      "ocf": 284000000,
      "capex": -31000000,
      "gross_margin": 0.6761992619926199,
      "op_margin": 0.20940959409594095,
      "fcf_margin": 0.2333948339483395,
      "incr_op_margin_yoy": -128.5,
      "rev_growth_yoy": 0.003703703703703704,
      "rev_growth_yoy_accel": 0.051365574207300826,
      "op_leverage_ratio": 0.4542020774315392,
      "fcf_margin_change": 0.04076027304182392
    }
  ],
  "signals": [
    {
      "quarter": "2025-09 (Q3)",
      "signal": "YoY REVENUE GROWTH ACCELERATION",
      "detail": "YoY growth: +0.4% vs prior quarter YoY: -4.8% (accel: +5.1%)",
      "severity": "MEDIUM"
    },
    {
      "quarter": "2025-06 (Q2)",
      "signal": "OP MARGIN TURNED POSITIVE (YoY)",
      "detail": "Op margin: -147.2% (year-ago) -> +20.2%",
      "severity": "HIGH"
    },
    {
      "quarter": "2025-03 (Q1)",
      "signal": "OP MARGIN TURNED POSITIVE (YoY)",
      "detail": "Op margin: -10.3% (year-ago) -> +15.8%",
      "severity": "HIGH"
    },
    {
      "quarter": "2024-12 (Q4)",
      "signal": "OP MARGIN TURNED POSITIVE (YoY)",
      "detail": "Op margin: -14.6% (year-ago) -> +15.9%",
      "severity": "HIGH"
    },
    {
      "quarter": "2024-09 (Q3)",
      "signal": "FCF MARGIN EXPANSION",
      "detail": "FCF margin: +4.4% -> +26.3% (+21.9%)",
      "severity": "MEDIUM"
    },
    {
      "quarter": "2024-09 (Q3)",
      "signal": "OP MARGIN TURNED POSITIVE (YoY)",
      "detail": "Op margin: -67.4% (year-ago) -> +68.6%",
      "severity": "HIGH"
    },
    {
      "quarter": "2024-09 (Q3)",
      "signal": "OP MARGIN TURNED POSITIVE (QoQ)",
      "detail": "Op margin: -147.2% -> +68.6%",
      "severity": "HIGH"
    },
    {
      "quarter": "2023-12 (Q4)",
      "signal": "FCF MARGIN EXPANSION",
      "detail": "FCF margin: +8.4% -> +15.4% (+7.0%)",
      "severity": "MEDIUM"
    },
    {
      "quarter": "2023-07 (Q3)",
      "signal": "FCF TURNED POSITIVE",
      "detail": "FCF margin: -3.9% -> +4.9%",
      "severity": "HIGH"
    },
    {
      "quarter": "2023-07 (Q3)",
      "signal": "YoY REVENUE GROWTH ACCELERATION",
      "detail": "YoY growth: +1.2% vs prior quarter YoY: -11.1% (accel: +12.3%)",
      "severity": "MEDIUM"
    },
    {
      "quarter": "2023-01 (Q1)",
      "signal": "FCF TURNED POSITIVE",
      "detail": "FCF margin: -10.6% -> +5.4%",
      "severity": "HIGH"
    },
    {
      "quarter": "2023-01 (Q1)",
      "signal": "YoY REVENUE GROWTH DECELERATION",
      "detail": "YoY growth: -9.7% vs prior quarter YoY: +0.6% (decel: -10.3%)",
      "severity": "WARNING"
    },
    {
      "quarter": "2022-07 (Q3)",
      "signal": "YoY REVENUE GROWTH DECELERATION",
      "detail": "YoY growth: +3.2% vs prior quarter YoY: +11.9% (decel: -8.7%)",
      "severity": "WARNING"
    },
    {
      "quarter": "2022-04 (Q2)",
      "signal": "YoY REVENUE GROWTH DECELERATION",
      "detail": "YoY growth: +11.9% vs prior quarter YoY: +25.8% (decel: -13.9%)",
      "severity": "WARNING"
    },
    {
      "quarter": "2022-01 (Q1)",
      "signal": "FCF TURNED POSITIVE",
      "detail": "FCF margin: -29.2% -> +17.7%",
      "severity": "HIGH"
    },
    {
      "quarter": "2022-01 (Q1)",
      "signal": "OP MARGIN TURNED POSITIVE (QoQ)",
      "detail": "Op margin: -49.2% -> +3.4%",
      "severity": "HIGH"
    }
  ],
  "data_quality": {
    "n_quarters": 20,
    "coverage": {
      "revenue": [
        20,
        20
      ],
      "gross_profit": [
        20,
        20
      ],
      "op_income": [
        20,
        20
      ],
      "fcf": [
        20,
        20
      ]
    },
    "gaps": [],
    "warnings": []
  },
  "market_cap": null,
  "source": "SEC EDGAR",
  "last_updated": "2026-02-02T20:14:58.171070"
}