{
  "ticker": "IMCR",
  "name": "Immunocore Holdings plc",
  "quarters": [
    {
      "date": "2023-03-31T00:00:00",
      "quarter_label": "2023-03 (Q1)",
      "revenue": 54659000,
      "gross_profit": 54443000,
      "operating_income": -14696000,
      "net_income": -19449000,
      "opex": 69139000,
      "cogs": 216000,
      "rd": 36572000,
      "sga": 32567000,
      "fcf": 7538000,
      "ocf": 10539000,
      "capex": -3001000,
      "gross_margin": 0.9960482262756363,
      "op_margin": -0.2688669752465285,
      "fcf_margin": 0.13790958488080646
    },
    {
      "date": "2023-06-30T00:00:00",
      "quarter_label": "2023-06 (Q2)",
      "revenue": 59757000,
      "gross_profit": 59411000,
      "operating_income": -13757000,
      "net_income": -17014000,
      "opex": 73168000,
      "cogs": 346000,
      "rd": 38158000,
      "sga": 35010000,
      "fcf": -1350000,
      "ocf": 45000,
      "capex": -1395000,
      "gross_margin": 0.9942098833609452,
      "op_margin": -0.23021570694646654,
      "fcf_margin": -0.022591495557005875,
      "op_leverage_ratio": 1.6005305776520216,
      "fcf_margin_change": -0.16050108043781233
    },
    {
      "date": "2023-09-30T00:00:00",
      "quarter_label": "2023-09 (Q3)",
      "revenue": 64850000,
      "gross_profit": 64574000,
      "operating_income": -14144000,
      "net_income": 906000,
      "opex": 78718000,
      "cogs": 276000,
      "rd": 43249000,
      "sga": 35469000,
      "fcf": 9877000,
      "ocf": 10089000,
      "capex": -212000,
      "gross_margin": 0.9957440246723207,
      "op_margin": -0.21810331534309946,
      "fcf_margin": 0.1523053199691596,
      "op_leverage_ratio": 1.1236035191775944,
      "fcf_margin_change": 0.17489681552616548
    },
    {
      "date": "2023-12-31T00:00:00",
      "quarter_label": "2023-12 (Q4)",
      "revenue": 70162000,
      "gross_profit": 69962000,
      "operating_income": -17052000,
      "net_income": -19730000,
      "opex": 87014000,
      "cogs": 200000,
      "rd": 45565000,
      "sga": 41449000,
      "fcf": -18550000,
      "ocf": -17733000,
      "capex": -817000,
      "gross_margin": 0.9971494541204641,
      "op_margin": -0.2430375416892335,
      "fcf_margin": -0.2643881303269576,
      "op_leverage_ratio": 0.7772368695952161,
      "fcf_margin_change": -0.41669345029611726
    },
    {
      "date": "2024-03-31T00:00:00",
      "quarter_label": "2024-03 (Q1)",
      "revenue": 70502000,
      "gross_profit": 70256000,
      "operating_income": -26490000,
      "net_income": -24436000,
      "opex": 96746000,
      "cogs": 246000,
      "rd": 57459000,
      "sga": 39287000,
      "fcf": -5017000,
      "ocf": -4587000,
      "capex": -430000,
      "gross_margin": 0.9965107372840487,
      "op_margin": -0.37573402172988,
      "fcf_margin": -0.07116110181271454,
      "incr_op_margin_yoy": -0.7444297165940794,
      "rev_growth_yoy": 0.2898516255328491,
      "fcf_margin_change": 0.1932270285142431
    },
    {
      "date": "2024-06-30T00:00:00",
      "quarter_label": "2024-06 (Q2)",
      "revenue": 75400000,
      "gross_profit": 73693000,
      "operating_income": -16017000,
      "net_income": -11616000,
      "opex": 89710000,
      "cogs": 1707000,
      "rd": 51072000,
      "sga": 38638000,
      "fcf": 23141000,
      "ocf": 23472000,
      "capex": -331000,
      "gross_margin": 0.9773607427055703,
      "op_margin": -0.21242705570291778,
      "fcf_margin": 0.3069098143236074,
      "incr_op_margin_yoy": -0.14447356645144793,
      "rev_growth_yoy": 0.2617768629616614,
      "rev_growth_yoy_accel": -0.028074762571187684,
      "op_leverage_ratio": Infinity,
      "fcf_margin_change": 0.37807091613632193
    },
    {
      "date": "2024-09-30T00:00:00",
      "quarter_label": "2024-09 (Q3)",
      "revenue": 80248000,
      "gross_profit": 79800000,
      "operating_income": -8502000,
      "net_income": 8736000,
      "opex": 88302000,
      "cogs": 448000,
      "rd": 52770000,
      "sga": 35532000,
      "fcf": 20299000,
      "ocf": 21127000,
      "capex": -828000,
      "gross_margin": 0.994417306350314,
      "op_margin": -0.10594656564649586,
      "fcf_margin": 0.25295334463164193,
      "incr_op_margin_yoy": 0.3664112222366541,
      "rev_growth_yoy": 0.2374402467232074,
      "rev_growth_yoy_accel": -0.024336616238454012,
      "op_leverage_ratio": Infinity,
      "fcf_margin_change": -0.05395646969196549
    },
    {
      "date": "2024-12-31T00:00:00",
      "quarter_label": "2024-12 (Q4)",
      "revenue": 84052000,
      "gross_profit": 83722000,
      "operating_income": -19452000,
      "net_income": -23771000,
      "opex": 103174000,
      "cogs": 330000,
      "rd": 60850000,
      "sga": 42324000,
      "fcf": -17535000,
      "ocf": -13951000,
      "capex": -3584000,
      "gross_margin": 0.9960738590396421,
      "op_margin": -0.2314281635178223,
      "fcf_margin": -0.20862085375719794,
      "incr_op_margin_yoy": -0.17278617710583152,
      "rev_growth_yoy": 0.1979704113337704,
      "rev_growth_yoy_accel": -0.03946983538943699,
      "op_leverage_ratio": 0.2814540188996682,
      "fcf_margin_change": -0.46157419838883984
    },
    {
      "date": "2025-03-31T00:00:00",
      "quarter_label": "2025-03 (Q1)",
      "revenue": 93881000,
      "gross_profit": 93050000,
      "operating_income": -3616000,
      "net_income": 5023000,
      "opex": 96666000,
      "cogs": 831000,
      "rd": 56468000,
      "sga": 40198000,
      "fcf": 137000,
      "ocf": 435000,
      "capex": -298000,
      "gross_margin": 0.9911483686794985,
      "op_margin": -0.03851684579414365,
      "fcf_margin": 0.0014592942128865266,
      "incr_op_margin_yoy": 0.9783994182813636,
      "rev_growth_yoy": 0.33160761396839805,
      "rev_growth_yoy_accel": 0.13363720263462764,
      "op_leverage_ratio": Infinity,
      "fcf_margin_change": 0.21008014797008445
    },
    {
      "date": "2025-06-30T00:00:00",
      "quarter_label": "2025-06 (Q2)",
      "revenue": 97964000,
      "gross_profit": 96924000,
      "operating_income": -14875000,
      "net_income": -10300000,
      "opex": 111799000,
      "cogs": 1040000,
      "rd": 69008000,
      "sga": 42791000,
      "fcf": 25550000,
      "ocf": 25964000,
      "capex": -414000,
      "gross_margin": 0.9893838552937814,
      "op_margin": -0.151841492793271,
      "fcf_margin": 0.2608100935037361,
      "incr_op_margin_yoy": 0.05061159368906222,
      "rev_growth_yoy": 0.2992572944297082,
      "rev_growth_yoy_accel": -0.03235031953868983,
      "op_leverage_ratio": 0.27781160845145586,
      "fcf_margin_change": 0.25935079929084953
    },
    {
      "date": "2025-09-30T00:00:00",
      "quarter_label": "2025-09 (Q3)",
      "revenue": 103693000,
      "gross_profit": 103180000,
      "operating_income": -7171000,
      "net_income": -177000,
      "opex": 110351000,
      "cogs": 513000,
      "rd": 70572000,
      "sga": 39779000,
      "fcf": -5204000,
      "ocf": -4456000,
      "capex": -748000,
      "gross_margin": 0.9950527036540557,
      "op_margin": -0.06915606646543161,
      "fcf_margin": -0.05018660854638211,
      "incr_op_margin_yoy": 0.05677116656003412,
      "rev_growth_yoy": 0.29215681387698134,
      "rev_growth_yoy_accel": -0.007100480552726884,
      "op_leverage_ratio": Infinity,
      "fcf_margin_change": -0.3109967020501182
    }
  ],
  "signals": [
    {
      "quarter": "2025-06 (Q2)",
      "signal": "FCF MARGIN EXPANSION",
      "detail": "FCF margin: +0.1% -> +26.1% (+25.9%)",
      "severity": "MEDIUM"
    },
    {
      "quarter": "2025-03 (Q1)",
      "signal": "FCF TURNED POSITIVE",
      "detail": "FCF margin: -20.9% -> +0.1%",
      "severity": "HIGH"
    },
    {
      "quarter": "2025-03 (Q1)",
      "signal": "YoY REVENUE GROWTH ACCELERATION",
      "detail": "YoY growth: +33.2% vs prior quarter YoY: +19.8% (accel: +13.4%)",
      "severity": "MEDIUM"
    },
    {
      "quarter": "2024-06 (Q2)",
      "signal": "FCF TURNED POSITIVE",
      "detail": "FCF margin: -7.1% -> +30.7%",
      "severity": "HIGH"
    },
    {
      "quarter": "2024-03 (Q1)",
      "signal": "FCF MARGIN EXPANSION",
      "detail": "FCF margin: -26.4% -> -7.1% (+19.3%)",
      "severity": "MEDIUM"
    },
    {
      "quarter": "2023-09 (Q3)",
      "signal": "FCF TURNED POSITIVE",
      "detail": "FCF margin: -2.3% -> +15.2%",
      "severity": "HIGH"
    },
    {
      "quarter": "2023-06 (Q2)",
      "signal": "OPERATING LEVERAGE",
      "detail": "Rev growth +9.3% vs OpEx growth +5.8% (leverage: 1.6x)",
      "severity": "MEDIUM"
    }
  ],
  "data_quality": {
    "n_quarters": 11,
    "coverage": {
      "revenue": [
        11,
        11
      ],
      "gross_profit": [
        11,
        11
      ],
      "op_income": [
        11,
        11
      ],
      "fcf": [
        11,
        11
      ]
    },
    "gaps": [],
    "warnings": []
  },
  "market_cap": null,
  "source": "SEC EDGAR",
  "last_updated": "2026-02-02T21:41:31.045419"
}