{
  "ticker": "IMG",
  "name": "CIMG Inc.",
  "sector": "Consumer Defensive",
  "industry": "Packaged Foods",
  "quarters": [
    {
      "date": "2020-09-30T00:00:00",
      "quarter_label": "2020-09 (Q3)",
      "revenue": 271569,
      "gross_profit": -119611,
      "operating_income": null,
      "net_income": null,
      "opex": 751720,
      "cogs": 391180,
      "rd": null,
      "sga": null,
      "fcf": null,
      "ocf": null,
      "capex": -103532,
      "gross_margin": -0.4404442333256005,
      "op_margin": null,
      "fcf_margin": null
    },
    {
      "date": "2020-12-31T00:00:00",
      "quarter_label": "2020-12 (Q4)",
      "revenue": 517987,
      "gross_profit": 1703,
      "operating_income": -5902123,
      "net_income": -5896072,
      "opex": 5903826,
      "cogs": 516284,
      "rd": null,
      "sga": null,
      "fcf": -1758063,
      "ocf": -1699073,
      "capex": -58990,
      "gross_margin": 0.003287727298175437,
      "op_margin": -11.394345804045276,
      "fcf_margin": -3.3940291937828557,
      "op_leverage_ratio": 0.1323925510901387
    },
    {
      "date": "2021-03-31T00:00:00",
      "quarter_label": "2021-03 (Q1)",
      "revenue": 414064,
      "gross_profit": -9049,
      "operating_income": -6120808,
      "net_income": -6085608,
      "opex": 6111759,
      "cogs": 423113,
      "rd": null,
      "sga": null,
      "fcf": -1284972,
      "ocf": -1221408,
      "capex": -63564,
      "gross_margin": -0.02185410950964102,
      "op_margin": -14.782275203833224,
      "fcf_margin": -3.103317361567294,
      "fcf_margin_change": 0.29071183221556174
    },
    {
      "date": "2021-06-30T00:00:00",
      "quarter_label": "2021-06 (Q2)",
      "revenue": 510032,
      "gross_profit": 96586,
      "operating_income": -3109966,
      "net_income": -3067042,
      "opex": 3206552,
      "cogs": 413446,
      "rd": null,
      "sga": null,
      "fcf": -2302997,
      "ocf": -2284106,
      "capex": -18891,
      "gross_margin": 0.1893724315337077,
      "op_margin": -6.097589955140069,
      "fcf_margin": -4.515397073124824,
      "op_leverage_ratio": null,
      "fcf_margin_change": -1.4120797115575296
    },
    {
      "date": "2021-09-30T00:00:00",
      "quarter_label": "2021-09 (Q3)",
      "revenue": 484577,
      "gross_profit": -169333,
      "operating_income": -3506473,
      "net_income": -3503308,
      "opex": 3337140,
      "cogs": 653910,
      "rd": null,
      "sga": null,
      "fcf": -1876484,
      "ocf": -1902568,
      "capex": 26084,
      "gross_margin": -0.3494449798484039,
      "op_margin": -7.236152355559591,
      "fcf_margin": -3.872416561248264,
      "rev_growth_yoy": 0.7843605124296219,
      "fcf_margin_change": 0.6429805118765595
    },
    {
      "date": "2021-12-31T00:00:00",
      "quarter_label": "2021-12 (Q4)",
      "revenue": 1019253,
      "gross_profit": 15371,
      "operating_income": -2837422,
      "net_income": -2804203,
      "opex": 2852793,
      "cogs": 1003882,
      "rd": null,
      "sga": null,
      "fcf": -1582740,
      "ocf": -1579731,
      "capex": -3009,
      "gross_margin": 0.015080652203133078,
      "op_margin": -2.783825016948687,
      "fcf_margin": -1.5528431115728871,
      "rev_growth_yoy": 0.9677192670858535,
      "rev_growth_yoy_accel": 0.18335875465623164,
      "op_leverage_ratio": null,
      "fcf_margin_change": 2.319573449675377
    },
    {
      "date": "2022-03-31T00:00:00",
      "quarter_label": "2022-03 (Q1)",
      "revenue": 715073,
      "gross_profit": 981,
      "operating_income": -3195498,
      "net_income": -3223697,
      "opex": 3196479,
      "cogs": 714092,
      "rd": null,
      "sga": null,
      "fcf": -2736977,
      "ocf": -2574297,
      "capex": -162680,
      "gross_margin": 0.0013718879051509427,
      "op_margin": -4.468771719810425,
      "fcf_margin": -3.827549075409084,
      "rev_growth_yoy": 0.7269624985509486,
      "rev_growth_yoy_accel": -0.2407567685349049,
      "fcf_margin_change": -2.274705963836197
    },
    {
      "date": "2022-06-30T00:00:00",
      "quarter_label": "2022-06 (Q2)",
      "revenue": 774019,
      "gross_profit": -83653,
      "operating_income": -2630261,
      "net_income": -2633892,
      "opex": 2546608,
      "cogs": 857672,
      "rd": null,
      "sga": null,
      "fcf": -1572105,
      "ocf": -1523270,
      "capex": -48835,
      "gross_margin": -0.10807615833719844,
      "op_margin": -3.3981866078222884,
      "fcf_margin": -2.0310935519670705,
      "rev_growth_yoy": 0.5175890924491012,
      "rev_growth_yoy_accel": -0.2093734061018474,
      "op_leverage_ratio": null,
      "fcf_margin_change": 1.7964555234420136
    },
    {
      "date": "2022-09-30T00:00:00",
      "quarter_label": "2022-09 (Q3)",
      "revenue": 600817,
      "gross_profit": -43112,
      "operating_income": -2780941,
      "net_income": -3135920,
      "opex": 2737829,
      "cogs": 643929,
      "rd": null,
      "sga": null,
      "fcf": -1762064,
      "ocf": -1784823,
      "capex": 22759,
      "gross_margin": -0.07175562608914195,
      "op_margin": -4.628599057616546,
      "fcf_margin": -2.932779864750831,
      "rev_growth_yoy": 0.23987931742530083,
      "rev_growth_yoy_accel": -0.2777097750238004,
      "fcf_margin_change": -0.9016863127837604
    },
    {
      "date": "2022-12-31T00:00:00",
      "quarter_label": "2022-12 (Q4)",
      "revenue": 1136348,
      "gross_profit": 75532,
      "operating_income": -2201668,
      "net_income": -2183206,
      "opex": 2277200,
      "cogs": 1060816,
      "rd": null,
      "sga": null,
      "fcf": -1929960,
      "ocf": -1913446,
      "capex": -16514,
      "gross_margin": 0.06646907461446669,
      "op_margin": -1.9374944999243189,
      "fcf_margin": -1.6983881698212167,
      "rev_growth_yoy": 0.11488315462402367,
      "rev_growth_yoy_accel": -0.12499616280127716,
      "op_leverage_ratio": null,
      "fcf_margin_change": 1.2343916949296143
    },
    {
      "date": "2023-03-31T00:00:00",
      "quarter_label": "2023-03 (Q1)",
      "revenue": 781166,
      "gross_profit": 36630,
      "operating_income": -1946299,
      "net_income": -1967873,
      "opex": 1982929,
      "cogs": 744536,
      "rd": null,
      "sga": null,
      "fcf": -1736929,
      "ocf": -1736929,
      "capex": null,
      "gross_margin": 0.04689144176781888,
      "op_margin": -2.4915306093711194,
      "fcf_margin": -2.223508191600761,
      "rev_growth_yoy": 0.0924283254996343,
      "rev_growth_yoy_accel": -0.02245482912438937,
      "fcf_margin_change": -0.5251200217795442
    },
    {
      "date": "2023-06-30T00:00:00",
      "quarter_label": "2023-06 (Q2)",
      "revenue": 648607,
      "gross_profit": 52153,
      "operating_income": -2015762,
      "net_income": -2025337,
      "opex": 2067915,
      "cogs": 596454,
      "rd": null,
      "sga": null,
      "fcf": -1390303,
      "ocf": -1375004,
      "capex": -15299,
      "gross_margin": 0.0804077045113605,
      "op_margin": -3.1078326320869185,
      "fcf_margin": -2.1435214236047404,
      "rev_growth_yoy": -0.16202703034421637,
      "rev_growth_yoy_accel": -0.25445535584385065,
      "fcf_margin_change": 0.07998676799602045
    },
    {
      "date": "2023-09-30T00:00:00",
      "quarter_label": "2023-09 (Q3)",
      "revenue": 782710,
      "gross_profit": -155497,
      "operating_income": -2707888,
      "net_income": -2573051,
      "opex": 2552391,
      "cogs": 938207,
      "rd": null,
      "sga": null,
      "fcf": -1356181,
      "ocf": -1356181,
      "capex": null,
      "gross_margin": -0.1986648950441415,
      "op_margin": -3.4596312810619514,
      "fcf_margin": -1.7326736594651915,
      "rev_growth_yoy": 0.3027427652679601,
      "rev_growth_yoy_accel": 0.46476979561217646,
      "op_leverage_ratio": 0.8825052094610238,
      "fcf_margin_change": 0.41084776413954893
    },
    {
      "date": "2023-12-31T00:00:00",
      "quarter_label": "2023-12 (Q4)",
      "revenue": 1353986,
      "gross_profit": 175279,
      "operating_income": -2142955,
      "net_income": -2148611,
      "opex": 2318234,
      "cogs": 1178707,
      "rd": null,
      "sga": null,
      "fcf": -2500483,
      "ocf": -2193439,
      "capex": -307044,
      "gross_margin": 0.12945407116469446,
      "op_margin": -1.5827010028168682,
      "fcf_margin": -1.8467569088602098,
      "rev_growth_yoy": 0.1915240753712771,
      "rev_growth_yoy_accel": -0.11121868989668302,
      "op_leverage_ratio": null,
      "fcf_margin_change": -0.11408324939501835
    },
    {
      "date": "2024-03-31T00:00:00",
      "quarter_label": "2024-03 (Q1)",
      "revenue": 605761,
      "gross_profit": -146229,
      "operating_income": -1610752,
      "net_income": -1653931,
      "opex": 1464523,
      "cogs": 751990,
      "rd": null,
      "sga": null,
      "fcf": -415727,
      "ocf": -416530,
      "capex": 803,
      "gross_margin": -0.24139718469825558,
      "op_margin": -2.6590553039895273,
      "fcf_margin": -0.6862888168766229,
      "rev_growth_yoy": -0.22454254281420338,
      "rev_growth_yoy_accel": -0.4160666181854805,
      "fcf_margin_change": 1.1604680919835868
    },
    {
      "date": "2024-06-30T00:00:00",
      "quarter_label": "2024-06 (Q2)",
      "revenue": 366888,
      "gross_profit": -146213,
      "operating_income": -1481584,
      "net_income": -1440197,
      "opex": 1335371,
      "cogs": 513101,
      "rd": null,
      "sga": null,
      "fcf": -1664674,
      "ocf": -1660573,
      "capex": -4101,
      "gross_margin": -0.3985221648023375,
      "op_margin": -4.0382460042301735,
      "fcf_margin": -4.537281132116613,
      "rev_growth_yoy": -0.4343446802146754,
      "rev_growth_yoy_accel": -0.20980213740047204,
      "fcf_margin_change": -3.85099231523999
    },
    {
      "date": "2024-09-30T00:00:00",
      "quarter_label": "2024-09 (Q3)",
      "revenue": 288336,
      "gross_profit": 210354,
      "operating_income": -5483345,
      "net_income": -3312649,
      "opex": 1232445,
      "cogs": 77982,
      "rd": null,
      "sga": null,
      "fcf": -5709639,
      "ocf": -5700138,
      "capex": -9501,
      "gross_margin": 0.7295446978525054,
      "op_margin": -19.017205621219688,
      "fcf_margin": -19.802033044781087,
      "rev_growth_yoy": -0.6316183516244842,
      "rev_growth_yoy_accel": -0.19727367140980878,
      "fcf_margin_change": -15.264751912664474
    },
    {
      "date": "2024-12-31T00:00:00",
      "quarter_label": "2024-12 (Q4)",
      "revenue": 22853,
      "gross_profit": 15479,
      "operating_income": -1502279,
      "net_income": -1536249,
      "opex": 1517758,
      "cogs": 7374,
      "rd": null,
      "sga": null,
      "fcf": -1338781,
      "ocf": -1338781,
      "capex": null,
      "gross_margin": 0.677329015884129,
      "op_margin": -65.73662101255853,
      "fcf_margin": -58.58228678948059,
      "incr_op_margin_yoy": -0.48130126741655416,
      "rev_growth_yoy": -0.9831216866348692,
      "rev_growth_yoy_accel": -0.351503335010385,
      "fcf_margin_change": -38.78025374469951
    },
    {
      "date": "2025-06-30T00:00:00",
      "quarter_label": "2025-06 (Q2)",
      "revenue": 61578,
      "gross_profit": 5133,
      "operating_income": -1112157,
      "net_income": -1069173,
      "opex": 1117290,
      "cogs": 56445,
      "rd": null,
      "sga": null,
      "fcf": -939359,
      "ocf": -939359,
      "capex": null,
      "gross_margin": 0.08335769268245152,
      "op_margin": -18.060947091493716,
      "fcf_margin": -15.254782552210205,
      "rev_growth_yoy": -0.8321613135343756,
      "rev_growth_yoy_accel": 0.1509603731004936,
      "op_leverage_ratio": null,
      "fcf_margin_change": 43.32750423727039
    },
    {
      "date": "2025-09-30T00:00:00",
      "quarter_label": "2025-09 (Q3)",
      "revenue": 10213347,
      "gross_profit": 105229,
      "operating_income": -1831251,
      "net_income": -1892418,
      "opex": 1031606,
      "cogs": 10108118,
      "rd": null,
      "sga": null,
      "fcf": -6360300,
      "ocf": -6360300,
      "capex": null,
      "gross_margin": 0.010303086735425713,
      "op_margin": -0.17929979271241836,
      "fcf_margin": -0.6227439447616927,
      "incr_op_margin_yoy": 0.36796876094142367,
      "rev_growth_yoy": 34.421685117363076,
      "rev_growth_yoy_accel": 35.253846430897454,
      "op_leverage_ratio": null,
      "fcf_margin_change": 14.632038607448512
    }
  ],
  "signals": [
    {
      "quarter": "2025-09 (Q3)",
      "signal": "FCF MARGIN EXPANSION",
      "detail": "FCF margin: -1525.5% -> -62.3% (+1463.2%)",
      "severity": "MEDIUM"
    },
    {
      "quarter": "2025-09 (Q3)",
      "signal": "YoY REVENUE GROWTH ACCELERATION",
      "detail": "YoY growth: +3442.2% vs prior quarter YoY: -83.2% (accel: +3525.4%)",
      "severity": "HIGH"
    },
    {
      "quarter": "2025-06 (Q2)",
      "signal": "FCF MARGIN EXPANSION",
      "detail": "FCF margin: -5858.2% -> -1525.5% (+4332.8%)",
      "severity": "MEDIUM"
    },
    {
      "quarter": "2025-06 (Q2)",
      "signal": "YoY REVENUE GROWTH ACCELERATION",
      "detail": "YoY growth: -83.2% vs prior quarter YoY: -98.3% (accel: +15.1%)",
      "severity": "HIGH"
    },
    {
      "quarter": "2024-12 (Q4)",
      "signal": "YoY REVENUE GROWTH DECELERATION",
      "detail": "YoY growth: -98.3% vs prior quarter YoY: -63.2% (decel: -35.2%)",
      "severity": "WARNING"
    },
    {
      "quarter": "2024-09 (Q3)",
      "signal": "GROSS MARGIN INFLECTION",
      "detail": "GM: -24.1% -> -39.9% -> +73.0% (reversal +112.8%)",
      "severity": "HIGH"
    },
    {
      "quarter": "2024-09 (Q3)",
      "signal": "YoY REVENUE GROWTH DECELERATION",
      "detail": "YoY growth: -63.2% vs prior quarter YoY: -43.4% (decel: -19.7%)",
      "severity": "WARNING"
    },
    {
      "quarter": "2024-06 (Q2)",
      "signal": "YoY REVENUE GROWTH DECELERATION",
      "detail": "YoY growth: -43.4% vs prior quarter YoY: -22.5% (decel: -21.0%)",
      "severity": "WARNING"
    },
    {
      "quarter": "2024-03 (Q1)",
      "signal": "FCF MARGIN EXPANSION",
      "detail": "FCF margin: -184.7% -> -68.6% (+116.0%)",
      "severity": "MEDIUM"
    },
    {
      "quarter": "2024-03 (Q1)",
      "signal": "YoY REVENUE GROWTH DECELERATION",
      "detail": "YoY growth: -22.5% vs prior quarter YoY: +19.2% (decel: -41.6%)",
      "severity": "WARNING"
    },
    {
      "quarter": "2023-12 (Q4)",
      "signal": "GROSS MARGIN INFLECTION",
      "detail": "GM: +8.0% -> -19.9% -> +12.9% (reversal +32.8%)",
      "severity": "HIGH"
    },
    {
      "quarter": "2023-12 (Q4)",
      "signal": "YoY REVENUE GROWTH DECELERATION",
      "detail": "YoY growth: +19.2% vs prior quarter YoY: +30.3% (decel: -11.1%)",
      "severity": "WARNING"
    },
    {
      "quarter": "2023-09 (Q3)",
      "signal": "FCF MARGIN EXPANSION",
      "detail": "FCF margin: -214.4% -> -173.3% (+41.1%)",
      "severity": "MEDIUM"
    },
    {
      "quarter": "2023-09 (Q3)",
      "signal": "YoY REVENUE GROWTH ACCELERATION",
      "detail": "YoY growth: +30.3% vs prior quarter YoY: -16.2% (accel: +46.5%)",
      "severity": "HIGH"
    },
    {
      "quarter": "2023-06 (Q2)",
      "signal": "FCF MARGIN EXPANSION",
      "detail": "FCF margin: -222.4% -> -214.4% (+8.0%)",
      "severity": "MEDIUM"
    },
    {
      "quarter": "2023-06 (Q2)",
      "signal": "GROSS MARGIN INFLECTION",
      "detail": "GM: +6.6% -> +4.7% -> +8.0% (reversal +3.4%)",
      "severity": "MEDIUM"
    },
    {
      "quarter": "2023-06 (Q2)",
      "signal": "YoY REVENUE GROWTH DECELERATION",
      "detail": "YoY growth: -16.2% vs prior quarter YoY: +9.2% (decel: -25.4%)",
      "severity": "WARNING"
    },
    {
      "quarter": "2022-12 (Q4)",
      "signal": "FCF MARGIN EXPANSION",
      "detail": "FCF margin: -293.3% -> -169.8% (+123.4%)",
      "severity": "MEDIUM"
    },
    {
      "quarter": "2022-12 (Q4)",
      "signal": "YoY REVENUE GROWTH DECELERATION",
      "detail": "YoY growth: +11.5% vs prior quarter YoY: +24.0% (decel: -12.5%)",
      "severity": "WARNING"
    },
    {
      "quarter": "2022-09 (Q3)",
      "signal": "GROSS MARGIN INFLECTION",
      "detail": "GM: +0.1% -> -10.8% -> -7.2% (reversal +3.6%)",
      "severity": "MEDIUM"
    },
    {
      "quarter": "2022-09 (Q3)",
      "signal": "YoY REVENUE GROWTH DECELERATION",
      "detail": "YoY growth: +24.0% vs prior quarter YoY: +51.8% (decel: -27.8%)",
      "severity": "WARNING"
    },
    {
      "quarter": "2022-06 (Q2)",
      "signal": "FCF MARGIN EXPANSION",
      "detail": "FCF margin: -382.8% -> -203.1% (+179.6%)",
      "severity": "MEDIUM"
    },
    {
      "quarter": "2022-06 (Q2)",
      "signal": "YoY REVENUE GROWTH DECELERATION",
      "detail": "YoY growth: +51.8% vs prior quarter YoY: +72.7% (decel: -20.9%)",
      "severity": "WARNING"
    },
    {
      "quarter": "2022-03 (Q1)",
      "signal": "YoY REVENUE GROWTH DECELERATION",
      "detail": "YoY growth: +72.7% vs prior quarter YoY: +96.8% (decel: -24.1%)",
      "severity": "WARNING"
    },
    {
      "quarter": "2021-12 (Q4)",
      "signal": "FCF MARGIN EXPANSION",
      "detail": "FCF margin: -387.2% -> -155.3% (+232.0%)",
      "severity": "MEDIUM"
    },
    {
      "quarter": "2021-12 (Q4)",
      "signal": "GROSS MARGIN INFLECTION",
      "detail": "GM: +18.9% -> -34.9% -> +1.5% (reversal +36.5%)",
      "severity": "HIGH"
    },
    {
      "quarter": "2021-12 (Q4)",
      "signal": "YoY REVENUE GROWTH ACCELERATION",
      "detail": "YoY growth: +96.8% vs prior quarter YoY: +78.4% (accel: +18.3%)",
      "severity": "HIGH"
    },
    {
      "quarter": "2021-09 (Q3)",
      "signal": "FCF MARGIN EXPANSION",
      "detail": "FCF margin: -451.5% -> -387.2% (+64.3%)",
      "severity": "MEDIUM"
    },
    {
      "quarter": "2021-06 (Q2)",
      "signal": "GROSS MARGIN INFLECTION",
      "detail": "GM: +0.3% -> -2.2% -> +18.9% (reversal +21.1%)",
      "severity": "HIGH"
    },
    {
      "quarter": "2021-03 (Q1)",
      "signal": "FCF MARGIN EXPANSION",
      "detail": "FCF margin: -339.4% -> -310.3% (+29.1%)",
      "severity": "MEDIUM"
    }
  ],
  "data_quality": {
    "n_quarters": 20,
    "coverage": {
      "revenue": [
        20,
        20
      ],
      "gross_profit": [
        20,
        20
      ],
      "op_income": [
        19,
        20
      ],
      "fcf": [
        19,
        20
      ]
    },
    "gaps": [
      [
        "2024-12 (Q4)",
        "2025-06 (Q2)",
        181
      ]
    ],
    "warnings": [
      "gap: 1Q missing between 2024-12 (Q4) and 2025-06 (Q2)"
    ]
  },
  "market_cap": null,
  "source": "SEC EDGAR",
  "last_updated": "2026-02-24T10:48:02.199780"
}