{
  "ticker": "IMMR",
  "name": "Immersion Corporation",
  "quarters": [
    {
      "date": "2020-03-31T00:00:00",
      "quarter_label": "2020-03 (Q1)",
      "revenue": 6257000,
      "gross_profit": 6213000,
      "operating_income": -4548000,
      "net_income": -4828000,
      "opex": 10805000,
      "cogs": 44000,
      "rd": 1689000,
      "sga": null,
      "fcf": -1337000,
      "ocf": -1316000,
      "capex": -21000,
      "gross_margin": 0.9929678759789037,
      "op_margin": -0.7268659101805978,
      "fcf_margin": -0.21368067764104204
    },
    {
      "date": "2020-06-30T00:00:00",
      "quarter_label": "2020-06 (Q2)",
      "revenue": 5668000,
      "gross_profit": 5606000,
      "operating_income": -1059000,
      "net_income": -712000,
      "opex": 6727000,
      "cogs": 62000,
      "rd": 1323000,
      "sga": null,
      "fcf": -3461000,
      "ocf": -3452000,
      "capex": -9000,
      "gross_margin": 0.989061397318278,
      "op_margin": -0.18683839096683133,
      "fcf_margin": -0.610621030345801,
      "fcf_margin_change": -0.3969403527047589
    },
    {
      "date": "2020-09-30T00:00:00",
      "quarter_label": "2020-09 (Q3)",
      "revenue": 7596000,
      "gross_profit": 7564000,
      "operating_income": 2585000,
      "net_income": 2855000,
      "opex": 5011000,
      "cogs": 32000,
      "rd": 920000,
      "sga": null,
      "fcf": 1770000,
      "ocf": 1780000,
      "capex": -10000,
      "gross_margin": 0.9957872564507636,
      "op_margin": 0.34031068983675616,
      "fcf_margin": 0.2330173775671406,
      "op_leverage_ratio": Infinity,
      "fcf_margin_change": 0.8436384079129415
    },
    {
      "date": "2020-12-31T00:00:00",
      "quarter_label": "2020-12 (Q4)",
      "revenue": 10935000,
      "gross_profit": 10905000,
      "operating_income": 5242000,
      "net_income": 8086000,
      "opex": 5693000,
      "cogs": 30000,
      "rd": 1082000,
      "sga": null,
      "fcf": 3003000,
      "ocf": 3010000,
      "capex": -7000,
      "gross_margin": 0.9972565157750343,
      "op_margin": 0.47937814357567443,
      "fcf_margin": 0.2746227709190672,
      "op_leverage_ratio": 3.229769217939987,
      "fcf_margin_change": 0.04160539335192662
    },
    {
      "date": "2021-03-31T00:00:00",
      "quarter_label": "2021-03 (Q1)",
      "revenue": 7159000,
      "gross_profit": 7130000,
      "operating_income": 2493000,
      "net_income": 2036000,
      "opex": 4666000,
      "cogs": 29000,
      "rd": 1307000,
      "sga": null,
      "fcf": 4353000,
      "ocf": 4410000,
      "capex": -57000,
      "gross_margin": 0.9959491549099037,
      "op_margin": 0.34823299343483727,
      "fcf_margin": 0.6080458164548121,
      "rev_growth_yoy": 0.14415854243247564,
      "fcf_margin_change": 0.3334230455357449
    },
    {
      "date": "2021-06-30T00:00:00",
      "quarter_label": "2021-06 (Q2)",
      "revenue": 11010000,
      "gross_profit": 10969000,
      "operating_income": 5807000,
      "net_income": 5341000,
      "opex": 5203000,
      "cogs": 41000,
      "rd": 1332000,
      "sga": null,
      "fcf": 4613000,
      "ocf": 4644000,
      "capex": -31000,
      "gross_margin": 0.9962761126248865,
      "op_margin": 0.5274296094459582,
      "fcf_margin": 0.4189827429609446,
      "incr_op_margin_yoy": 1.2852864095844254,
      "rev_growth_yoy": 0.9424841213832039,
      "rev_growth_yoy_accel": 0.7983255789507283,
      "op_leverage_ratio": 4.674031177434715,
      "fcf_margin_change": -0.18906307349386753
    },
    {
      "date": "2021-09-30T00:00:00",
      "quarter_label": "2021-09 (Q3)",
      "revenue": 7173000,
      "gross_profit": 7165000,
      "operating_income": 3673000,
      "net_income": 3771000,
      "opex": 3500000,
      "cogs": 8000,
      "rd": 803000,
      "sga": null,
      "fcf": 1667000,
      "ocf": 1668000,
      "capex": -1000,
      "gross_margin": 0.9988847065384079,
      "op_margin": 0.5120591105534644,
      "fcf_margin": 0.23239927505924995,
      "rev_growth_yoy": -0.05568720379146919,
      "rev_growth_yoy_accel": -0.9981713251746731,
      "fcf_margin_change": -0.18658346790169467
    },
    {
      "date": "2021-12-31T00:00:00",
      "quarter_label": "2021-12 (Q4)",
      "revenue": 9747000,
      "gross_profit": 9737000,
      "operating_income": 5802000,
      "net_income": 1336000,
      "opex": 3945000,
      "cogs": 10000,
      "rd": 708000,
      "sga": null,
      "fcf": 6481000,
      "ocf": 6727000,
      "capex": -246000,
      "gross_margin": 0.998974043295373,
      "op_margin": 0.5952600800246229,
      "fcf_margin": 0.6649225402688007,
      "incr_op_margin_yoy": -0.4713804713804714,
      "rev_growth_yoy": -0.10864197530864197,
      "rev_growth_yoy_accel": -0.05295477151717278,
      "op_leverage_ratio": 2.8223816841244553,
      "fcf_margin_change": 0.43252326520955076
    },
    {
      "date": "2022-03-31T00:00:00",
      "quarter_label": "2022-03 (Q1)",
      "revenue": 7308000,
      "gross_profit": 7304000,
      "operating_income": 3603000,
      "net_income": 5076000,
      "opex": 3705000,
      "cogs": 4000,
      "rd": 509000,
      "sga": null,
      "fcf": 11038000,
      "ocf": 11038000,
      "capex": null,
      "gross_margin": 0.9994526546250684,
      "op_margin": 0.4930213464696223,
      "fcf_margin": 1.5103995621237,
      "rev_growth_yoy": 0.02081296270428831,
      "rev_growth_yoy_accel": 0.1294549380129303,
      "fcf_margin_change": 0.8454770218548994
    },
    {
      "date": "2022-06-30T00:00:00",
      "quarter_label": "2022-06 (Q2)",
      "revenue": 7983000,
      "gross_profit": 7983000,
      "operating_income": 4106000,
      "net_income": -1819000,
      "opex": 3877000,
      "cogs": 0,
      "rd": 355000,
      "sga": null,
      "fcf": 7593000,
      "ocf": 7601000,
      "capex": -8000,
      "gross_margin": 1.0,
      "op_margin": 0.5143429788300138,
      "fcf_margin": 0.9511461856444946,
      "incr_op_margin_yoy": 0.5619425173439049,
      "rev_growth_yoy": -0.27493188010899183,
      "rev_growth_yoy_accel": -0.2957448428132801,
      "op_leverage_ratio": 1.98959646007561,
      "fcf_margin_change": -0.5592533764792055
    },
    {
      "date": "2022-09-30T00:00:00",
      "quarter_label": "2022-09 (Q3)",
      "revenue": 14006000,
      "gross_profit": 14006000,
      "operating_income": 10930000,
      "net_income": 7705000,
      "opex": 3076000,
      "cogs": 0,
      "rd": 254000,
      "sga": null,
      "fcf": 13574000,
      "ocf": 13595000,
      "capex": -21000,
      "gross_margin": 1.0,
      "op_margin": 0.7803798372126232,
      "fcf_margin": 0.9691560759674426,
      "incr_op_margin_yoy": 1.0620518074052392,
      "rev_growth_yoy": 0.9526000278823366,
      "rev_growth_yoy_accel": 1.2275319079913283,
      "op_leverage_ratio": Infinity,
      "fcf_margin_change": 0.018009890322947975
    },
    {
      "date": "2022-12-31T00:00:00",
      "quarter_label": "2022-12 (Q4)",
      "revenue": 9164000,
      "gross_profit": 9164000,
      "operating_income": 5781000,
      "net_income": 19702000,
      "opex": 3383000,
      "cogs": 0,
      "rd": 262000,
      "sga": null,
      "fcf": 7911000,
      "ocf": 7912000,
      "capex": -1000,
      "gross_margin": 1.0,
      "op_margin": 0.6308380619816674,
      "fcf_margin": 0.8632693147097338,
      "rev_growth_yoy": -0.05981327587975788,
      "rev_growth_yoy_accel": -1.0124133037620944,
      "fcf_margin_change": -0.1058867612577088
    },
    {
      "date": "2023-03-31T00:00:00",
      "quarter_label": "2023-03 (Q1)",
      "revenue": 7074000,
      "gross_profit": null,
      "operating_income": 3259000,
      "net_income": 8278000,
      "opex": 3815000,
      "cogs": null,
      "rd": 130000,
      "sga": null,
      "fcf": 3523000,
      "ocf": 3523000,
      "capex": null,
      "gross_margin": null,
      "op_margin": 0.4607011591744416,
      "fcf_margin": 0.4980209216850438,
      "rev_growth_yoy": -0.03201970443349754,
      "rev_growth_yoy_accel": 0.027793571446260337,
      "fcf_margin_change": -0.36524839302469
    },
    {
      "date": "2023-06-30T00:00:00",
      "quarter_label": "2023-06 (Q2)",
      "revenue": 6983000,
      "gross_profit": null,
      "operating_income": 3113000,
      "net_income": 7028000,
      "opex": 3870000,
      "cogs": null,
      "rd": 99000,
      "sga": null,
      "fcf": 5231000,
      "ocf": 5231000,
      "capex": null,
      "gross_margin": null,
      "op_margin": 0.44579693541457827,
      "fcf_margin": 0.7491049692109408,
      "rev_growth_yoy": -0.1252661906551422,
      "rev_growth_yoy_accel": -0.09324648622164465,
      "fcf_margin_change": 0.251084047525897
    },
    {
      "date": "2023-09-30T00:00:00",
      "quarter_label": "2023-09 (Q3)",
      "revenue": 9482000,
      "gross_profit": null,
      "operating_income": 6519000,
      "net_income": 2680000,
      "opex": 2963000,
      "cogs": null,
      "rd": 30000,
      "sga": null,
      "fcf": 4024000,
      "ocf": 4025000,
      "capex": -1000,
      "gross_margin": null,
      "op_margin": 0.6875131828728116,
      "fcf_margin": 0.42438304155241513,
      "incr_op_margin_yoy": 0.9750221043324492,
      "rev_growth_yoy": -0.3230044266742825,
      "rev_growth_yoy_accel": -0.19773823601914028,
      "op_leverage_ratio": Infinity,
      "fcf_margin_change": -0.3247219276585257
    },
    {
      "date": "2023-12-31T00:00:00",
      "quarter_label": "2023-12 (Q4)",
      "revenue": 10380000,
      "gross_profit": null,
      "operating_income": 5036000,
      "net_income": 15990000,
      "opex": 5344000,
      "cogs": null,
      "rd": 22000,
      "sga": null,
      "fcf": 7821000,
      "ocf": 7821000,
      "capex": null,
      "gross_margin": null,
      "op_margin": 0.48516377649325626,
      "fcf_margin": 0.7534682080924856,
      "incr_op_margin_yoy": -0.6126644736842105,
      "rev_growth_yoy": 0.1326931470973374,
      "rev_growth_yoy_accel": 0.4556975737716199,
      "op_leverage_ratio": 0.11785517084427348,
      "fcf_margin_change": 0.3290851665400705
    },
    {
      "date": "2024-03-31T00:00:00",
      "quarter_label": "2024-03 (Q1)",
      "revenue": 43847000,
      "gross_profit": null,
      "operating_income": 16614000,
      "net_income": 18655000,
      "opex": 27233000,
      "cogs": null,
      "rd": 42000,
      "sga": null,
      "fcf": 29897000,
      "ocf": 29897000,
      "capex": null,
      "gross_margin": null,
      "op_margin": 0.37890847720482584,
      "fcf_margin": 0.6818482450338678,
      "incr_op_margin_yoy": 0.36317406793027496,
      "rev_growth_yoy": 5.198331919705965,
      "rev_growth_yoy_accel": 5.065638772608628,
      "op_leverage_ratio": 0.7871544562154593,
      "fcf_margin_change": -0.07161996305861784
    },
    {
      "date": "2024-06-30T00:00:00",
      "quarter_label": "2024-06 (Q2)",
      "revenue": 99424000,
      "gross_profit": null,
      "operating_income": 25406000,
      "net_income": 28945000,
      "opex": 33212000,
      "cogs": null,
      "rd": null,
      "sga": null,
      "fcf": -85924000,
      "ocf": -85924000,
      "capex": null,
      "gross_margin": null,
      "op_margin": 0.25553186353395557,
      "fcf_margin": -0.8642178950756356,
      "incr_op_margin_yoy": 0.2411592258846183,
      "rev_growth_yoy": 13.238006587426607,
      "rev_growth_yoy_accel": 8.039674667720643,
      "op_leverage_ratio": 5.773273718412342,
      "fcf_margin_change": -1.5460661401095033
    },
    {
      "date": "2024-10-31T00:00:00",
      "quarter_label": "2024-10 (Q4)",
      "revenue": 616249000,
      "gross_profit": null,
      "operating_income": 64407000,
      "net_income": 27157000,
      "opex": 86332000,
      "cogs": null,
      "rd": null,
      "sga": null,
      "fcf": null,
      "ocf": null,
      "capex": null,
      "gross_margin": null,
      "op_margin": 0.10451457122039955,
      "fcf_margin": null,
      "incr_op_margin_yoy": 0.09540400186562552,
      "rev_growth_yoy": 63.99145749841806,
      "rev_growth_yoy_accel": 50.75345091099145,
      "op_leverage_ratio": 3.2500440299680378
    },
    {
      "date": "2025-01-31T00:00:00",
      "quarter_label": "2025-01 (Q1)",
      "revenue": 474762000,
      "gross_profit": null,
      "operating_income": 26206000,
      "net_income": 15472000,
      "opex": 79613000,
      "cogs": null,
      "rd": null,
      "sga": null,
      "fcf": -46246000,
      "ocf": -43699000,
      "capex": -2547000,
      "gross_margin": null,
      "op_margin": 0.05519818351089598,
      "fcf_margin": -0.09740880693905578,
      "incr_op_margin_yoy": 0.045587468937211176,
      "rev_growth_yoy": 44.73815028901734,
      "rev_growth_yoy_accel": -19.253307209400717
    }
  ],
  "signals": [
    {
      "quarter": "2025-01 (Q1)",
      "signal": "YoY REVENUE GROWTH DECELERATION",
      "detail": "YoY growth: +4473.8% vs prior quarter YoY: +6399.1% (decel: -1925.3%)",
      "severity": "WARNING"
    },
    {
      "quarter": "2024-10 (Q4)",
      "signal": "OPERATING LEVERAGE",
      "detail": "Rev growth +519.8% vs OpEx growth +159.9% (leverage: 3.3x)",
      "severity": "MEDIUM"
    },
    {
      "quarter": "2024-10 (Q4)",
      "signal": "YoY REVENUE GROWTH ACCELERATION",
      "detail": "YoY growth: +6399.1% vs prior quarter YoY: +1323.8% (accel: +5075.3%)",
      "severity": "HIGH"
    },
    {
      "quarter": "2024-06 (Q2)",
      "signal": "OPERATING LEVERAGE",
      "detail": "Rev growth +126.8% vs OpEx growth +22.0% (leverage: 5.8x)",
      "severity": "MEDIUM"
    },
    {
      "quarter": "2024-06 (Q2)",
      "signal": "YoY REVENUE GROWTH ACCELERATION",
      "detail": "YoY growth: +1323.8% vs prior quarter YoY: +519.8% (accel: +804.0%)",
      "severity": "HIGH"
    },
    {
      "quarter": "2024-03 (Q1)",
      "signal": "YoY REVENUE GROWTH ACCELERATION",
      "detail": "YoY growth: +519.8% vs prior quarter YoY: +13.3% (accel: +506.6%)",
      "severity": "HIGH"
    },
    {
      "quarter": "2023-12 (Q4)",
      "signal": "FCF MARGIN EXPANSION",
      "detail": "FCF margin: +42.4% -> +75.3% (+32.9%)",
      "severity": "MEDIUM"
    },
    {
      "quarter": "2023-12 (Q4)",
      "signal": "YoY REVENUE GROWTH ACCELERATION",
      "detail": "YoY growth: +13.3% vs prior quarter YoY: -32.3% (accel: +45.6%)",
      "severity": "HIGH"
    },
    {
      "quarter": "2023-09 (Q3)",
      "signal": "YoY REVENUE GROWTH DECELERATION",
      "detail": "YoY growth: -32.3% vs prior quarter YoY: -12.5% (decel: -19.8%)",
      "severity": "WARNING"
    },
    {
      "quarter": "2023-09 (Q3)",
      "signal": "INCREMENTAL MARGIN (YoY)",
      "detail": "YoY Incr OPM: +97.5% vs year-ago OPM: +78.0%",
      "severity": "MEDIUM"
    },
    {
      "quarter": "2023-06 (Q2)",
      "signal": "FCF MARGIN EXPANSION",
      "detail": "FCF margin: +49.8% -> +74.9% (+25.1%)",
      "severity": "MEDIUM"
    },
    {
      "quarter": "2023-06 (Q2)",
      "signal": "YoY REVENUE GROWTH DECELERATION",
      "detail": "YoY growth: -12.5% vs prior quarter YoY: -3.2% (decel: -9.3%)",
      "severity": "WARNING"
    },
    {
      "quarter": "2022-12 (Q4)",
      "signal": "YoY REVENUE GROWTH DECELERATION",
      "detail": "YoY growth: -6.0% vs prior quarter YoY: +95.3% (decel: -101.2%)",
      "severity": "WARNING"
    },
    {
      "quarter": "2022-09 (Q3)",
      "signal": "YoY REVENUE GROWTH ACCELERATION",
      "detail": "YoY growth: +95.3% vs prior quarter YoY: -27.5% (accel: +122.8%)",
      "severity": "HIGH"
    },
    {
      "quarter": "2022-09 (Q3)",
      "signal": "INCREMENTAL MARGIN (YoY)",
      "detail": "YoY Incr OPM: +106.2% vs year-ago OPM: +51.2%",
      "severity": "HIGH"
    },
    {
      "quarter": "2022-06 (Q2)",
      "signal": "OPERATING LEVERAGE",
      "detail": "Rev growth +9.2% vs OpEx growth +4.6% (leverage: 2.0x)",
      "severity": "MEDIUM"
    },
    {
      "quarter": "2022-06 (Q2)",
      "signal": "YoY REVENUE GROWTH DECELERATION",
      "detail": "YoY growth: -27.5% vs prior quarter YoY: +2.1% (decel: -29.6%)",
      "severity": "WARNING"
    },
    {
      "quarter": "2022-03 (Q1)",
      "signal": "FCF MARGIN EXPANSION",
      "detail": "FCF margin: +66.5% -> +151.0% (+84.5%)",
      "severity": "MEDIUM"
    },
    {
      "quarter": "2022-03 (Q1)",
      "signal": "YoY REVENUE GROWTH ACCELERATION",
      "detail": "YoY growth: +2.1% vs prior quarter YoY: -10.9% (accel: +12.9%)",
      "severity": "MEDIUM"
    },
    {
      "quarter": "2021-12 (Q4)",
      "signal": "FCF MARGIN EXPANSION",
      "detail": "FCF margin: +23.2% -> +66.5% (+43.3%)",
      "severity": "MEDIUM"
    },
    {
      "quarter": "2021-12 (Q4)",
      "signal": "OPERATING LEVERAGE",
      "detail": "Rev growth +35.9% vs OpEx growth +12.7% (leverage: 2.8x)",
      "severity": "MEDIUM"
    },
    {
      "quarter": "2021-12 (Q4)",
      "signal": "YoY REVENUE GROWTH DECELERATION",
      "detail": "YoY growth: -10.9% vs prior quarter YoY: -5.6% (decel: -5.3%)",
      "severity": "WARNING"
    },
    {
      "quarter": "2021-09 (Q3)",
      "signal": "YoY REVENUE GROWTH DECELERATION",
      "detail": "YoY growth: -5.6% vs prior quarter YoY: +94.2% (decel: -99.8%)",
      "severity": "WARNING"
    },
    {
      "quarter": "2021-06 (Q2)",
      "signal": "OPERATING LEVERAGE",
      "detail": "Rev growth +53.8% vs OpEx growth +11.5% (leverage: 4.7x)",
      "severity": "MEDIUM"
    },
    {
      "quarter": "2021-06 (Q2)",
      "signal": "YoY REVENUE GROWTH ACCELERATION",
      "detail": "YoY growth: +94.2% vs prior quarter YoY: +14.4% (accel: +79.8%)",
      "severity": "HIGH"
    },
    {
      "quarter": "2021-06 (Q2)",
      "signal": "OP MARGIN TURNED POSITIVE (YoY)",
      "detail": "Op margin: -18.7% (year-ago) -> +52.7%",
      "severity": "HIGH"
    },
    {
      "quarter": "2021-03 (Q1)",
      "signal": "FCF MARGIN EXPANSION",
      "detail": "FCF margin: +27.5% -> +60.8% (+33.3%)",
      "severity": "MEDIUM"
    },
    {
      "quarter": "2021-03 (Q1)",
      "signal": "OP MARGIN TURNED POSITIVE (YoY)",
      "detail": "Op margin: -72.7% (year-ago) -> +34.8%",
      "severity": "HIGH"
    },
    {
      "quarter": "2020-12 (Q4)",
      "signal": "OPERATING LEVERAGE",
      "detail": "Rev growth +44.0% vs OpEx growth +13.6% (leverage: 3.2x)",
      "severity": "MEDIUM"
    },
    {
      "quarter": "2020-09 (Q3)",
      "signal": "FCF TURNED POSITIVE",
      "detail": "FCF margin: -61.1% -> +23.3%",
      "severity": "HIGH"
    },
    {
      "quarter": "2020-09 (Q3)",
      "signal": "OP MARGIN TURNED POSITIVE (QoQ)",
      "detail": "Op margin: -18.7% -> +34.0%",
      "severity": "HIGH"
    }
  ],
  "data_quality": {
    "n_quarters": 20,
    "coverage": {
      "revenue": [
        20,
        20
      ],
      "gross_profit": [
        12,
        20
      ],
      "op_income": [
        20,
        20
      ],
      "fcf": [
        19,
        20
      ]
    },
    "gaps": [
      [
        "2024-06 (Q2)",
        "2024-10 (Q4)",
        123
      ]
    ],
    "warnings": [
      "gross_profit: 12/20Q",
      "gap: 0Q missing between 2024-06 (Q2) and 2024-10 (Q4)"
    ]
  },
  "market_cap": null,
  "source": "SEC EDGAR",
  "last_updated": "2026-02-02T22:57:37.264058",
  "sector": "Technology",
  "industry": "Software - Application"
}