{
  "ticker": "INBP",
  "name": "INTEGRATED BIOPHARMA INC",
  "quarters": [
    {
      "date": "2020-12-31T00:00:00",
      "quarter_label": "2020-12 (Q4)",
      "revenue": 14257000,
      "gross_profit": 2174000,
      "operating_income": 1244000,
      "net_income": 1224000,
      "opex": 930000,
      "cogs": 12083000,
      "rd": null,
      "sga": 930000,
      "fcf": -818000,
      "ocf": -754000,
      "capex": -64000,
      "gross_margin": 0.1524864978607,
      "op_margin": 0.08725538332047415,
      "fcf_margin": -0.057375324402048115
    },
    {
      "date": "2021-03-31T00:00:00",
      "quarter_label": "2021-03 (Q1)",
      "revenue": 17072000,
      "gross_profit": 2661000,
      "operating_income": 1719000,
      "net_income": 1241000,
      "opex": 942000,
      "cogs": 14411000,
      "rd": null,
      "sga": 942000,
      "fcf": 1141000,
      "ocf": 1174000,
      "capex": -33000,
      "gross_margin": 0.15586925960637302,
      "op_margin": 0.10069119025304592,
      "fcf_margin": 0.06683458294283036,
      "op_leverage_ratio": 15.302132285894649,
      "fcf_margin_change": 0.12420990734487847
    },
    {
      "date": "2021-06-30T00:00:00",
      "quarter_label": "2021-06 (Q2)",
      "revenue": 17058000,
      "gross_profit": 2272000,
      "operating_income": 1312000,
      "net_income": 4507000,
      "opex": 960000,
      "cogs": 14786000,
      "rd": null,
      "sga": 960000,
      "fcf": 567000,
      "ocf": 712000,
      "capex": -145000,
      "gross_margin": 0.13319263688591862,
      "op_margin": 0.07691405792003751,
      "fcf_margin": 0.033239535701723534,
      "fcf_margin_change": -0.033595047241106825
    },
    {
      "date": "2021-09-30T00:00:00",
      "quarter_label": "2021-09 (Q3)",
      "revenue": 12751000,
      "gross_profit": 1424000,
      "operating_income": 585000,
      "net_income": 516000,
      "opex": 839000,
      "cogs": 11327000,
      "rd": null,
      "sga": 839000,
      "fcf": 1970000,
      "ocf": 2101000,
      "capex": -131000,
      "gross_margin": 0.11167751548898126,
      "op_margin": 0.04587875460748177,
      "fcf_margin": 0.15449768645596423,
      "fcf_margin_change": 0.1212581507542407
    },
    {
      "date": "2021-12-31T00:00:00",
      "quarter_label": "2021-12 (Q4)",
      "revenue": 14594000,
      "gross_profit": 1750000,
      "operating_income": 730000,
      "net_income": 1031000,
      "opex": 1020000,
      "cogs": 12844000,
      "rd": null,
      "sga": 1020000,
      "fcf": -1565000,
      "ocf": -1388000,
      "capex": -177000,
      "gross_margin": 0.11991229272303687,
      "op_margin": 0.050020556393038235,
      "fcf_margin": -0.10723585034945868,
      "rev_growth_yoy": 0.0236375113979098,
      "op_leverage_ratio": 0.6699840679812351,
      "fcf_margin_change": -0.2617335368054229
    },
    {
      "date": "2022-03-31T00:00:00",
      "quarter_label": "2022-03 (Q1)",
      "revenue": 15634000,
      "gross_profit": 1982000,
      "operating_income": 992000,
      "net_income": 797000,
      "opex": 990000,
      "cogs": 13652000,
      "rd": null,
      "sga": 990000,
      "fcf": 532000,
      "ocf": 675000,
      "capex": -143000,
      "gross_margin": 0.12677497761289497,
      "op_margin": 0.06345145196366893,
      "fcf_margin": 0.03402839964180632,
      "incr_op_margin_yoy": 0.5055632823365785,
      "rev_growth_yoy": -0.08423149015932521,
      "rev_growth_yoy_accel": -0.10786900155723501,
      "op_leverage_ratio": Infinity,
      "fcf_margin_change": 0.141264249991265
    },
    {
      "date": "2022-06-30T00:00:00",
      "quarter_label": "2022-06 (Q2)",
      "revenue": 13267000,
      "gross_profit": 1396000,
      "operating_income": 438000,
      "net_income": 1494000,
      "opex": 958000,
      "cogs": 11871000,
      "rd": null,
      "sga": 958000,
      "fcf": 2668000,
      "ocf": 2703000,
      "capex": -35000,
      "gross_margin": 0.10522348684706415,
      "op_margin": 0.033014245873219265,
      "fcf_margin": 0.20110047486244065,
      "incr_op_margin_yoy": 0.23054603007122132,
      "rev_growth_yoy": -0.22224176339547427,
      "rev_growth_yoy_accel": -0.13801027323614906,
      "fcf_margin_change": 0.16707207522063433
    },
    {
      "date": "2022-09-30T00:00:00",
      "quarter_label": "2022-09 (Q3)",
      "revenue": 12326000,
      "gross_profit": 997000,
      "operating_income": 30000,
      "net_income": -35000,
      "opex": 967000,
      "cogs": 11329000,
      "rd": null,
      "sga": 967000,
      "fcf": 942000,
      "ocf": 992000,
      "capex": -50000,
      "gross_margin": 0.08088593217588837,
      "op_margin": 0.0024338796040889177,
      "fcf_margin": 0.07642381956839202,
      "rev_growth_yoy": -0.033330719159281624,
      "rev_growth_yoy_accel": 0.18891104423619265,
      "fcf_margin_change": -0.12467665529404863
    },
    {
      "date": "2022-12-31T00:00:00",
      "quarter_label": "2022-12 (Q4)",
      "revenue": 12254000,
      "gross_profit": 1070000,
      "operating_income": -33000,
      "net_income": -55000,
      "opex": 1103000,
      "cogs": 11184000,
      "rd": null,
      "sga": 1103000,
      "fcf": -76000,
      "ocf": -44000,
      "capex": -32000,
      "gross_margin": 0.08731842663620043,
      "op_margin": -0.0026929982046678637,
      "fcf_margin": -0.006202056471356292,
      "incr_op_margin_yoy": 0.3260683760683761,
      "rev_growth_yoy": -0.16033986569823214,
      "rev_growth_yoy_accel": -0.1270091465389505,
      "fcf_margin_change": -0.0826258760397483
    },
    {
      "date": "2023-03-31T00:00:00",
      "quarter_label": "2023-03 (Q1)",
      "revenue": 13098000,
      "gross_profit": 1008000,
      "operating_income": 44000,
      "net_income": 16000,
      "opex": 964000,
      "cogs": 12090000,
      "rd": null,
      "sga": 964000,
      "fcf": 1454000,
      "ocf": 1470000,
      "capex": -16000,
      "gross_margin": 0.07695831424644985,
      "op_margin": 0.003359291494884715,
      "fcf_margin": 0.11100931439914491,
      "incr_op_margin_yoy": 0.37381703470031546,
      "rev_growth_yoy": -0.16221056671357298,
      "rev_growth_yoy_accel": -0.001870701015340842,
      "op_leverage_ratio": Infinity,
      "fcf_margin_change": 0.11721137087050121
    },
    {
      "date": "2023-06-30T00:00:00",
      "quarter_label": "2023-06 (Q2)",
      "revenue": 12994000,
      "gross_profit": 986000,
      "operating_income": 79000,
      "net_income": 40000,
      "opex": 907000,
      "cogs": 12008000,
      "rd": null,
      "sga": 907000,
      "fcf": -1204000,
      "ocf": -1186000,
      "capex": -18000,
      "gross_margin": 0.07588117592735108,
      "op_margin": 0.006079729105741111,
      "fcf_margin": -0.09265814991534554,
      "rev_growth_yoy": -0.020577372427828446,
      "rev_growth_yoy_accel": 0.14163319428574453,
      "fcf_margin_change": -0.20366746431449045
    },
    {
      "date": "2023-09-30T00:00:00",
      "quarter_label": "2023-09 (Q3)",
      "revenue": 12915000,
      "gross_profit": 832000,
      "operating_income": -54000,
      "net_income": -59000,
      "opex": 886000,
      "cogs": 12083000,
      "rd": null,
      "sga": 886000,
      "fcf": 1275000,
      "ocf": 1313000,
      "capex": -38000,
      "gross_margin": 0.06442121564072784,
      "op_margin": -0.004181184668989547,
      "fcf_margin": 0.09872241579558652,
      "rev_growth_yoy": 0.04778516956027908,
      "rev_growth_yoy_accel": 0.06836254198810753,
      "fcf_margin_change": 0.19138056571093207
    },
    {
      "date": "2023-12-31T00:00:00",
      "quarter_label": "2023-12 (Q4)",
      "revenue": 11509000,
      "gross_profit": 520000,
      "operating_income": -452000,
      "net_income": -382000,
      "opex": 972000,
      "cogs": 10989000,
      "rd": null,
      "sga": 972000,
      "fcf": -1851000,
      "ocf": -1827000,
      "capex": -24000,
      "gross_margin": 0.04518203145364497,
      "op_margin": -0.039273611955860634,
      "fcf_margin": -0.16083065427057086,
      "rev_growth_yoy": -0.06079647462053207,
      "rev_growth_yoy_accel": -0.10858164418081115,
      "fcf_margin_change": -0.25955307006615735
    },
    {
      "date": "2024-03-31T00:00:00",
      "quarter_label": "2024-03 (Q1)",
      "revenue": 13147000,
      "gross_profit": 1248000,
      "operating_income": 355000,
      "net_income": 285000,
      "opex": 893000,
      "cogs": 11899000,
      "rd": null,
      "sga": 893000,
      "fcf": 1298000,
      "ocf": 1643000,
      "capex": -345000,
      "gross_margin": 0.0949265992241576,
      "op_margin": 0.027002357952384575,
      "fcf_margin": 0.09872974823153571,
      "rev_growth_yoy": 0.0037410291647579784,
      "rev_growth_yoy_accel": 0.06453750378529005,
      "op_leverage_ratio": Infinity,
      "fcf_margin_change": 0.25956040250210655
    },
    {
      "date": "2024-06-30T00:00:00",
      "quarter_label": "2024-06 (Q2)",
      "revenue": 12746000,
      "gross_profit": 1284000,
      "operating_income": 402000,
      "net_income": 268000,
      "opex": 882000,
      "cogs": 11462000,
      "rd": null,
      "sga": 882000,
      "fcf": -332000,
      "ocf": -186000,
      "capex": -146000,
      "gross_margin": 0.10073748627020242,
      "op_margin": 0.031539306449082066,
      "fcf_margin": -0.026047387415659814,
      "rev_growth_yoy": -0.019085731876250577,
      "rev_growth_yoy_accel": -0.022826761041008555,
      "fcf_margin_change": -0.12477713564719553
    },
    {
      "date": "2024-09-30T00:00:00",
      "quarter_label": "2024-09 (Q3)",
      "revenue": 13617000,
      "gross_profit": 1371000,
      "operating_income": 490000,
      "net_income": 259000,
      "opex": 881000,
      "cogs": 12246000,
      "rd": null,
      "sga": 881000,
      "fcf": 601000,
      "ocf": 657000,
      "capex": -56000,
      "gross_margin": 0.10068296981714034,
      "op_margin": 0.03598443122567379,
      "fcf_margin": 0.0441360064625101,
      "rev_growth_yoy": 0.05435540069686411,
      "rev_growth_yoy_accel": 0.07344113257311469,
      "op_leverage_ratio": Infinity,
      "fcf_margin_change": 0.07018339387816991
    },
    {
      "date": "2024-12-31T00:00:00",
      "quarter_label": "2024-12 (Q4)",
      "revenue": 12614000,
      "gross_profit": 1171000,
      "operating_income": 202000,
      "net_income": 116000,
      "opex": 969000,
      "cogs": 11443000,
      "rd": null,
      "sga": 969000,
      "fcf": 172000,
      "ocf": 201000,
      "capex": -29000,
      "gross_margin": 0.09283335975899794,
      "op_margin": 0.016013952750911685,
      "fcf_margin": 0.013635642936419851,
      "incr_op_margin_yoy": 0.5918552036199095,
      "rev_growth_yoy": 0.09601181683899557,
      "rev_growth_yoy_accel": 0.041656416142131454,
      "fcf_margin_change": -0.030500363526090247
    },
    {
      "date": "2025-03-31T00:00:00",
      "quarter_label": "2025-03 (Q1)",
      "revenue": 13947000,
      "gross_profit": 1551000,
      "operating_income": 739000,
      "net_income": 611000,
      "opex": 812000,
      "cogs": 12396000,
      "rd": null,
      "sga": 812000,
      "fcf": 500000,
      "ocf": 616000,
      "capex": -116000,
      "gross_margin": 0.11120671112067111,
      "op_margin": 0.05298630529863053,
      "fcf_margin": 0.03585000358500036,
      "rev_growth_yoy": 0.060850384118049744,
      "rev_growth_yoy_accel": -0.03516143272094582,
      "op_leverage_ratio": Infinity,
      "fcf_margin_change": 0.022214360648580508
    },
    {
      "date": "2025-06-30T00:00:00",
      "quarter_label": "2025-06 (Q2)",
      "revenue": 14175000,
      "gross_profit": 1469000,
      "operating_income": 589000,
      "net_income": -178000,
      "opex": 880000,
      "cogs": 12706000,
      "rd": null,
      "sga": 880000,
      "fcf": 601000,
      "ocf": 591000,
      "capex": 10000,
      "gross_margin": 0.1036331569664903,
      "op_margin": 0.041552028218694886,
      "fcf_margin": 0.04239858906525573,
      "incr_op_margin_yoy": 0.13086074177746676,
      "rev_growth_yoy": 0.11211360426800565,
      "rev_growth_yoy_accel": 0.05126322014995591,
      "op_leverage_ratio": 0.19520959599154786,
      "fcf_margin_change": 0.006548585480255373
    },
    {
      "date": "2025-09-30T00:00:00",
      "quarter_label": "2025-09 (Q3)",
      "revenue": 12689000,
      "gross_profit": 1019000,
      "operating_income": 163000,
      "net_income": 123000,
      "opex": 856000,
      "cogs": 11670000,
      "rd": null,
      "sga": 856000,
      "fcf": 1128000,
      "ocf": 1301000,
      "capex": -173000,
      "gross_margin": 0.08030577665694696,
      "op_margin": 0.012845771928441958,
      "fcf_margin": 0.0888958940814879,
      "rev_growth_yoy": -0.06815010648454138,
      "rev_growth_yoy_accel": -0.18026371075254705,
      "fcf_margin_change": 0.04649730501623217
    }
  ],
  "signals": [
    {
      "quarter": "2025-09 (Q3)",
      "signal": "YoY REVENUE GROWTH DECELERATION",
      "detail": "YoY growth: -6.8% vs prior quarter YoY: +11.2% (decel: -18.0%)",
      "severity": "WARNING"
    },
    {
      "quarter": "2025-06 (Q2)",
      "signal": "YoY REVENUE GROWTH ACCELERATION",
      "detail": "YoY growth: +11.2% vs prior quarter YoY: +6.1% (accel: +5.1%)",
      "severity": "MEDIUM"
    },
    {
      "quarter": "2024-12 (Q4)",
      "signal": "OP MARGIN TURNED POSITIVE (YoY)",
      "detail": "Op margin: -3.9% (year-ago) -> +1.6%",
      "severity": "HIGH"
    },
    {
      "quarter": "2024-09 (Q3)",
      "signal": "FCF TURNED POSITIVE",
      "detail": "FCF margin: -2.6% -> +4.4%",
      "severity": "HIGH"
    },
    {
      "quarter": "2024-09 (Q3)",
      "signal": "YoY REVENUE GROWTH ACCELERATION",
      "detail": "YoY growth: +5.4% vs prior quarter YoY: -1.9% (accel: +7.3%)",
      "severity": "MEDIUM"
    },
    {
      "quarter": "2024-09 (Q3)",
      "signal": "OP MARGIN TURNED POSITIVE (YoY)",
      "detail": "Op margin: -0.4% (year-ago) -> +3.6%",
      "severity": "HIGH"
    },
    {
      "quarter": "2024-03 (Q1)",
      "signal": "FCF TURNED POSITIVE",
      "detail": "FCF margin: -16.1% -> +9.9%",
      "severity": "HIGH"
    },
    {
      "quarter": "2024-03 (Q1)",
      "signal": "GROSS MARGIN INFLECTION",
      "detail": "GM: +6.4% -> +4.5% -> +9.5% (reversal +5.0%)",
      "severity": "MEDIUM"
    },
    {
      "quarter": "2024-03 (Q1)",
      "signal": "YoY REVENUE GROWTH ACCELERATION",
      "detail": "YoY growth: +0.4% vs prior quarter YoY: -6.1% (accel: +6.5%)",
      "severity": "MEDIUM"
    },
    {
      "quarter": "2024-03 (Q1)",
      "signal": "OP MARGIN TURNED POSITIVE (QoQ)",
      "detail": "Op margin: -3.9% -> +2.7%",
      "severity": "HIGH"
    },
    {
      "quarter": "2023-12 (Q4)",
      "signal": "YoY REVENUE GROWTH DECELERATION",
      "detail": "YoY growth: -6.1% vs prior quarter YoY: +4.8% (decel: -10.9%)",
      "severity": "WARNING"
    },
    {
      "quarter": "2023-09 (Q3)",
      "signal": "FCF TURNED POSITIVE",
      "detail": "FCF margin: -9.3% -> +9.9%",
      "severity": "HIGH"
    },
    {
      "quarter": "2023-09 (Q3)",
      "signal": "YoY REVENUE GROWTH ACCELERATION",
      "detail": "YoY growth: +4.8% vs prior quarter YoY: -2.1% (accel: +6.8%)",
      "severity": "MEDIUM"
    },
    {
      "quarter": "2023-06 (Q2)",
      "signal": "YoY REVENUE GROWTH ACCELERATION",
      "detail": "YoY growth: -2.1% vs prior quarter YoY: -16.2% (accel: +14.2%)",
      "severity": "MEDIUM"
    },
    {
      "quarter": "2023-03 (Q1)",
      "signal": "FCF TURNED POSITIVE",
      "detail": "FCF margin: -0.6% -> +11.1%",
      "severity": "HIGH"
    },
    {
      "quarter": "2023-03 (Q1)",
      "signal": "INCREMENTAL MARGIN (YoY)",
      "detail": "YoY Incr OPM: +37.4% vs year-ago OPM: +6.3%",
      "severity": "HIGH"
    },
    {
      "quarter": "2023-03 (Q1)",
      "signal": "OP MARGIN TURNED POSITIVE (QoQ)",
      "detail": "Op margin: -0.3% -> +0.3%",
      "severity": "HIGH"
    },
    {
      "quarter": "2022-12 (Q4)",
      "signal": "YoY REVENUE GROWTH DECELERATION",
      "detail": "YoY growth: -16.0% vs prior quarter YoY: -3.3% (decel: -12.7%)",
      "severity": "WARNING"
    },
    {
      "quarter": "2022-09 (Q3)",
      "signal": "YoY REVENUE GROWTH ACCELERATION",
      "detail": "YoY growth: -3.3% vs prior quarter YoY: -22.2% (accel: +18.9%)",
      "severity": "HIGH"
    },
    {
      "quarter": "2022-06 (Q2)",
      "signal": "FCF MARGIN EXPANSION",
      "detail": "FCF margin: +3.4% -> +20.1% (+16.7%)",
      "severity": "MEDIUM"
    },
    {
      "quarter": "2022-06 (Q2)",
      "signal": "YoY REVENUE GROWTH DECELERATION",
      "detail": "YoY growth: -22.2% vs prior quarter YoY: -8.4% (decel: -13.8%)",
      "severity": "WARNING"
    },
    {
      "quarter": "2022-06 (Q2)",
      "signal": "INCREMENTAL MARGIN (YoY)",
      "detail": "YoY Incr OPM: +23.1% vs year-ago OPM: +7.7%",
      "severity": "MEDIUM"
    },
    {
      "quarter": "2022-03 (Q1)",
      "signal": "FCF TURNED POSITIVE",
      "detail": "FCF margin: -10.7% -> +3.4%",
      "severity": "HIGH"
    },
    {
      "quarter": "2022-03 (Q1)",
      "signal": "YoY REVENUE GROWTH DECELERATION",
      "detail": "YoY growth: -8.4% vs prior quarter YoY: +2.4% (decel: -10.8%)",
      "severity": "WARNING"
    },
    {
      "quarter": "2022-03 (Q1)",
      "signal": "INCREMENTAL MARGIN (YoY)",
      "detail": "YoY Incr OPM: +50.6% vs year-ago OPM: +10.1%",
      "severity": "HIGH"
    },
    {
      "quarter": "2021-09 (Q3)",
      "signal": "FCF MARGIN EXPANSION",
      "detail": "FCF margin: +3.3% -> +15.4% (+12.1%)",
      "severity": "MEDIUM"
    },
    {
      "quarter": "2021-03 (Q1)",
      "signal": "FCF TURNED POSITIVE",
      "detail": "FCF margin: -5.7% -> +6.7%",
      "severity": "HIGH"
    },
    {
      "quarter": "2021-03 (Q1)",
      "signal": "OPERATING LEVERAGE",
      "detail": "Rev growth +19.7% vs OpEx growth +1.3% (leverage: 15.3x)",
      "severity": "MEDIUM"
    }
  ],
  "data_quality": {
    "n_quarters": 20,
    "coverage": {
      "revenue": [
        20,
        20
      ],
      "gross_profit": [
        20,
        20
      ],
      "op_income": [
        20,
        20
      ],
      "fcf": [
        20,
        20
      ]
    },
    "gaps": [],
    "warnings": []
  },
  "market_cap": null,
  "source": "SEC EDGAR",
  "last_updated": "2026-02-03T00:09:46.325858",
  "sector": "Consumer Defensive",
  "industry": "Packaged Foods"
}