{
  "ticker": "INCY",
  "name": "INCYTE CORPORATION",
  "sector": "Healthcare",
  "industry": "Biotechnology",
  "quarters": [
    {
      "date": "2021-03-31T00:00:00",
      "quarter_label": "2021-03 (Q1)",
      "revenue": 604718000,
      "gross_profit": 575498000,
      "operating_income": 98797000,
      "net_income": 53535000,
      "opex": 505921000,
      "cogs": 29220000,
      "rd": 306896000,
      "sga": 153795000,
      "fcf": 206095000,
      "ocf": 206095000,
      "capex": null,
      "gross_margin": 0.9516799566078734,
      "op_margin": 0.16337697902162662,
      "fcf_margin": 0.34081175027037397
    },
    {
      "date": "2021-06-30T00:00:00",
      "quarter_label": "2021-06 (Q2)",
      "revenue": 705709000,
      "gross_profit": 667681000,
      "operating_income": 140836000,
      "net_income": 149456000,
      "opex": 564873000,
      "cogs": 38028000,
      "rd": 343511000,
      "sga": 168859000,
      "fcf": 172944000,
      "ocf": 172944000,
      "capex": null,
      "gross_margin": 0.9461137664391414,
      "op_margin": 0.19956667691640606,
      "fcf_margin": 0.24506418367910854,
      "op_leverage_ratio": 1.4332235634351151,
      "fcf_margin_change": -0.09574756659126543
    },
    {
      "date": "2021-09-30T00:00:00",
      "quarter_label": "2021-09 (Q3)",
      "revenue": 812987000,
      "gross_profit": 773118000,
      "operating_income": 235410000,
      "net_income": 181739000,
      "opex": 577577000,
      "cogs": 39869000,
      "rd": 334945000,
      "sga": 190704000,
      "fcf": 255098000,
      "ocf": 255098000,
      "capex": null,
      "gross_margin": 0.9509598554466431,
      "op_margin": 0.28956182571185024,
      "fcf_margin": 0.3137786951082859,
      "op_leverage_ratio": 6.759200726838932,
      "fcf_margin_change": 0.06871451142917734
    },
    {
      "date": "2021-12-31T00:00:00",
      "quarter_label": "2021-12 (Q4)",
      "revenue": 862853000,
      "gross_profit": 818979000,
      "operating_income": 110734000,
      "net_income": 563851000,
      "opex": 752119000,
      "cogs": 43874000,
      "rd": 472827000,
      "sga": 226202000,
      "fcf": 115351000,
      "ocf": 115351000,
      "capex": null,
      "gross_margin": 0.9491524048708181,
      "op_margin": 0.1283347221369109,
      "fcf_margin": 0.1336855756426645,
      "op_leverage_ratio": 0.20296954314178176,
      "fcf_margin_change": -0.18009311946562137
    },
    {
      "date": "2022-03-31T00:00:00",
      "quarter_label": "2022-03 (Q1)",
      "revenue": 733235000,
      "gross_profit": 690621000,
      "operating_income": 116540000,
      "net_income": 37992000,
      "opex": 616695000,
      "cogs": 42614000,
      "rd": 353373000,
      "sga": 209584000,
      "fcf": 215741000,
      "ocf": 215741000,
      "capex": null,
      "gross_margin": 0.9418822069322932,
      "op_margin": 0.1589394941594441,
      "fcf_margin": 0.2942317265269661,
      "incr_op_margin_yoy": 0.13805955632328798,
      "rev_growth_yoy": 0.21252385409397437,
      "fcf_margin_change": 0.1605461508843016
    },
    {
      "date": "2022-06-30T00:00:00",
      "quarter_label": "2022-06 (Q2)",
      "revenue": 911397000,
      "gross_profit": 860761000,
      "operating_income": 254431000,
      "net_income": 161432000,
      "opex": 656966000,
      "cogs": 50636000,
      "rd": 347196000,
      "sga": 253277000,
      "fcf": 174157000,
      "ocf": 174157000,
      "capex": null,
      "gross_margin": 0.9444413356638216,
      "op_margin": 0.27916593976060927,
      "fcf_margin": 0.19108796715372114,
      "incr_op_margin_yoy": 0.552268484306328,
      "rev_growth_yoy": 0.29146291176674805,
      "rev_growth_yoy_accel": 0.07893905767277368,
      "op_leverage_ratio": 3.720916337850193,
      "fcf_margin_change": -0.10314375937324496
    },
    {
      "date": "2022-09-30T00:00:00",
      "quarter_label": "2022-09 (Q3)",
      "revenue": 823303000,
      "gross_profit": 768719000,
      "operating_income": 138376000,
      "net_income": 112775000,
      "opex": 684927000,
      "cogs": 54584000,
      "rd": 384007000,
      "sga": 266460000,
      "fcf": 296381000,
      "ocf": 296381000,
      "capex": null,
      "gross_margin": 0.9337012011373699,
      "op_margin": 0.16807420840200996,
      "fcf_margin": 0.3599901858732447,
      "incr_op_margin_yoy": -9.406165180302443,
      "rev_growth_yoy": 0.012689009787364374,
      "rev_growth_yoy_accel": -0.2787739019793837,
      "fcf_margin_change": 0.16890221871952357
    },
    {
      "date": "2022-12-31T00:00:00",
      "quarter_label": "2022-12 (Q4)",
      "revenue": 926700000,
      "gross_profit": 867537000,
      "operating_income": 70093000,
      "net_income": 28461000,
      "opex": 856607000,
      "cogs": 59163000,
      "rd": 501360000,
      "sga": 272819000,
      "fcf": 283662000,
      "ocf": 283662000,
      "capex": null,
      "gross_margin": 0.9361573324700551,
      "op_margin": 0.07563720729470164,
      "fcf_margin": 0.3060990611848495,
      "incr_op_margin_yoy": -0.6365373470953999,
      "rev_growth_yoy": 0.07399522282474535,
      "rev_growth_yoy_accel": 0.06130621303738098,
      "op_leverage_ratio": 0.5010404885476314,
      "fcf_margin_change": -0.05389112468839524
    },
    {
      "date": "2023-03-31T00:00:00",
      "quarter_label": "2023-03 (Q1)",
      "revenue": 808673000,
      "gross_profit": 751851000,
      "operating_income": 24770000,
      "net_income": 21703000,
      "opex": 783903000,
      "cogs": 56822000,
      "rd": 406641000,
      "sga": 315606000,
      "fcf": -105603000,
      "ocf": -105603000,
      "capex": null,
      "gross_margin": 0.9297342683631085,
      "op_margin": 0.030630427873813024,
      "fcf_margin": -0.13058801270723766,
      "incr_op_margin_yoy": -1.2164956653145629,
      "rev_growth_yoy": 0.10288379578170709,
      "rev_growth_yoy_accel": 0.028888572956961733,
      "fcf_margin_change": -0.43668707389208716
    },
    {
      "date": "2023-06-30T00:00:00",
      "quarter_label": "2023-06 (Q2)",
      "revenue": 954610000,
      "gross_profit": 886284000,
      "operating_income": 193780000,
      "net_income": 203548000,
      "opex": 760830000,
      "cogs": 68326000,
      "rd": 400750000,
      "sga": 283929000,
      "fcf": 306526000,
      "ocf": 306526000,
      "capex": null,
      "gross_margin": 0.9284252207707859,
      "op_margin": 0.20299389279391583,
      "fcf_margin": 0.32110076366264756,
      "incr_op_margin_yoy": -1.4035359729710966,
      "rev_growth_yoy": 0.0474140248431803,
      "rev_growth_yoy_accel": -0.055469770938526786,
      "op_leverage_ratio": null,
      "fcf_margin_change": 0.45168877636988525
    },
    {
      "date": "2023-09-30T00:00:00",
      "quarter_label": "2023-09 (Q3)",
      "revenue": 919025000,
      "gross_profit": 858934000,
      "operating_income": 214705000,
      "net_income": 171269000,
      "opex": 704320000,
      "cogs": 60091000,
      "rd": 375709000,
      "sga": 267893000,
      "fcf": 147835000,
      "ocf": 147835000,
      "capex": null,
      "gross_margin": 0.9346144011316341,
      "op_margin": 0.23362258915698703,
      "fcf_margin": 0.1608606947580316,
      "incr_op_margin_yoy": 0.7974028958860032,
      "rev_growth_yoy": 0.11626582193918886,
      "rev_growth_yoy_accel": 0.06885179709600855,
      "fcf_margin_change": -0.16024006890461595
    },
    {
      "date": "2023-12-31T00:00:00",
      "quarter_label": "2023-12 (Q4)",
      "revenue": 1013341000,
      "gross_profit": 943590000,
      "operating_income": 187270000,
      "net_income": 201079000,
      "opex": 826071000,
      "cogs": 69751000,
      "rd": 444494000,
      "sga": 293865000,
      "fcf": 147729000,
      "ocf": 147729000,
      "capex": null,
      "gross_margin": 0.9311672970895286,
      "op_margin": 0.18480452286051782,
      "fcf_margin": 0.14578409439665424,
      "incr_op_margin_yoy": 1.3524428388407337,
      "rev_growth_yoy": 0.09349411891658574,
      "rev_growth_yoy_accel": -0.022771703022603118,
      "op_leverage_ratio": 0.5936842562366602,
      "fcf_margin_change": -0.015076600361377368
    },
    {
      "date": "2024-03-31T00:00:00",
      "quarter_label": "2024-03 (Q1)",
      "revenue": 880889000,
      "gross_profit": 819933000,
      "operating_income": 91898000,
      "net_income": 169548000,
      "opex": 788991000,
      "cogs": 60956000,
      "rd": 429260000,
      "sga": 300256000,
      "fcf": 218811000,
      "ocf": 218811000,
      "capex": null,
      "gross_margin": 0.9308017241672901,
      "op_margin": 0.10432415434861828,
      "fcf_margin": 0.24839792527775917,
      "incr_op_margin_yoy": 0.9295446992356264,
      "rev_growth_yoy": 0.08930185625091971,
      "rev_growth_yoy_accel": -0.0041922626656660245,
      "fcf_margin_change": 0.10261383088110493
    },
    {
      "date": "2024-06-30T00:00:00",
      "quarter_label": "2024-06 (Q2)",
      "revenue": 1043759000,
      "gross_profit": 967125000,
      "operating_income": -478130000,
      "net_income": -444601000,
      "opex": 1521889000,
      "cogs": 76634000,
      "rd": 1138380000,
      "sga": 305982000,
      "fcf": -575563000,
      "ocf": -575563000,
      "capex": null,
      "gross_margin": 0.92657883668548,
      "op_margin": -0.45808467280282134,
      "fcf_margin": -0.551432849920336,
      "incr_op_margin_yoy": -7.536932551122279,
      "rev_growth_yoy": 0.09338787567697804,
      "rev_growth_yoy_accel": 0.004086019426058324,
      "op_leverage_ratio": 0.1990436936398251,
      "fcf_margin_change": -0.7998307751980952
    },
    {
      "date": "2024-09-30T00:00:00",
      "quarter_label": "2024-09 (Q3)",
      "revenue": 1137871000,
      "gross_profit": 1051878000,
      "operating_income": 146085000,
      "net_income": 106456000,
      "opex": 991786000,
      "cogs": 85993000,
      "rd": 573174000,
      "sga": 309209000,
      "fcf": 310871000,
      "ocf": 310871000,
      "capex": null,
      "gross_margin": 0.9244264068598286,
      "op_margin": 0.12838450052773998,
      "fcf_margin": 0.27320408025162785,
      "incr_op_margin_yoy": -0.3135538232364311,
      "rev_growth_yoy": 0.23812845134789587,
      "rev_growth_yoy_accel": 0.14474057567091783,
      "op_leverage_ratio": null,
      "fcf_margin_change": 0.8246369301719638
    },
    {
      "date": "2024-12-31T00:00:00",
      "quarter_label": "2024-12 (Q4)",
      "revenue": 1178698000,
      "gross_profit": 1090213000,
      "operating_income": 301513000,
      "net_income": 201212000,
      "opex": 877185000,
      "cogs": 88485000,
      "rd": 466034000,
      "sga": 326710000,
      "fcf": 381218000,
      "ocf": 381218000,
      "capex": null,
      "gross_margin": 0.9249298802577081,
      "op_margin": 0.25580174056458904,
      "fcf_margin": 0.32342296330357734,
      "incr_op_margin_yoy": 0.6908869899671619,
      "rev_growth_yoy": 0.16318001541435706,
      "rev_growth_yoy_accel": -0.07494843593353881,
      "op_leverage_ratio": null,
      "fcf_margin_change": 0.05021888305194949
    },
    {
      "date": "2025-03-31T00:00:00",
      "quarter_label": "2025-03 (Q1)",
      "revenue": 1052898000,
      "gross_profit": 979710000,
      "operating_income": 205168000,
      "net_income": 158203000,
      "opex": 847730000,
      "cogs": 73188000,
      "rd": 437279000,
      "sga": 325691000,
      "fcf": 266067000,
      "ocf": 266067000,
      "capex": null,
      "gross_margin": 0.930488993235812,
      "op_margin": 0.1948602808629136,
      "fcf_margin": 0.2526996917080287,
      "incr_op_margin_yoy": 0.6585120546017941,
      "rev_growth_yoy": 0.1952675081650469,
      "rev_growth_yoy_accel": 0.03208749275068984,
      "fcf_margin_change": -0.07072327159554864
    },
    {
      "date": "2025-06-30T00:00:00",
      "quarter_label": "2025-06 (Q2)",
      "revenue": 1215529000,
      "gross_profit": 1136763000,
      "operating_income": 530314000,
      "net_income": 404999000,
      "opex": 685215000,
      "cogs": 78766000,
      "rd": 494917000,
      "sga": 331022000,
      "fcf": 44741000,
      "ocf": 44741000,
      "capex": null,
      "gross_margin": 0.9352002296942319,
      "op_margin": 0.4362824745440051,
      "fcf_margin": 0.036807842511367476,
      "incr_op_margin_yoy": 5.870897129882983,
      "rev_growth_yoy": 0.16456864084525258,
      "rev_growth_yoy_accel": -0.03069886731979432,
      "op_leverage_ratio": null,
      "fcf_margin_change": -0.2158918491966612
    },
    {
      "date": "2025-09-30T00:00:00",
      "quarter_label": "2025-09 (Q3)",
      "revenue": 1365980000,
      "gross_profit": 1266979000,
      "operating_income": 443518000,
      "net_income": 424169000,
      "opex": 922462000,
      "cogs": 99001000,
      "rd": 506584000,
      "sga": 329081000,
      "fcf": 559389000,
      "ocf": 559389000,
      "capex": null,
      "gross_margin": 0.9275238290458132,
      "op_margin": 0.32468850202784816,
      "fcf_margin": 0.40951478059708046,
      "incr_op_margin_yoy": 1.303907342542381,
      "rev_growth_yoy": 0.20047000055366557,
      "rev_growth_yoy_accel": 0.03590135970841299,
      "op_leverage_ratio": 0.35748340515319427,
      "fcf_margin_change": 0.372706938085713
    },
    {
      "date": "2025-12-31T00:00:00",
      "quarter_label": "2025-12 (Q4)",
      "revenue": 1506835000,
      "gross_profit": 1385660000,
      "operating_income": 335859000,
      "net_income": 299279000,
      "opex": 1170976000,
      "cogs": 121175000,
      "rd": 611372000,
      "sga": 390412000,
      "fcf": 543301000,
      "ocf": 543301000,
      "capex": null,
      "gross_margin": 0.9195830996758105,
      "op_margin": 0.22289036291299313,
      "fcf_margin": 0.3605577252983903,
      "incr_op_margin_yoy": 0.104669695889217,
      "rev_growth_yoy": 0.2783893753955636,
      "rev_growth_yoy_accel": 0.07791937484189801,
      "op_leverage_ratio": 0.38275912442304033,
      "fcf_margin_change": -0.048957055298690155
    }
  ],
  "signals": [
    {
      "quarter": "2025-12 (Q4)",
      "signal": "YoY REVENUE GROWTH ACCELERATION",
      "detail": "YoY growth: +27.8% vs prior quarter YoY: +20.0% (accel: +7.8%)",
      "severity": "MEDIUM"
    },
    {
      "quarter": "2025-09 (Q3)",
      "signal": "FCF MARGIN EXPANSION",
      "detail": "FCF margin: +3.7% -> +41.0% (+37.3%)",
      "severity": "MEDIUM"
    },
    {
      "quarter": "2025-09 (Q3)",
      "signal": "INCREMENTAL MARGIN (YoY)",
      "detail": "YoY Incr OPM: +130.4% vs year-ago OPM: +12.8%",
      "severity": "HIGH"
    },
    {
      "quarter": "2025-06 (Q2)",
      "signal": "OP MARGIN TURNED POSITIVE (YoY)",
      "detail": "Op margin: -45.8% (year-ago) -> +43.6%",
      "severity": "HIGH"
    },
    {
      "quarter": "2025-03 (Q1)",
      "signal": "INCREMENTAL MARGIN (YoY)",
      "detail": "YoY Incr OPM: +65.9% vs year-ago OPM: +10.4%",
      "severity": "HIGH"
    },
    {
      "quarter": "2024-12 (Q4)",
      "signal": "FCF MARGIN EXPANSION",
      "detail": "FCF margin: +27.3% -> +32.3% (+5.0%)",
      "severity": "MEDIUM"
    },
    {
      "quarter": "2024-12 (Q4)",
      "signal": "YoY REVENUE GROWTH DECELERATION",
      "detail": "YoY growth: +16.3% vs prior quarter YoY: +23.8% (decel: -7.5%)",
      "severity": "WARNING"
    },
    {
      "quarter": "2024-12 (Q4)",
      "signal": "INCREMENTAL MARGIN (YoY)",
      "detail": "YoY Incr OPM: +69.1% vs year-ago OPM: +18.5%",
      "severity": "HIGH"
    },
    {
      "quarter": "2024-09 (Q3)",
      "signal": "FCF TURNED POSITIVE",
      "detail": "FCF margin: -55.1% -> +27.3%",
      "severity": "HIGH"
    },
    {
      "quarter": "2024-09 (Q3)",
      "signal": "YoY REVENUE GROWTH ACCELERATION",
      "detail": "YoY growth: +23.8% vs prior quarter YoY: +9.3% (accel: +14.5%)",
      "severity": "MEDIUM"
    },
    {
      "quarter": "2024-09 (Q3)",
      "signal": "OP MARGIN TURNED POSITIVE (QoQ)",
      "detail": "Op margin: -45.8% -> +12.8%",
      "severity": "HIGH"
    },
    {
      "quarter": "2024-03 (Q1)",
      "signal": "FCF MARGIN EXPANSION",
      "detail": "FCF margin: +14.6% -> +24.8% (+10.3%)",
      "severity": "MEDIUM"
    },
    {
      "quarter": "2024-03 (Q1)",
      "signal": "INCREMENTAL MARGIN (YoY)",
      "detail": "YoY Incr OPM: +93.0% vs year-ago OPM: +3.1%",
      "severity": "HIGH"
    },
    {
      "quarter": "2023-12 (Q4)",
      "signal": "INCREMENTAL MARGIN (YoY)",
      "detail": "YoY Incr OPM: +135.2% vs year-ago OPM: +7.6%",
      "severity": "HIGH"
    },
    {
      "quarter": "2023-09 (Q3)",
      "signal": "YoY REVENUE GROWTH ACCELERATION",
      "detail": "YoY growth: +11.6% vs prior quarter YoY: +4.7% (accel: +6.9%)",
      "severity": "MEDIUM"
    },
    {
      "quarter": "2023-09 (Q3)",
      "signal": "INCREMENTAL MARGIN (YoY)",
      "detail": "YoY Incr OPM: +79.7% vs year-ago OPM: +16.8%",
      "severity": "HIGH"
    },
    {
      "quarter": "2023-06 (Q2)",
      "signal": "FCF TURNED POSITIVE",
      "detail": "FCF margin: -13.1% -> +32.1%",
      "severity": "HIGH"
    },
    {
      "quarter": "2023-06 (Q2)",
      "signal": "YoY REVENUE GROWTH DECELERATION",
      "detail": "YoY growth: +4.7% vs prior quarter YoY: +10.3% (decel: -5.5%)",
      "severity": "WARNING"
    },
    {
      "quarter": "2022-12 (Q4)",
      "signal": "YoY REVENUE GROWTH ACCELERATION",
      "detail": "YoY growth: +7.4% vs prior quarter YoY: +1.3% (accel: +6.1%)",
      "severity": "MEDIUM"
    },
    {
      "quarter": "2022-09 (Q3)",
      "signal": "FCF MARGIN EXPANSION",
      "detail": "FCF margin: +19.1% -> +36.0% (+16.9%)",
      "severity": "MEDIUM"
    },
    {
      "quarter": "2022-09 (Q3)",
      "signal": "YoY REVENUE GROWTH DECELERATION",
      "detail": "YoY growth: +1.3% vs prior quarter YoY: +29.1% (decel: -27.9%)",
      "severity": "WARNING"
    },
    {
      "quarter": "2022-06 (Q2)",
      "signal": "OPERATING LEVERAGE",
      "detail": "Rev growth +24.3% vs OpEx growth +6.5% (leverage: 3.7x)",
      "severity": "MEDIUM"
    },
    {
      "quarter": "2022-06 (Q2)",
      "signal": "YoY REVENUE GROWTH ACCELERATION",
      "detail": "YoY growth: +29.1% vs prior quarter YoY: +21.3% (accel: +7.9%)",
      "severity": "MEDIUM"
    },
    {
      "quarter": "2022-06 (Q2)",
      "signal": "INCREMENTAL MARGIN (YoY)",
      "detail": "YoY Incr OPM: +55.2% vs year-ago OPM: +20.0%",
      "severity": "HIGH"
    },
    {
      "quarter": "2022-03 (Q1)",
      "signal": "FCF MARGIN EXPANSION",
      "detail": "FCF margin: +13.4% -> +29.4% (+16.1%)",
      "severity": "MEDIUM"
    },
    {
      "quarter": "2021-09 (Q3)",
      "signal": "FCF MARGIN EXPANSION",
      "detail": "FCF margin: +24.5% -> +31.4% (+6.9%)",
      "severity": "MEDIUM"
    },
    {
      "quarter": "2021-09 (Q3)",
      "signal": "OPERATING LEVERAGE",
      "detail": "Rev growth +15.2% vs OpEx growth +2.2% (leverage: 6.8x)",
      "severity": "MEDIUM"
    }
  ],
  "data_quality": {
    "n_quarters": 20,
    "coverage": {
      "revenue": [
        20,
        20
      ],
      "gross_profit": [
        20,
        20
      ],
      "op_income": [
        20,
        20
      ],
      "fcf": [
        20,
        20
      ]
    },
    "gaps": [],
    "warnings": []
  },
  "market_cap": null,
  "source": "SEC EDGAR",
  "last_updated": "2026-02-24T11:05:39.873216"
}