{
  "ticker": "INDI",
  "name": "INDIE SEMICONDUCTOR, INC.",
  "quarters": [
    {
      "date": "2020-12-31T00:00:00",
      "quarter_label": "2020-12 (Q4)",
      "revenue": 6653000,
      "gross_profit": 2353000,
      "operating_income": -6919000,
      "net_income": -63560000,
      "opex": 13572000,
      "cogs": 4300000,
      "rd": 6556000,
      "sga": 2716000,
      "fcf": -6703000,
      "ocf": -6691000,
      "capex": -12000,
      "gross_margin": 0.35367503381932963,
      "op_margin": -1.0399819630241995,
      "fcf_margin": -1.0075154065834961
    },
    {
      "date": "2021-03-31T00:00:00",
      "quarter_label": "2021-03 (Q1)",
      "revenue": 8114000,
      "gross_profit": 3266000,
      "operating_income": -8106000,
      "net_income": 10815000,
      "opex": 16220000,
      "cogs": 4848000,
      "rd": 8677000,
      "sga": 2695000,
      "fcf": -9231000,
      "ocf": -9091000,
      "capex": -140000,
      "gross_margin": 0.4025141730342618,
      "op_margin": -0.9990140497904856,
      "fcf_margin": -1.137663298003451,
      "op_leverage_ratio": 1.1255338549767204,
      "fcf_margin_change": -0.13014789141995475
    },
    {
      "date": "2021-06-30T00:00:00",
      "quarter_label": "2021-06 (Q2)",
      "revenue": 9180000,
      "gross_profit": 3861000,
      "operating_income": -18503000,
      "net_income": 6149000,
      "opex": 27683000,
      "cogs": 5319000,
      "rd": 13486000,
      "sga": 8878000,
      "fcf": -13711000,
      "ocf": -13042000,
      "capex": -669000,
      "gross_margin": 0.42058823529411765,
      "op_margin": -2.0155773420479304,
      "fcf_margin": -1.4935729847494554,
      "op_leverage_ratio": 0.18589801771583855,
      "fcf_margin_change": -0.35590968674600454
    },
    {
      "date": "2021-09-30T00:00:00",
      "quarter_label": "2021-09 (Q3)",
      "revenue": 12157000,
      "gross_profit": 5227000,
      "operating_income": -21258000,
      "net_income": -79649000,
      "opex": 33415000,
      "cogs": 6930000,
      "rd": 15043000,
      "sga": 11442000,
      "fcf": -15639000,
      "ocf": -14780000,
      "capex": -859000,
      "gross_margin": 0.4299580488607387,
      "op_margin": -1.7486221929752406,
      "fcf_margin": -1.2864193468783416,
      "op_leverage_ratio": 1.5661852315555982,
      "fcf_margin_change": 0.20715363787111385
    },
    {
      "date": "2021-12-31T00:00:00",
      "quarter_label": "2021-12 (Q4)",
      "revenue": 18961000,
      "gross_profit": 7355000,
      "operating_income": -26925000,
      "net_income": -25359000,
      "opex": 45886000,
      "cogs": 11606000,
      "rd": 20911000,
      "sga": 13369000,
      "fcf": -19920000,
      "ocf": -18906000,
      "capex": -1014000,
      "gross_margin": 0.38790148198934654,
      "op_margin": -1.420020041137071,
      "fcf_margin": -1.0505775011866463,
      "incr_op_margin_yoy": -1.6254468638284043,
      "rev_growth_yoy": 1.8499924845934166,
      "op_leverage_ratio": 1.4996091252508648,
      "fcf_margin_change": 0.2358418456916953
    },
    {
      "date": "2022-03-31T00:00:00",
      "quarter_label": "2022-03 (Q1)",
      "revenue": 21999000,
      "gross_profit": 7807000,
      "operating_income": -34334000,
      "net_income": 10833000,
      "opex": 56333000,
      "cogs": 14192000,
      "rd": 29499000,
      "sga": 12642000,
      "fcf": -16279000,
      "ocf": -15714000,
      "capex": -565000,
      "gross_margin": 0.35487976726214826,
      "op_margin": -1.5607073048774944,
      "fcf_margin": -0.7399881812809673,
      "incr_op_margin_yoy": -1.8889449045732805,
      "rev_growth_yoy": 1.7112398323884643,
      "rev_growth_yoy_accel": -0.13875265220495225,
      "op_leverage_ratio": 0.7037447003900088,
      "fcf_margin_change": 0.31058931990567895
    },
    {
      "date": "2022-06-30T00:00:00",
      "quarter_label": "2022-06 (Q2)",
      "revenue": 25755000,
      "gross_profit": 10577000,
      "operating_income": -29975000,
      "net_income": -4234000,
      "opex": 55730000,
      "cogs": 15178000,
      "rd": 28467000,
      "sga": 12085000,
      "fcf": -22449000,
      "ocf": -21168000,
      "capex": -1281000,
      "gross_margin": 0.4106775383420695,
      "op_margin": -1.1638516792855755,
      "fcf_margin": -0.8716365754222481,
      "incr_op_margin_yoy": -0.6921266968325792,
      "rev_growth_yoy": 1.8055555555555556,
      "rev_growth_yoy_accel": 0.09431572316709125,
      "op_leverage_ratio": Infinity,
      "fcf_margin_change": -0.13164839414128082
    },
    {
      "date": "2022-09-30T00:00:00",
      "quarter_label": "2022-09 (Q3)",
      "revenue": 30016000,
      "gross_profit": 15046000,
      "operating_income": -25859000,
      "net_income": -37607000,
      "opex": 55875000,
      "cogs": 14970000,
      "rd": 30229000,
      "sga": 10676000,
      "fcf": -24595000,
      "ocf": -21933000,
      "capex": -2662000,
      "gross_margin": 0.5012659914712153,
      "op_margin": -0.861507196162047,
      "fcf_margin": -0.8193963219616205,
      "incr_op_margin_yoy": -0.2576292065625175,
      "rev_growth_yoy": 1.469030188368841,
      "rev_growth_yoy_accel": -0.33652536718671455,
      "op_leverage_ratio": 63.58739314093681,
      "fcf_margin_change": 0.05224025346062766
    },
    {
      "date": "2022-12-31T00:00:00",
      "quarter_label": "2022-12 (Q4)",
      "revenue": 33027000,
      "gross_profit": 16876000,
      "operating_income": -28960000,
      "net_income": -12392000,
      "opex": 61987000,
      "cogs": 16151000,
      "rd": 33002000,
      "sga": 12834000,
      "fcf": -20991000,
      "ocf": -17931000,
      "capex": -3060000,
      "gross_margin": 0.5109758682290247,
      "op_margin": -0.8768583280346384,
      "fcf_margin": -0.6355708965391952,
      "incr_op_margin_yoy": -0.14467510308545428,
      "rev_growth_yoy": 0.7418385106270766,
      "rev_growth_yoy_accel": -0.7271916777417644,
      "op_leverage_ratio": 0.917048129522893,
      "fcf_margin_change": 0.1838254254224253
    },
    {
      "date": "2023-03-31T00:00:00",
      "quarter_label": "2023-03 (Q1)",
      "revenue": 40452000,
      "gross_profit": 16396000,
      "operating_income": -36981000,
      "net_income": -72746000,
      "opex": 77433000,
      "cogs": 24056000,
      "rd": 36563000,
      "sga": 16814000,
      "fcf": -36084000,
      "ocf": -32885000,
      "capex": -3199000,
      "gross_margin": 0.4053198852961535,
      "op_margin": -0.9141946010086028,
      "fcf_margin": -0.8920201720557698,
      "incr_op_margin_yoy": -0.14344551021514118,
      "rev_growth_yoy": 0.8388108550388654,
      "rev_growth_yoy_accel": 0.09697234441178881,
      "op_leverage_ratio": 0.902218897168017,
      "fcf_margin_change": -0.2564492755165746
    },
    {
      "date": "2023-06-30T00:00:00",
      "quarter_label": "2023-06 (Q2)",
      "revenue": 52108000,
      "gross_profit": 19981000,
      "operating_income": -40725000,
      "net_income": -13127000,
      "opex": 92833000,
      "cogs": 32127000,
      "rd": 42069000,
      "sga": 18637000,
      "fcf": -43620000,
      "ocf": -40255000,
      "capex": -3365000,
      "gross_margin": 0.38345359637675597,
      "op_margin": -0.7815498579872573,
      "fcf_margin": -0.8371075458662778,
      "incr_op_margin_yoy": -0.4079231966000076,
      "rev_growth_yoy": 1.023218792467482,
      "rev_growth_yoy_accel": 0.1844079374286166,
      "op_leverage_ratio": 1.4488215759322256,
      "fcf_margin_change": 0.054912626189492
    },
    {
      "date": "2023-09-30T00:00:00",
      "quarter_label": "2023-09 (Q3)",
      "revenue": 60476000,
      "gross_profit": 25289000,
      "operating_income": -36146000,
      "net_income": -17097000,
      "opex": 96622000,
      "cogs": 35187000,
      "rd": 41594000,
      "sga": 19841000,
      "fcf": -16853000,
      "ocf": -14837000,
      "capex": -2016000,
      "gross_margin": 0.4181658839870362,
      "op_margin": -0.5976916462729016,
      "fcf_margin": -0.2786725312520669,
      "incr_op_margin_yoy": -0.33772160210111624,
      "rev_growth_yoy": 1.0147921108742004,
      "rev_growth_yoy_accel": -0.008426681593281637,
      "op_leverage_ratio": 3.9345498051299472,
      "fcf_margin_change": 0.5584350146142109
    },
    {
      "date": "2023-12-31T00:00:00",
      "quarter_label": "2023-12 (Q4)",
      "revenue": 70133000,
      "gross_profit": 27897000,
      "operating_income": -21571000,
      "net_income": -14655000,
      "opex": 91704000,
      "cogs": 42236000,
      "rd": 34281000,
      "sga": 15187000,
      "fcf": -20580000,
      "ocf": -16408000,
      "capex": -4172000,
      "gross_margin": 0.3977728031026763,
      "op_margin": -0.3075727546233585,
      "fcf_margin": -0.2934424593272782,
      "incr_op_margin_yoy": 0.19913221581415405,
      "rev_growth_yoy": 1.1235050110515639,
      "rev_growth_yoy_accel": 0.10871290017736346,
      "op_leverage_ratio": Infinity,
      "fcf_margin_change": -0.01476992807521127
    },
    {
      "date": "2024-03-31T00:00:00",
      "quarter_label": "2024-03 (Q1)",
      "revenue": 52353000,
      "gross_profit": 22264000,
      "operating_income": -49647000,
      "net_income": -31179000,
      "opex": 102000000,
      "cogs": 30089000,
      "rd": 49589000,
      "sga": 22322000,
      "fcf": -11666000,
      "ocf": -9349000,
      "capex": -2317000,
      "gross_margin": 0.42526693790231695,
      "op_margin": -0.9483124176264971,
      "fcf_margin": -0.2228334574904972,
      "incr_op_margin_yoy": -1.064280312578775,
      "rev_growth_yoy": 0.2942005339661821,
      "rev_growth_yoy_accel": -0.8293044770853817,
      "fcf_margin_change": 0.07060900183678098
    },
    {
      "date": "2024-06-30T00:00:00",
      "quarter_label": "2024-06 (Q2)",
      "revenue": 52355000,
      "gross_profit": 22114000,
      "operating_income": -36634000,
      "net_income": -19160000,
      "opex": 88989000,
      "cogs": 30241000,
      "rd": 41301000,
      "sga": 17447000,
      "fcf": -23386000,
      "ocf": -19724000,
      "capex": -3662000,
      "gross_margin": 0.4223856365199121,
      "op_margin": -0.6997230445993697,
      "fcf_margin": -0.4466813102855506,
      "rev_growth_yoy": 0.0047401550625623705,
      "rev_growth_yoy_accel": -0.28946037890361975,
      "fcf_margin_change": -0.22384785279505337
    },
    {
      "date": "2024-09-30T00:00:00",
      "quarter_label": "2024-09 (Q3)",
      "revenue": 53965000,
      "gross_profit": 21235000,
      "operating_income": -49903000,
      "net_income": -49682000,
      "opex": 103868000,
      "cogs": 32730000,
      "rd": 45968000,
      "sga": 20848000,
      "fcf": -29329000,
      "ocf": -22804000,
      "capex": -6525000,
      "gross_margin": 0.3934957843046419,
      "op_margin": -0.9247289910126935,
      "fcf_margin": -0.543481886407857,
      "incr_op_margin_yoy": 2.112885885424666,
      "rev_growth_yoy": -0.10766254381903564,
      "rev_growth_yoy_accel": -0.11240269888159801,
      "op_leverage_ratio": 0.18392056601955678,
      "fcf_margin_change": -0.09680057612230641
    },
    {
      "date": "2024-12-31T00:00:00",
      "quarter_label": "2024-12 (Q4)",
      "revenue": 58009000,
      "gross_profit": 24696000,
      "operating_income": -33896000,
      "net_income": -32582000,
      "opex": 91905000,
      "cogs": 33313000,
      "rd": 38254000,
      "sga": 20328000,
      "fcf": -8557000,
      "ocf": -6724000,
      "capex": -1833000,
      "gross_margin": 0.4257270423554966,
      "op_margin": -0.5843231222741299,
      "fcf_margin": -0.14751159302866795,
      "incr_op_margin_yoy": 1.0165786869020126,
      "rev_growth_yoy": -0.17287154406627409,
      "rev_growth_yoy_accel": -0.06520900024723844,
      "op_leverage_ratio": Infinity,
      "fcf_margin_change": 0.39597029337918904
    },
    {
      "date": "2025-03-31T00:00:00",
      "quarter_label": "2025-03 (Q1)",
      "revenue": 54077000,
      "gross_profit": 22549000,
      "operating_income": -38933000,
      "net_income": -34546000,
      "opex": 93010000,
      "cogs": 31528000,
      "rd": 42115000,
      "sga": 19367000,
      "fcf": -31379000,
      "ocf": -29001000,
      "capex": -2378000,
      "gross_margin": 0.41697949220555874,
      "op_margin": -0.7199548791537992,
      "fcf_margin": -0.5802651774321801,
      "incr_op_margin_yoy": 6.2146171693735495,
      "rev_growth_yoy": 0.03293030007831452,
      "rev_growth_yoy_accel": 0.2058018441445886,
      "fcf_margin_change": -0.43275358440351214
    },
    {
      "date": "2025-06-30T00:00:00",
      "quarter_label": "2025-06 (Q2)",
      "revenue": 51634000,
      "gross_profit": 20941000,
      "operating_income": -42993000,
      "net_income": -39038000,
      "opex": 94627000,
      "cogs": 30693000,
      "rd": 38472000,
      "sga": 18355000,
      "fcf": -13619000,
      "ocf": -7605000,
      "capex": -6014000,
      "gross_margin": 0.40556609985668357,
      "op_margin": -0.8326490297091064,
      "fcf_margin": -0.26376031297207264,
      "rev_growth_yoy": -0.013771368541686563,
      "rev_growth_yoy_accel": -0.04670166862000108,
      "fcf_margin_change": 0.31650486446010745
    },
    {
      "date": "2025-09-30T00:00:00",
      "quarter_label": "2025-09 (Q3)",
      "revenue": 53676000,
      "gross_profit": 21503000,
      "operating_income": -38342000,
      "net_income": -38289000,
      "opex": 92018000,
      "cogs": 32173000,
      "rd": 37987000,
      "sga": 20816000,
      "fcf": -10329000,
      "ocf": -6167000,
      "capex": -4162000,
      "gross_margin": 0.4006073477904464,
      "op_margin": -0.7143229748863552,
      "fcf_margin": -0.1924323720098368,
      "rev_growth_yoy": -0.005355322894468637,
      "rev_growth_yoy_accel": 0.008416045647217926,
      "op_leverage_ratio": Infinity,
      "fcf_margin_change": 0.07132794096223585
    }
  ],
  "signals": [
    {
      "quarter": "2025-09 (Q3)",
      "signal": "FCF MARGIN EXPANSION",
      "detail": "FCF margin: -26.4% -> -19.2% (+7.1%)",
      "severity": "MEDIUM"
    },
    {
      "quarter": "2025-06 (Q2)",
      "signal": "FCF MARGIN EXPANSION",
      "detail": "FCF margin: -58.0% -> -26.4% (+31.7%)",
      "severity": "MEDIUM"
    },
    {
      "quarter": "2025-03 (Q1)",
      "signal": "YoY REVENUE GROWTH ACCELERATION",
      "detail": "YoY growth: +3.3% vs prior quarter YoY: -17.3% (accel: +20.6%)",
      "severity": "HIGH"
    },
    {
      "quarter": "2024-12 (Q4)",
      "signal": "FCF MARGIN EXPANSION",
      "detail": "FCF margin: -54.3% -> -14.8% (+39.6%)",
      "severity": "MEDIUM"
    },
    {
      "quarter": "2024-12 (Q4)",
      "signal": "GROSS MARGIN INFLECTION",
      "detail": "GM: +42.2% -> +39.3% -> +42.6% (reversal +3.2%)",
      "severity": "MEDIUM"
    },
    {
      "quarter": "2024-12 (Q4)",
      "signal": "YoY REVENUE GROWTH DECELERATION",
      "detail": "YoY growth: -17.3% vs prior quarter YoY: -10.8% (decel: -6.5%)",
      "severity": "WARNING"
    },
    {
      "quarter": "2024-09 (Q3)",
      "signal": "YoY REVENUE GROWTH DECELERATION",
      "detail": "YoY growth: -10.8% vs prior quarter YoY: +0.5% (decel: -11.2%)",
      "severity": "WARNING"
    },
    {
      "quarter": "2024-06 (Q2)",
      "signal": "YoY REVENUE GROWTH DECELERATION",
      "detail": "YoY growth: +0.5% vs prior quarter YoY: +29.4% (decel: -28.9%)",
      "severity": "WARNING"
    },
    {
      "quarter": "2024-03 (Q1)",
      "signal": "FCF MARGIN EXPANSION",
      "detail": "FCF margin: -29.3% -> -22.3% (+7.1%)",
      "severity": "MEDIUM"
    },
    {
      "quarter": "2024-03 (Q1)",
      "signal": "GROSS MARGIN INFLECTION",
      "detail": "GM: +41.8% -> +39.8% -> +42.5% (reversal +2.7%)",
      "severity": "MEDIUM"
    },
    {
      "quarter": "2024-03 (Q1)",
      "signal": "YoY REVENUE GROWTH DECELERATION",
      "detail": "YoY growth: +29.4% vs prior quarter YoY: +112.4% (decel: -82.9%)",
      "severity": "WARNING"
    },
    {
      "quarter": "2023-12 (Q4)",
      "signal": "YoY REVENUE GROWTH ACCELERATION",
      "detail": "YoY growth: +112.4% vs prior quarter YoY: +101.5% (accel: +10.9%)",
      "severity": "MEDIUM"
    },
    {
      "quarter": "2023-09 (Q3)",
      "signal": "FCF MARGIN EXPANSION",
      "detail": "FCF margin: -83.7% -> -27.9% (+55.8%)",
      "severity": "MEDIUM"
    },
    {
      "quarter": "2023-09 (Q3)",
      "signal": "OPERATING LEVERAGE",
      "detail": "Rev growth +16.1% vs OpEx growth +4.1% (leverage: 3.9x)",
      "severity": "MEDIUM"
    },
    {
      "quarter": "2023-09 (Q3)",
      "signal": "GROSS MARGIN INFLECTION",
      "detail": "GM: +40.5% -> +38.3% -> +41.8% (reversal +3.5%)",
      "severity": "MEDIUM"
    },
    {
      "quarter": "2023-06 (Q2)",
      "signal": "FCF MARGIN EXPANSION",
      "detail": "FCF margin: -89.2% -> -83.7% (+5.5%)",
      "severity": "MEDIUM"
    },
    {
      "quarter": "2023-06 (Q2)",
      "signal": "YoY REVENUE GROWTH ACCELERATION",
      "detail": "YoY growth: +102.3% vs prior quarter YoY: +83.9% (accel: +18.4%)",
      "severity": "HIGH"
    },
    {
      "quarter": "2023-03 (Q1)",
      "signal": "YoY REVENUE GROWTH ACCELERATION",
      "detail": "YoY growth: +83.9% vs prior quarter YoY: +74.2% (accel: +9.7%)",
      "severity": "MEDIUM"
    },
    {
      "quarter": "2022-12 (Q4)",
      "signal": "FCF MARGIN EXPANSION",
      "detail": "FCF margin: -81.9% -> -63.6% (+18.4%)",
      "severity": "MEDIUM"
    },
    {
      "quarter": "2022-12 (Q4)",
      "signal": "YoY REVENUE GROWTH DECELERATION",
      "detail": "YoY growth: +74.2% vs prior quarter YoY: +146.9% (decel: -72.7%)",
      "severity": "WARNING"
    },
    {
      "quarter": "2022-09 (Q3)",
      "signal": "FCF MARGIN EXPANSION",
      "detail": "FCF margin: -87.2% -> -81.9% (+5.2%)",
      "severity": "MEDIUM"
    },
    {
      "quarter": "2022-09 (Q3)",
      "signal": "OPERATING LEVERAGE",
      "detail": "Rev growth +16.5% vs OpEx growth +0.3% (leverage: 63.6x)",
      "severity": "MEDIUM"
    },
    {
      "quarter": "2022-09 (Q3)",
      "signal": "YoY REVENUE GROWTH DECELERATION",
      "detail": "YoY growth: +146.9% vs prior quarter YoY: +180.6% (decel: -33.7%)",
      "severity": "WARNING"
    },
    {
      "quarter": "2022-06 (Q2)",
      "signal": "GROSS MARGIN INFLECTION",
      "detail": "GM: +38.8% -> +35.5% -> +41.1% (reversal +5.6%)",
      "severity": "HIGH"
    },
    {
      "quarter": "2022-06 (Q2)",
      "signal": "YoY REVENUE GROWTH ACCELERATION",
      "detail": "YoY growth: +180.6% vs prior quarter YoY: +171.1% (accel: +9.4%)",
      "severity": "MEDIUM"
    },
    {
      "quarter": "2022-03 (Q1)",
      "signal": "FCF MARGIN EXPANSION",
      "detail": "FCF margin: -105.1% -> -74.0% (+31.1%)",
      "severity": "MEDIUM"
    },
    {
      "quarter": "2022-03 (Q1)",
      "signal": "YoY REVENUE GROWTH DECELERATION",
      "detail": "YoY growth: +171.1% vs prior quarter YoY: +185.0% (decel: -13.9%)",
      "severity": "WARNING"
    },
    {
      "quarter": "2021-12 (Q4)",
      "signal": "FCF MARGIN EXPANSION",
      "detail": "FCF margin: -128.6% -> -105.1% (+23.6%)",
      "severity": "MEDIUM"
    },
    {
      "quarter": "2021-09 (Q3)",
      "signal": "FCF MARGIN EXPANSION",
      "detail": "FCF margin: -149.4% -> -128.6% (+20.7%)",
      "severity": "MEDIUM"
    },
    {
      "quarter": "2021-09 (Q3)",
      "signal": "OPERATING LEVERAGE",
      "detail": "Rev growth +32.4% vs OpEx growth +20.7% (leverage: 1.6x)",
      "severity": "MEDIUM"
    }
  ],
  "data_quality": {
    "n_quarters": 20,
    "coverage": {
      "revenue": [
        20,
        20
      ],
      "gross_profit": [
        20,
        20
      ],
      "op_income": [
        20,
        20
      ],
      "fcf": [
        20,
        20
      ]
    },
    "gaps": [],
    "warnings": []
  },
  "market_cap": null,
  "source": "SEC EDGAR",
  "last_updated": "2026-02-02T22:03:42.180464",
  "sector": "Technology",
  "industry": "Semiconductors"
}