{
  "ticker": "INFU",
  "name": "INFUSYSTEM HOLDINGS, INC",
  "quarters": [
    {
      "date": "2020-12-31T00:00:00",
      "quarter_label": "2020-12 (Q4)",
      "revenue": 24711000,
      "gross_profit": 14996000,
      "operating_income": 1035000,
      "net_income": 10670000,
      "opex": 13961000,
      "cogs": 9715000,
      "rd": null,
      "sga": null,
      "fcf": 7383000,
      "ocf": 7612000,
      "capex": -229000,
      "gross_margin": 0.6068552466512889,
      "op_margin": 0.041884181133907974,
      "fcf_margin": 0.2987738254218769
    },
    {
      "date": "2021-03-31T00:00:00",
      "quarter_label": "2021-03 (Q1)",
      "revenue": 24463000,
      "gross_profit": 14576000,
      "operating_income": 873000,
      "net_income": 661000,
      "opex": 13703000,
      "cogs": 9887000,
      "rd": null,
      "sga": null,
      "fcf": 2513000,
      "ocf": 2651000,
      "capex": -138000,
      "gross_margin": 0.5958386134161795,
      "op_margin": 0.03568654703020889,
      "fcf_margin": 0.10272656665167805,
      "fcf_margin_change": -0.19604725877019885
    },
    {
      "date": "2021-06-30T00:00:00",
      "quarter_label": "2021-06 (Q2)",
      "revenue": 24834000,
      "gross_profit": 15050000,
      "operating_income": 696000,
      "net_income": 820000,
      "opex": 14354000,
      "cogs": 9784000,
      "rd": null,
      "sga": null,
      "fcf": 5967000,
      "ocf": 6163000,
      "capex": -196000,
      "gross_margin": 0.606023999355722,
      "op_margin": 0.028026093259241363,
      "fcf_margin": 0.2402754288475477,
      "op_leverage_ratio": 0.3192264464350155,
      "fcf_margin_change": 0.13754886219586965
    },
    {
      "date": "2021-09-30T00:00:00",
      "quarter_label": "2021-09 (Q3)",
      "revenue": 26566000,
      "gross_profit": 15258000,
      "operating_income": -351000,
      "net_income": -448000,
      "opex": 15609000,
      "cogs": 11308000,
      "rd": null,
      "sga": null,
      "fcf": 5518000,
      "ocf": 5791000,
      "capex": -273000,
      "gross_margin": 0.5743431453737861,
      "op_margin": -0.013212376722126025,
      "fcf_margin": 0.20770910185951968,
      "op_leverage_ratio": 0.7976831660231909,
      "fcf_margin_change": -0.03256632698802803
    },
    {
      "date": "2021-12-31T00:00:00",
      "quarter_label": "2021-12 (Q4)",
      "revenue": 26519000,
      "gross_profit": 15313000,
      "operating_income": 1602000,
      "net_income": 387000,
      "opex": 13711000,
      "cogs": 11206000,
      "rd": null,
      "sga": null,
      "fcf": 3338000,
      "ocf": 3711000,
      "capex": -373000,
      "gross_margin": 0.5774350465703835,
      "op_margin": 0.06040951770428749,
      "fcf_margin": 0.12587201629020703,
      "incr_op_margin_yoy": 0.31360619469026546,
      "rev_growth_yoy": 0.0731657966087977,
      "fcf_margin_change": -0.08183708556931266
    },
    {
      "date": "2022-03-31T00:00:00",
      "quarter_label": "2022-03 (Q1)",
      "revenue": 26763000,
      "gross_profit": 15367000,
      "operating_income": -525000,
      "net_income": -368000,
      "opex": 15892000,
      "cogs": 11396000,
      "rd": null,
      "sga": null,
      "fcf": 3900000,
      "ocf": 4078000,
      "capex": -178000,
      "gross_margin": 0.5741882449650637,
      "op_margin": -0.01961663490640063,
      "fcf_margin": 0.14572357359040466,
      "incr_op_margin_yoy": -0.6078260869565217,
      "rev_growth_yoy": 0.09401953971303602,
      "rev_growth_yoy_accel": 0.02085374310423832,
      "fcf_margin_change": 0.019851557300197636
    },
    {
      "date": "2022-06-30T00:00:00",
      "quarter_label": "2022-06 (Q2)",
      "revenue": 27042000,
      "gross_profit": 14901000,
      "operating_income": 207000,
      "net_income": -164000,
      "opex": 14694000,
      "cogs": 12141000,
      "rd": null,
      "sga": null,
      "fcf": 5259000,
      "ocf": 5417000,
      "capex": -158000,
      "gross_margin": 0.551031728422454,
      "op_margin": 0.007654759263368094,
      "fcf_margin": 0.19447526070556911,
      "incr_op_margin_yoy": -0.22146739130434784,
      "rev_growth_yoy": 0.08891036482242087,
      "rev_growth_yoy_accel": -0.005109174890615145,
      "op_leverage_ratio": Infinity,
      "fcf_margin_change": 0.04875168711516445
    },
    {
      "date": "2022-09-30T00:00:00",
      "quarter_label": "2022-09 (Q3)",
      "revenue": 27279000,
      "gross_profit": 16219000,
      "operating_income": 943000,
      "net_income": 443000,
      "opex": 15276000,
      "cogs": 11060000,
      "rd": null,
      "sga": null,
      "fcf": 3221000,
      "ocf": 3456000,
      "capex": -235000,
      "gross_margin": 0.594559917885553,
      "op_margin": 0.0345687158620184,
      "fcf_margin": 0.11807617581289637,
      "rev_growth_yoy": 0.026838816532409847,
      "rev_growth_yoy_accel": -0.062071548290011026,
      "fcf_margin_change": -0.07639908489267275
    },
    {
      "date": "2022-12-31T00:00:00",
      "quarter_label": "2022-12 (Q4)",
      "revenue": 28830000,
      "gross_profit": 16084000,
      "operating_income": 1029000,
      "net_income": 107000,
      "opex": 15055000,
      "cogs": 12746000,
      "rd": null,
      "sga": null,
      "fcf": 4155000,
      "ocf": 4566000,
      "capex": -411000,
      "gross_margin": 0.5578910856746445,
      "op_margin": 0.035691987513007284,
      "fcf_margin": 0.1441207075962539,
      "incr_op_margin_yoy": -0.24794461272176546,
      "rev_growth_yoy": 0.0871450658018779,
      "rev_growth_yoy_accel": 0.06030624926946806,
      "op_leverage_ratio": Infinity,
      "fcf_margin_change": 0.026044531783357527
    },
    {
      "date": "2023-03-31T00:00:00",
      "quarter_label": "2023-03 (Q1)",
      "revenue": 30370000,
      "gross_profit": 15540000,
      "operating_income": -107000,
      "net_income": -324000,
      "opex": 15647000,
      "cogs": 14830000,
      "rd": null,
      "sga": null,
      "fcf": -468000,
      "ocf": -151000,
      "capex": -317000,
      "gross_margin": 0.5116891669410603,
      "op_margin": -0.003523213697728021,
      "fcf_margin": -0.015409944023707605,
      "incr_op_margin_yoy": 0.11588577765456058,
      "rev_growth_yoy": 0.13477562306168964,
      "rev_growth_yoy_accel": 0.04763055725981173,
      "op_leverage_ratio": 1.358423329677232,
      "fcf_margin_change": -0.1595306516199615
    },
    {
      "date": "2023-06-30T00:00:00",
      "quarter_label": "2023-06 (Q2)",
      "revenue": 31735000,
      "gross_profit": 16442000,
      "operating_income": 1248000,
      "net_income": 435000,
      "opex": 15194000,
      "cogs": 15293000,
      "rd": null,
      "sga": null,
      "fcf": 2275000,
      "ocf": 2452000,
      "capex": -177000,
      "gross_margin": 0.5181030408066803,
      "op_margin": 0.03932566566881991,
      "fcf_margin": 0.07168741137545297,
      "incr_op_margin_yoy": 0.22181973151502238,
      "rev_growth_yoy": 0.17354485614969306,
      "rev_growth_yoy_accel": 0.038769233088003424,
      "op_leverage_ratio": Infinity,
      "fcf_margin_change": 0.08709735539916057
    },
    {
      "date": "2023-09-30T00:00:00",
      "quarter_label": "2023-09 (Q3)",
      "revenue": 31909000,
      "gross_profit": 16246000,
      "operating_income": 1697000,
      "net_income": 689000,
      "opex": 14549000,
      "cogs": 15663000,
      "rd": null,
      "sga": null,
      "fcf": 4142000,
      "ocf": 4264000,
      "capex": -122000,
      "gross_margin": 0.5091353536619763,
      "op_margin": 0.05318248769939515,
      "fcf_margin": 0.12980663762574823,
      "incr_op_margin_yoy": 0.1628509719222462,
      "rev_growth_yoy": 0.16972762931192492,
      "rev_growth_yoy_accel": -0.0038172268377681395,
      "fcf_margin_change": 0.05811922625029527
    },
    {
      "date": "2023-12-31T00:00:00",
      "quarter_label": "2023-12 (Q4)",
      "revenue": 31771000,
      "gross_profit": 14881000,
      "operating_income": 1250000,
      "net_income": 72000,
      "opex": 13631000,
      "cogs": 16890000,
      "rd": null,
      "sga": null,
      "fcf": 4250000,
      "ocf": 4658000,
      "capex": -408000,
      "gross_margin": 0.46838311667873217,
      "op_margin": 0.039344055900034626,
      "fcf_margin": 0.13376979006011772,
      "incr_op_margin_yoy": 0.07514450867052024,
      "rev_growth_yoy": 0.10201179327089838,
      "rev_growth_yoy_accel": -0.06771583604102654,
      "fcf_margin_change": 0.003963152434369482
    },
    {
      "date": "2024-03-31T00:00:00",
      "quarter_label": "2024-03 (Q1)",
      "revenue": 31995000,
      "gross_profit": 16474000,
      "operating_income": -845000,
      "net_income": -1112000,
      "opex": 17319000,
      "cogs": 15521000,
      "rd": null,
      "sga": null,
      "fcf": 195000,
      "ocf": 377000,
      "capex": -182000,
      "gross_margin": 0.5148929520237537,
      "op_margin": -0.026410376621347084,
      "fcf_margin": 0.006094702297233943,
      "incr_op_margin_yoy": -0.45415384615384613,
      "rev_growth_yoy": 0.053506750082318075,
      "rev_growth_yoy_accel": -0.0485050431885803,
      "fcf_margin_change": -0.12767508776288378
    },
    {
      "date": "2024-06-30T00:00:00",
      "quarter_label": "2024-06 (Q2)",
      "revenue": 33698000,
      "gross_profit": 16668000,
      "operating_income": 1855000,
      "net_income": 717000,
      "opex": 14813000,
      "cogs": 17030000,
      "rd": null,
      "sga": null,
      "fcf": 1972000,
      "ocf": 2309000,
      "capex": -337000,
      "gross_margin": 0.494628761350822,
      "op_margin": 0.055047777316161194,
      "fcf_margin": 0.058519793459552494,
      "incr_op_margin_yoy": 0.3092205807437596,
      "rev_growth_yoy": 0.06185599495824799,
      "rev_growth_yoy_accel": 0.008349244875929918,
      "op_leverage_ratio": Infinity,
      "fcf_margin_change": 0.052425091162318554
    },
    {
      "date": "2024-09-30T00:00:00",
      "quarter_label": "2024-09 (Q3)",
      "revenue": 35320000,
      "gross_profit": 19045000,
      "operating_income": 3265000,
      "net_income": 1807000,
      "opex": 15780000,
      "cogs": 16275000,
      "rd": null,
      "sga": null,
      "fcf": 9799000,
      "ocf": 9842000,
      "capex": -43000,
      "gross_margin": 0.5392129105322764,
      "op_margin": 0.092440543601359,
      "fcf_margin": 0.2774348810872027,
      "incr_op_margin_yoy": 0.4596892406918792,
      "rev_growth_yoy": 0.10689774044940299,
      "rev_growth_yoy_accel": 0.045041745491155,
      "op_leverage_ratio": 0.7373323227551395,
      "fcf_margin_change": 0.21891508762765022
    },
    {
      "date": "2024-12-31T00:00:00",
      "quarter_label": "2024-12 (Q4)",
      "revenue": 33848000,
      "gross_profit": 18216000,
      "operating_income": 2616000,
      "net_income": 933000,
      "opex": 15600000,
      "cogs": 15632000,
      "rd": null,
      "sga": null,
      "fcf": 7401000,
      "ocf": 7931000,
      "capex": -530000,
      "gross_margin": 0.5381706452375326,
      "op_margin": 0.07728669345308438,
      "fcf_margin": 0.21865398251004492,
      "incr_op_margin_yoy": 0.6576793452094367,
      "rev_growth_yoy": 0.06537408328349753,
      "rev_growth_yoy_accel": -0.04152365716590546,
      "fcf_margin_change": -0.05878089857715779
    },
    {
      "date": "2025-03-31T00:00:00",
      "quarter_label": "2025-03 (Q1)",
      "revenue": 34716000,
      "gross_profit": 19167000,
      "operating_income": 618000,
      "net_income": -267000,
      "opex": 18549000,
      "cogs": 15549000,
      "rd": null,
      "sga": null,
      "fcf": 1649000,
      "ocf": 1780000,
      "capex": -131000,
      "gross_margin": 0.5521085378499827,
      "op_margin": 0.017801590044936054,
      "fcf_margin": 0.04749971194838115,
      "incr_op_margin_yoy": 0.537669974274164,
      "rev_growth_yoy": 0.08504453820909517,
      "rev_growth_yoy_accel": 0.019670454925597644,
      "op_leverage_ratio": 0.13565522894164156,
      "fcf_margin_change": -0.17115427056166377
    },
    {
      "date": "2025-06-30T00:00:00",
      "quarter_label": "2025-06 (Q2)",
      "revenue": 36002000,
      "gross_profit": 19874000,
      "operating_income": 3777000,
      "net_income": 2599000,
      "opex": 16097000,
      "cogs": 16128000,
      "rd": null,
      "sga": null,
      "fcf": 6792000,
      "ocf": 7009000,
      "capex": -217000,
      "gross_margin": 0.5520248875062497,
      "op_margin": 0.10491083828676184,
      "fcf_margin": 0.18865618576745735,
      "incr_op_margin_yoy": 0.8342013888888888,
      "rev_growth_yoy": 0.06837201020832097,
      "rev_growth_yoy_accel": -0.016672528000774206,
      "op_leverage_ratio": Infinity,
      "fcf_margin_change": 0.1411564738190762
    },
    {
      "date": "2025-09-30T00:00:00",
      "quarter_label": "2025-09 (Q3)",
      "revenue": 36488000,
      "gross_profit": 20820000,
      "operating_income": 3811000,
      "net_income": 2259000,
      "opex": 17009000,
      "cogs": 15668000,
      "rd": null,
      "sga": null,
      "fcf": 8414000,
      "ocf": 8493000,
      "capex": -79000,
      "gross_margin": 0.5705985529489147,
      "op_margin": 0.10444529708397281,
      "fcf_margin": 0.23059636044727033,
      "incr_op_margin_yoy": 0.4674657534246575,
      "rev_growth_yoy": 0.03306908267270668,
      "rev_growth_yoy_accel": -0.03530292753561429,
      "op_leverage_ratio": 0.23826472359722703,
      "fcf_margin_change": 0.04194017467981298
    }
  ],
  "signals": [
    {
      "quarter": "2025-09 (Q3)",
      "signal": "INCREMENTAL MARGIN (YoY)",
      "detail": "YoY Incr OPM: +46.7% vs year-ago OPM: +9.2%",
      "severity": "HIGH"
    },
    {
      "quarter": "2025-06 (Q2)",
      "signal": "FCF MARGIN EXPANSION",
      "detail": "FCF margin: +4.7% -> +18.9% (+14.1%)",
      "severity": "MEDIUM"
    },
    {
      "quarter": "2025-06 (Q2)",
      "signal": "INCREMENTAL MARGIN (YoY)",
      "detail": "YoY Incr OPM: +83.4% vs year-ago OPM: +5.5%",
      "severity": "HIGH"
    },
    {
      "quarter": "2025-03 (Q1)",
      "signal": "OP MARGIN TURNED POSITIVE (YoY)",
      "detail": "Op margin: -2.6% (year-ago) -> +1.8%",
      "severity": "HIGH"
    },
    {
      "quarter": "2024-12 (Q4)",
      "signal": "INCREMENTAL MARGIN (YoY)",
      "detail": "YoY Incr OPM: +65.8% vs year-ago OPM: +3.9%",
      "severity": "HIGH"
    },
    {
      "quarter": "2024-09 (Q3)",
      "signal": "FCF MARGIN EXPANSION",
      "detail": "FCF margin: +5.9% -> +27.7% (+21.9%)",
      "severity": "MEDIUM"
    },
    {
      "quarter": "2024-09 (Q3)",
      "signal": "GROSS MARGIN INFLECTION",
      "detail": "GM: +51.5% -> +49.5% -> +53.9% (reversal +4.5%)",
      "severity": "MEDIUM"
    },
    {
      "quarter": "2024-09 (Q3)",
      "signal": "INCREMENTAL MARGIN (YoY)",
      "detail": "YoY Incr OPM: +46.0% vs year-ago OPM: +5.3%",
      "severity": "HIGH"
    },
    {
      "quarter": "2024-06 (Q2)",
      "signal": "FCF MARGIN EXPANSION",
      "detail": "FCF margin: +0.6% -> +5.9% (+5.2%)",
      "severity": "MEDIUM"
    },
    {
      "quarter": "2024-06 (Q2)",
      "signal": "INCREMENTAL MARGIN (YoY)",
      "detail": "YoY Incr OPM: +30.9% vs year-ago OPM: +3.9%",
      "severity": "HIGH"
    },
    {
      "quarter": "2024-06 (Q2)",
      "signal": "OP MARGIN TURNED POSITIVE (QoQ)",
      "detail": "Op margin: -2.6% -> +5.5%",
      "severity": "HIGH"
    },
    {
      "quarter": "2024-03 (Q1)",
      "signal": "GROSS MARGIN INFLECTION",
      "detail": "GM: +50.9% -> +46.8% -> +51.5% (reversal +4.7%)",
      "severity": "MEDIUM"
    },
    {
      "quarter": "2023-12 (Q4)",
      "signal": "YoY REVENUE GROWTH DECELERATION",
      "detail": "YoY growth: +10.2% vs prior quarter YoY: +17.0% (decel: -6.8%)",
      "severity": "WARNING"
    },
    {
      "quarter": "2023-09 (Q3)",
      "signal": "FCF MARGIN EXPANSION",
      "detail": "FCF margin: +7.2% -> +13.0% (+5.8%)",
      "severity": "MEDIUM"
    },
    {
      "quarter": "2023-09 (Q3)",
      "signal": "INCREMENTAL MARGIN (YoY)",
      "detail": "YoY Incr OPM: +16.3% vs year-ago OPM: +3.5%",
      "severity": "MEDIUM"
    },
    {
      "quarter": "2023-06 (Q2)",
      "signal": "FCF TURNED POSITIVE",
      "detail": "FCF margin: -1.5% -> +7.2%",
      "severity": "HIGH"
    },
    {
      "quarter": "2023-06 (Q2)",
      "signal": "INCREMENTAL MARGIN (YoY)",
      "detail": "YoY Incr OPM: +22.2% vs year-ago OPM: +0.8%",
      "severity": "HIGH"
    },
    {
      "quarter": "2023-06 (Q2)",
      "signal": "OP MARGIN TURNED POSITIVE (QoQ)",
      "detail": "Op margin: -0.4% -> +3.9%",
      "severity": "HIGH"
    },
    {
      "quarter": "2022-12 (Q4)",
      "signal": "YoY REVENUE GROWTH ACCELERATION",
      "detail": "YoY growth: +8.7% vs prior quarter YoY: +2.7% (accel: +6.0%)",
      "severity": "MEDIUM"
    },
    {
      "quarter": "2022-09 (Q3)",
      "signal": "GROSS MARGIN INFLECTION",
      "detail": "GM: +57.4% -> +55.1% -> +59.5% (reversal +4.4%)",
      "severity": "MEDIUM"
    },
    {
      "quarter": "2022-09 (Q3)",
      "signal": "YoY REVENUE GROWTH DECELERATION",
      "detail": "YoY growth: +2.7% vs prior quarter YoY: +8.9% (decel: -6.2%)",
      "severity": "WARNING"
    },
    {
      "quarter": "2022-09 (Q3)",
      "signal": "OP MARGIN TURNED POSITIVE (YoY)",
      "detail": "Op margin: -1.3% (year-ago) -> +3.5%",
      "severity": "HIGH"
    },
    {
      "quarter": "2022-06 (Q2)",
      "signal": "OP MARGIN TURNED POSITIVE (QoQ)",
      "detail": "Op margin: -2.0% -> +0.8%",
      "severity": "HIGH"
    },
    {
      "quarter": "2021-12 (Q4)",
      "signal": "INCREMENTAL MARGIN (YoY)",
      "detail": "YoY Incr OPM: +31.4% vs year-ago OPM: +4.2%",
      "severity": "HIGH"
    },
    {
      "quarter": "2021-12 (Q4)",
      "signal": "OP MARGIN TURNED POSITIVE (QoQ)",
      "detail": "Op margin: -1.3% -> +6.0%",
      "severity": "HIGH"
    },
    {
      "quarter": "2021-06 (Q2)",
      "signal": "FCF MARGIN EXPANSION",
      "detail": "FCF margin: +10.3% -> +24.0% (+13.8%)",
      "severity": "MEDIUM"
    }
  ],
  "data_quality": {
    "n_quarters": 20,
    "coverage": {
      "revenue": [
        20,
        20
      ],
      "gross_profit": [
        20,
        20
      ],
      "op_income": [
        20,
        20
      ],
      "fcf": [
        20,
        20
      ]
    },
    "gaps": [],
    "warnings": []
  },
  "market_cap": null,
  "source": "SEC EDGAR",
  "last_updated": "2026-02-02T23:05:31.716572",
  "sector": "Healthcare",
  "industry": "Medical Devices"
}