{
  "ticker": "INGN",
  "name": "Inogen Inc",
  "quarters": [
    {
      "date": "2020-12-31T00:00:00",
      "quarter_label": "2020-12 (Q4)",
      "revenue": 73978000,
      "gross_profit": 34059000,
      "operating_income": -5522000,
      "net_income": -5121000,
      "opex": 39581000,
      "cogs": 39919000,
      "rd": 3674000,
      "sga": null,
      "fcf": 15165000,
      "ocf": 16198000,
      "capex": -1033000,
      "gross_margin": 0.46039363053880883,
      "op_margin": -0.07464381302549407,
      "fcf_margin": 0.20499337640920273
    },
    {
      "date": "2021-03-31T00:00:00",
      "quarter_label": "2021-03 (Q1)",
      "revenue": 86932000,
      "gross_profit": 39873000,
      "operating_income": -2132000,
      "net_income": -732000,
      "opex": 42005000,
      "cogs": 47059000,
      "rd": 4015000,
      "sga": null,
      "fcf": 1344000,
      "ocf": 2860000,
      "capex": -1516000,
      "gross_margin": 0.4586688446141812,
      "op_margin": -0.024524916026319423,
      "fcf_margin": 0.015460359821469654,
      "op_leverage_ratio": 2.859271882810223,
      "fcf_margin_change": -0.18953301658773308
    },
    {
      "date": "2021-06-30T00:00:00",
      "quarter_label": "2021-06 (Q2)",
      "revenue": 101563000,
      "gross_profit": 50335000,
      "operating_income": 11671000,
      "net_income": 5102000,
      "opex": 38664000,
      "cogs": 51228000,
      "rd": 4123000,
      "sga": null,
      "fcf": 15191000,
      "ocf": 17269000,
      "capex": -2078000,
      "gross_margin": 0.4956037139509467,
      "op_margin": 0.11491389580851294,
      "fcf_margin": 0.1495721867215423,
      "op_leverage_ratio": Infinity,
      "fcf_margin_change": 0.13411182690007264
    },
    {
      "date": "2021-09-30T00:00:00",
      "quarter_label": "2021-09 (Q3)",
      "revenue": 93105000,
      "gross_profit": 47687000,
      "operating_income": 6374000,
      "net_income": 12174000,
      "opex": 41313000,
      "cogs": 45418000,
      "rd": 3754000,
      "sga": null,
      "fcf": -4207000,
      "ocf": -2994000,
      "capex": -1213000,
      "gross_margin": 0.512185167284249,
      "op_margin": 0.06846034047580689,
      "fcf_margin": -0.045185543203909564,
      "fcf_margin_change": -0.19475772992545187
    },
    {
      "date": "2021-12-31T00:00:00",
      "quarter_label": "2021-12 (Q4)",
      "revenue": 76403000,
      "gross_profit": 38588000,
      "operating_income": -6673000,
      "net_income": -22877000,
      "opex": 45261000,
      "cogs": 37815000,
      "rd": 4684000,
      "sga": null,
      "fcf": 5823000,
      "ocf": 6498000,
      "capex": -675000,
      "gross_margin": 0.5050587018834339,
      "op_margin": -0.08733950237556116,
      "fcf_margin": 0.07621428477939347,
      "incr_op_margin_yoy": -0.47463917525773197,
      "rev_growth_yoy": 0.0327800156803374,
      "fcf_margin_change": 0.12139982798330304
    },
    {
      "date": "2022-03-31T00:00:00",
      "quarter_label": "2022-03 (Q1)",
      "revenue": 80385000,
      "gross_profit": 35006000,
      "operating_income": -13586000,
      "net_income": -14214000,
      "opex": 48592000,
      "cogs": 45379000,
      "rd": 5364000,
      "sga": null,
      "fcf": -19464000,
      "ocf": -18098000,
      "capex": -1366000,
      "gross_margin": 0.43547925608011445,
      "op_margin": -0.16901163152329415,
      "fcf_margin": -0.24213472662810226,
      "incr_op_margin_yoy": 1.7495035894302735,
      "rev_growth_yoy": -0.07531173791009065,
      "rev_growth_yoy_accel": -0.10809175359042805,
      "op_leverage_ratio": 0.7081746170397234,
      "fcf_margin_change": -0.3183490114074957
    },
    {
      "date": "2022-06-30T00:00:00",
      "quarter_label": "2022-06 (Q2)",
      "revenue": 103376000,
      "gross_profit": 46258000,
      "operating_income": -2876000,
      "net_income": -3442000,
      "opex": 49134000,
      "cogs": 57118000,
      "rd": 6064000,
      "sga": null,
      "fcf": 4661000,
      "ocf": 5531000,
      "capex": -870000,
      "gross_margin": 0.4474733013465408,
      "op_margin": -0.027820770778517256,
      "fcf_margin": 0.045087834700510754,
      "incr_op_margin_yoy": -8.023717595146167,
      "rev_growth_yoy": 0.01785098904128472,
      "rev_growth_yoy_accel": 0.09316272695137537,
      "op_leverage_ratio": 25.641789662158608,
      "fcf_margin_change": 0.287222561328613
    },
    {
      "date": "2022-09-30T00:00:00",
      "quarter_label": "2022-09 (Q3)",
      "revenue": 105389000,
      "gross_profit": 42798000,
      "operating_income": -10292000,
      "net_income": -9506000,
      "opex": 53090000,
      "cogs": 62591000,
      "rd": 4581000,
      "sga": null,
      "fcf": -10017000,
      "ocf": -9483000,
      "capex": -534000,
      "gross_margin": 0.40609551281443035,
      "op_margin": -0.09765725075672034,
      "fcf_margin": -0.0950478702710909,
      "incr_op_margin_yoy": -1.3567241940735917,
      "rev_growth_yoy": 0.1319370603082541,
      "rev_growth_yoy_accel": 0.11408607126696939,
      "op_leverage_ratio": 0.24185211506262433,
      "fcf_margin_change": -0.14013570497160166
    },
    {
      "date": "2022-12-31T00:00:00",
      "quarter_label": "2022-12 (Q4)",
      "revenue": 88091000,
      "gross_profit": 29471000,
      "operating_income": -58489000,
      "net_income": -56610000,
      "opex": 87960000,
      "cogs": 58620000,
      "rd": 5934000,
      "sga": null,
      "fcf": -16049000,
      "ocf": -15482000,
      "capex": -567000,
      "gross_margin": 0.3345517703284104,
      "op_margin": -0.6639611311030639,
      "fcf_margin": -0.1821866024906063,
      "incr_op_margin_yoy": -4.433264887063655,
      "rev_growth_yoy": 0.15297828619295054,
      "rev_growth_yoy_accel": 0.021041225884696424,
      "fcf_margin_change": -0.0871387322195154
    },
    {
      "date": "2023-03-31T00:00:00",
      "quarter_label": "2023-03 (Q1)",
      "revenue": 72162000,
      "gross_profit": 30733000,
      "operating_income": -21915000,
      "net_income": -20349000,
      "opex": 52648000,
      "cogs": 41429000,
      "rd": 5344000,
      "sga": null,
      "fcf": -7377000,
      "ocf": -6301000,
      "capex": -1076000,
      "gross_margin": 0.42588897203514314,
      "op_margin": -0.3036916936891993,
      "fcf_margin": -0.10222831961420138,
      "incr_op_margin_yoy": 1.0128906725039524,
      "rev_growth_yoy": -0.10229520432916589,
      "rev_growth_yoy_accel": -0.25527349052211645,
      "fcf_margin_change": 0.07995828287640493
    },
    {
      "date": "2023-06-30T00:00:00",
      "quarter_label": "2023-06 (Q2)",
      "revenue": 83635000,
      "gross_profit": 34044000,
      "operating_income": -11768000,
      "net_income": -9826000,
      "opex": 45812000,
      "cogs": 49591000,
      "rd": 4293000,
      "sga": null,
      "fcf": 1990000,
      "ocf": 4030000,
      "capex": -2040000,
      "gross_margin": 0.4070544628445029,
      "op_margin": -0.14070664195611884,
      "fcf_margin": 0.023793866204340288,
      "incr_op_margin_yoy": 0.4504331087584216,
      "rev_growth_yoy": -0.1909630862095651,
      "rev_growth_yoy_accel": -0.0886678818803992,
      "op_leverage_ratio": Infinity,
      "fcf_margin_change": 0.12602218581854166
    },
    {
      "date": "2023-09-30T00:00:00",
      "quarter_label": "2023-09 (Q3)",
      "revenue": 83967000,
      "gross_profit": 33764000,
      "operating_income": -46721000,
      "net_income": -45719000,
      "opex": 80485000,
      "cogs": 50203000,
      "rd": 4489000,
      "sga": null,
      "fcf": 1477000,
      "ocf": 2185000,
      "capex": -708000,
      "gross_margin": 0.40211035287672536,
      "op_margin": -0.5564209749068086,
      "fcf_margin": 0.01759024378624936,
      "incr_op_margin_yoy": 1.7005414993931471,
      "rev_growth_yoy": -0.2032659955023769,
      "rev_growth_yoy_accel": -0.012302909292811803,
      "fcf_margin_change": -0.006203622418090929
    },
    {
      "date": "2023-12-31T00:00:00",
      "quarter_label": "2023-12 (Q4)",
      "revenue": 75896000,
      "gross_profit": 28158000,
      "operating_income": -28982000,
      "net_income": -26555000,
      "opex": 57140000,
      "cogs": 47738000,
      "rd": 6714000,
      "sga": null,
      "fcf": -4542000,
      "ocf": -3148000,
      "capex": -1394000,
      "gross_margin": 0.37100769474017076,
      "op_margin": -0.3818646568989143,
      "fcf_margin": -0.059845051122588803,
      "incr_op_margin_yoy": -2.4195981959819597,
      "rev_growth_yoy": -0.13843638964252875,
      "rev_growth_yoy_accel": 0.06482960585984815,
      "fcf_margin_change": -0.07743529490883816
    },
    {
      "date": "2024-03-31T00:00:00",
      "quarter_label": "2024-03 (Q1)",
      "revenue": 78025000,
      "gross_profit": 34371000,
      "operating_income": -16274000,
      "net_income": -14578000,
      "opex": 50645000,
      "cogs": 43654000,
      "rd": 6578000,
      "sga": null,
      "fcf": -6059000,
      "ocf": -4749000,
      "capex": -1310000,
      "gross_margin": 0.4405126561999359,
      "op_margin": -0.20857417494392821,
      "fcf_margin": -0.07765459788529318,
      "incr_op_margin_yoy": 0.9621354255500597,
      "rev_growth_yoy": 0.08124774812228043,
      "rev_growth_yoy_accel": 0.21968413776480916,
      "op_leverage_ratio": Infinity,
      "fcf_margin_change": -0.017809546762704374
    },
    {
      "date": "2024-06-30T00:00:00",
      "quarter_label": "2024-06 (Q2)",
      "revenue": 88765000,
      "gross_profit": 42737000,
      "operating_income": -7064000,
      "net_income": -5590000,
      "opex": 49801000,
      "cogs": 46028000,
      "rd": 5616000,
      "sga": null,
      "fcf": 6639000,
      "ocf": 6689000,
      "capex": -50000,
      "gross_margin": 0.48146228806398916,
      "op_margin": -0.07958091590153776,
      "fcf_margin": 0.07479299273362248,
      "incr_op_margin_yoy": 0.9169590643274854,
      "rev_growth_yoy": 0.06133795659711843,
      "rev_growth_yoy_accel": -0.019909791525162,
      "op_leverage_ratio": Infinity,
      "fcf_margin_change": 0.15244759061891566
    },
    {
      "date": "2024-09-30T00:00:00",
      "quarter_label": "2024-09 (Q3)",
      "revenue": 88834000,
      "gross_profit": 41344000,
      "operating_income": -7792000,
      "net_income": -5963000,
      "opex": 49136000,
      "cogs": 47490000,
      "rd": 3518000,
      "sga": null,
      "fcf": 5321000,
      "ocf": 6992000,
      "capex": -1671000,
      "gross_margin": 0.46540738906274626,
      "op_margin": -0.08771416349595876,
      "fcf_margin": 0.059898237161447196,
      "incr_op_margin_yoy": 7.998561742346415,
      "rev_growth_yoy": 0.05796324746626651,
      "rev_growth_yoy_accel": -0.003374709130851923,
      "fcf_margin_change": -0.014894755572175289
    },
    {
      "date": "2024-12-31T00:00:00",
      "quarter_label": "2024-12 (Q4)",
      "revenue": 80081000,
      "gross_profit": 36289000,
      "operating_income": -11386000,
      "net_income": -9757000,
      "opex": 47675000,
      "cogs": 43792000,
      "rd": 5898000,
      "sga": null,
      "fcf": -3347000,
      "ocf": -3018000,
      "capex": -329000,
      "gross_margin": 0.4531536818970792,
      "op_margin": -0.14218104169528353,
      "fcf_margin": -0.04179518237784243,
      "incr_op_margin_yoy": 4.204540023894863,
      "rev_growth_yoy": 0.055141245915463266,
      "rev_growth_yoy_accel": -0.002822001550803241,
      "fcf_margin_change": -0.10169341953928962
    },
    {
      "date": "2025-03-31T00:00:00",
      "quarter_label": "2025-03 (Q1)",
      "revenue": 82280000,
      "gross_profit": 36372000,
      "operating_income": -7656000,
      "net_income": -6174000,
      "opex": 44028000,
      "cogs": 45908000,
      "rd": 4034000,
      "sga": null,
      "fcf": -17082000,
      "ocf": -16790000,
      "capex": -292000,
      "gross_margin": 0.4420515313563442,
      "op_margin": -0.09304812834224599,
      "fcf_margin": -0.20760816723383568,
      "incr_op_margin_yoy": 2.0253819036427734,
      "rev_growth_yoy": 0.05453380326818327,
      "rev_growth_yoy_accel": -0.0006074426472799932,
      "op_leverage_ratio": Infinity,
      "fcf_margin_change": -0.16581298485599325
    },
    {
      "date": "2025-06-30T00:00:00",
      "quarter_label": "2025-06 (Q2)",
      "revenue": 92277000,
      "gross_profit": 41341000,
      "operating_income": -6129000,
      "net_income": -4152000,
      "opex": 47470000,
      "cogs": 50936000,
      "rd": 5209000,
      "sga": null,
      "fcf": 3666000,
      "ocf": 4350000,
      "capex": -684000,
      "gross_margin": 0.4480097965906997,
      "op_margin": -0.06641958451185019,
      "fcf_margin": 0.039728209629701874,
      "incr_op_margin_yoy": 0.26623006833712987,
      "rev_growth_yoy": 0.039565143919337575,
      "rev_growth_yoy_accel": -0.014968659348845698,
      "op_leverage_ratio": 1.5541520331222565,
      "fcf_margin_change": 0.24733637686353754
    },
    {
      "date": "2025-09-30T00:00:00",
      "quarter_label": "2025-09 (Q3)",
      "revenue": 92390000,
      "gross_profit": 41316000,
      "operating_income": -7116000,
      "net_income": -5294000,
      "opex": 48432000,
      "cogs": 51074000,
      "rd": 4840000,
      "sga": null,
      "fcf": 1599000,
      "ocf": 2167000,
      "capex": -568000,
      "gross_margin": 0.44719125446476893,
      "op_margin": -0.07702132265396688,
      "fcf_margin": 0.017307067864487498,
      "incr_op_margin_yoy": 0.19010123734533182,
      "rev_growth_yoy": 0.040029718351081794,
      "rev_growth_yoy_accel": 0.0004645744317442191,
      "fcf_margin_change": -0.022421141765214377
    }
  ],
  "signals": [
    {
      "quarter": "2025-06 (Q2)",
      "signal": "FCF TURNED POSITIVE",
      "detail": "FCF margin: -20.8% -> +4.0%",
      "severity": "HIGH"
    },
    {
      "quarter": "2025-06 (Q2)",
      "signal": "OPERATING LEVERAGE",
      "detail": "Rev growth +12.1% vs OpEx growth +7.8% (leverage: 1.6x)",
      "severity": "MEDIUM"
    },
    {
      "quarter": "2024-06 (Q2)",
      "signal": "FCF TURNED POSITIVE",
      "detail": "FCF margin: -7.8% -> +7.5%",
      "severity": "HIGH"
    },
    {
      "quarter": "2024-03 (Q1)",
      "signal": "GROSS MARGIN INFLECTION",
      "detail": "GM: +40.2% -> +37.1% -> +44.1% (reversal +7.0%)",
      "severity": "HIGH"
    },
    {
      "quarter": "2024-03 (Q1)",
      "signal": "YoY REVENUE GROWTH ACCELERATION",
      "detail": "YoY growth: +8.1% vs prior quarter YoY: -13.8% (accel: +22.0%)",
      "severity": "HIGH"
    },
    {
      "quarter": "2023-12 (Q4)",
      "signal": "YoY REVENUE GROWTH ACCELERATION",
      "detail": "YoY growth: -13.8% vs prior quarter YoY: -20.3% (accel: +6.5%)",
      "severity": "MEDIUM"
    },
    {
      "quarter": "2023-06 (Q2)",
      "signal": "FCF TURNED POSITIVE",
      "detail": "FCF margin: -10.2% -> +2.4%",
      "severity": "HIGH"
    },
    {
      "quarter": "2023-06 (Q2)",
      "signal": "YoY REVENUE GROWTH DECELERATION",
      "detail": "YoY growth: -19.1% vs prior quarter YoY: -10.2% (decel: -8.9%)",
      "severity": "WARNING"
    },
    {
      "quarter": "2023-03 (Q1)",
      "signal": "FCF MARGIN EXPANSION",
      "detail": "FCF margin: -18.2% -> -10.2% (+8.0%)",
      "severity": "MEDIUM"
    },
    {
      "quarter": "2023-03 (Q1)",
      "signal": "GROSS MARGIN INFLECTION",
      "detail": "GM: +40.6% -> +33.5% -> +42.6% (reversal +9.1%)",
      "severity": "HIGH"
    },
    {
      "quarter": "2023-03 (Q1)",
      "signal": "YoY REVENUE GROWTH DECELERATION",
      "detail": "YoY growth: -10.2% vs prior quarter YoY: +15.3% (decel: -25.5%)",
      "severity": "WARNING"
    },
    {
      "quarter": "2022-09 (Q3)",
      "signal": "YoY REVENUE GROWTH ACCELERATION",
      "detail": "YoY growth: +13.2% vs prior quarter YoY: +1.8% (accel: +11.4%)",
      "severity": "MEDIUM"
    },
    {
      "quarter": "2022-06 (Q2)",
      "signal": "FCF TURNED POSITIVE",
      "detail": "FCF margin: -24.2% -> +4.5%",
      "severity": "HIGH"
    },
    {
      "quarter": "2022-06 (Q2)",
      "signal": "OPERATING LEVERAGE",
      "detail": "Rev growth +28.6% vs OpEx growth +1.1% (leverage: 25.6x)",
      "severity": "MEDIUM"
    },
    {
      "quarter": "2022-06 (Q2)",
      "signal": "YoY REVENUE GROWTH ACCELERATION",
      "detail": "YoY growth: +1.8% vs prior quarter YoY: -7.5% (accel: +9.3%)",
      "severity": "MEDIUM"
    },
    {
      "quarter": "2022-03 (Q1)",
      "signal": "YoY REVENUE GROWTH DECELERATION",
      "detail": "YoY growth: -7.5% vs prior quarter YoY: +3.3% (decel: -10.8%)",
      "severity": "WARNING"
    },
    {
      "quarter": "2021-12 (Q4)",
      "signal": "FCF TURNED POSITIVE",
      "detail": "FCF margin: -4.5% -> +7.6%",
      "severity": "HIGH"
    },
    {
      "quarter": "2021-06 (Q2)",
      "signal": "FCF MARGIN EXPANSION",
      "detail": "FCF margin: +1.5% -> +15.0% (+13.4%)",
      "severity": "MEDIUM"
    },
    {
      "quarter": "2021-06 (Q2)",
      "signal": "GROSS MARGIN INFLECTION",
      "detail": "GM: +46.0% -> +45.9% -> +49.6% (reversal +3.7%)",
      "severity": "MEDIUM"
    },
    {
      "quarter": "2021-06 (Q2)",
      "signal": "OP MARGIN TURNED POSITIVE (QoQ)",
      "detail": "Op margin: -2.5% -> +11.5%",
      "severity": "HIGH"
    },
    {
      "quarter": "2021-03 (Q1)",
      "signal": "OPERATING LEVERAGE",
      "detail": "Rev growth +17.5% vs OpEx growth +6.1% (leverage: 2.9x)",
      "severity": "MEDIUM"
    }
  ],
  "data_quality": {
    "n_quarters": 20,
    "coverage": {
      "revenue": [
        20,
        20
      ],
      "gross_profit": [
        20,
        20
      ],
      "op_income": [
        20,
        20
      ],
      "fcf": [
        20,
        20
      ]
    },
    "gaps": [],
    "warnings": []
  },
  "market_cap": null,
  "source": "SEC EDGAR",
  "last_updated": "2026-02-02T23:07:40.271128",
  "sector": "Healthcare",
  "industry": "Medical Devices"
}