{
  "ticker": "INSE",
  "name": "INSPIRED ENTERTAINMENT, INC.",
  "quarters": [
    {
      "date": "2020-12-31T00:00:00",
      "quarter_label": "2020-12 (Q4)",
      "revenue": 71800000,
      "gross_profit": 63500000,
      "operating_income": 19300000,
      "net_income": 3100000,
      "opex": 44200000,
      "cogs": 8300000,
      "rd": null,
      "sga": 28000000,
      "fcf": 12900000,
      "ocf": 16300000,
      "capex": -3400000,
      "gross_margin": 0.8844011142061281,
      "op_margin": 0.26880222841225626,
      "fcf_margin": 0.1796657381615599
    },
    {
      "date": "2021-03-31T00:00:00",
      "quarter_label": "2021-03 (Q1)",
      "revenue": 22800000,
      "gross_profit": 20700000,
      "operating_income": -12200000,
      "net_income": -16700000,
      "opex": 32900000,
      "cogs": 2100000,
      "rd": null,
      "sga": 15200000,
      "fcf": -4000000,
      "ocf": -2000000,
      "capex": -2000000,
      "gross_margin": 0.9078947368421053,
      "op_margin": -0.5350877192982456,
      "fcf_margin": -0.17543859649122806,
      "fcf_margin_change": -0.35510433465278796
    },
    {
      "date": "2021-06-30T00:00:00",
      "quarter_label": "2021-06 (Q2)",
      "revenue": 41500000,
      "gross_profit": 33500000,
      "operating_income": -9700000,
      "net_income": -43800000,
      "opex": 43200000,
      "cogs": 8000000,
      "rd": null,
      "sga": 25100000,
      "fcf": -14200000,
      "ocf": -10800000,
      "capex": -3400000,
      "gross_margin": 0.8072289156626506,
      "op_margin": -0.23373493975903614,
      "fcf_margin": -0.3421686746987952,
      "op_leverage_ratio": 2.6197836825072387,
      "fcf_margin_change": -0.16673007820756713
    },
    {
      "date": "2021-09-30T00:00:00",
      "quarter_label": "2021-09 (Q3)",
      "revenue": 77600000,
      "gross_profit": 63800000,
      "operating_income": 14900000,
      "net_income": 25000000,
      "opex": 48900000,
      "cogs": 13800000,
      "rd": null,
      "sga": 29200000,
      "fcf": 16700000,
      "ocf": 19800000,
      "capex": -3100000,
      "gross_margin": 0.8221649484536082,
      "op_margin": 0.19201030927835053,
      "fcf_margin": 0.21520618556701032,
      "op_leverage_ratio": 6.5927710843373495,
      "fcf_margin_change": 0.5573748602658055
    },
    {
      "date": "2021-12-31T00:00:00",
      "quarter_label": "2021-12 (Q4)",
      "revenue": 67000000,
      "gross_profit": 56600000,
      "operating_income": 6400000,
      "net_income": -1200000,
      "opex": 50200000,
      "cogs": 10400000,
      "rd": null,
      "sga": 29100000,
      "fcf": -7400000,
      "ocf": -4600000,
      "capex": -2800000,
      "gross_margin": 0.844776119402985,
      "op_margin": 0.0955223880597015,
      "fcf_margin": -0.11044776119402985,
      "incr_op_margin_yoy": 2.6875,
      "rev_growth_yoy": -0.06685236768802229,
      "fcf_margin_change": -0.3256539467610402
    },
    {
      "date": "2022-03-31T00:00:00",
      "quarter_label": "2022-03 (Q1)",
      "revenue": 60600000,
      "gross_profit": 48800000,
      "operating_income": 6900000,
      "net_income": 1500000,
      "opex": 41900000,
      "cogs": 11800000,
      "rd": null,
      "sga": 26800000,
      "fcf": -2900000,
      "ocf": 2700000,
      "capex": -5600000,
      "gross_margin": 0.8052805280528053,
      "op_margin": 0.11386138613861387,
      "fcf_margin": -0.04785478547854786,
      "incr_op_margin_yoy": 0.5052910052910053,
      "rev_growth_yoy": 1.6578947368421053,
      "rev_growth_yoy_accel": 1.7247471045301277,
      "fcf_margin_change": 0.062592975715482
    },
    {
      "date": "2022-06-30T00:00:00",
      "quarter_label": "2022-06 (Q2)",
      "revenue": 71300000,
      "gross_profit": 59600000,
      "operating_income": 13400000,
      "net_income": 7500000,
      "opex": 46200000,
      "cogs": 11700000,
      "rd": null,
      "sga": 29300000,
      "fcf": 1900000,
      "ocf": 8300000,
      "capex": -6400000,
      "gross_margin": 0.8359046283309958,
      "op_margin": 0.1879382889200561,
      "fcf_margin": 0.02664796633941094,
      "incr_op_margin_yoy": 0.7751677852348994,
      "rev_growth_yoy": 0.7180722891566265,
      "rev_growth_yoy_accel": -0.9398224476854788,
      "op_leverage_ratio": 1.7205080973213602,
      "fcf_margin_change": 0.07450275181795879
    },
    {
      "date": "2022-09-30T00:00:00",
      "quarter_label": "2022-09 (Q3)",
      "revenue": 74900000,
      "gross_profit": 60700000,
      "operating_income": 16200000,
      "net_income": 10200000,
      "opex": 44500000,
      "cogs": 14200000,
      "rd": null,
      "sga": 29200000,
      "fcf": 16000000,
      "ocf": 20800000,
      "capex": -4800000,
      "gross_margin": 0.8104138851802403,
      "op_margin": 0.2162883845126836,
      "fcf_margin": 0.2136181575433912,
      "incr_op_margin_yoy": -0.48148148148148145,
      "rev_growth_yoy": -0.03479381443298969,
      "rev_growth_yoy_accel": -0.7528661035896161,
      "op_leverage_ratio": Infinity,
      "fcf_margin_change": 0.18697019120398026
    },
    {
      "date": "2022-12-31T00:00:00",
      "quarter_label": "2022-12 (Q4)",
      "revenue": 78600000,
      "gross_profit": 67000000,
      "operating_income": 12400000,
      "net_income": 3100000,
      "opex": 54600000,
      "cogs": 11600000,
      "rd": null,
      "sga": 30300000,
      "fcf": -6000000,
      "ocf": -2200000,
      "capex": -3800000,
      "gross_margin": 0.8524173027989822,
      "op_margin": 0.15776081424936386,
      "fcf_margin": -0.07633587786259542,
      "incr_op_margin_yoy": 0.5172413793103449,
      "rev_growth_yoy": 0.17313432835820897,
      "rev_growth_yoy_accel": 0.20792814279119864,
      "op_leverage_ratio": 0.21764993588811485,
      "fcf_margin_change": -0.28995403540598663
    },
    {
      "date": "2023-03-31T00:00:00",
      "quarter_label": "2023-03 (Q1)",
      "revenue": 66000000,
      "gross_profit": 55100000,
      "operating_income": 6100000,
      "net_income": -200000,
      "opex": 49000000,
      "cogs": 10900000,
      "rd": null,
      "sga": 31400000,
      "fcf": 6100000,
      "ocf": 11600000,
      "capex": -5500000,
      "gross_margin": 0.8348484848484848,
      "op_margin": 0.09242424242424242,
      "fcf_margin": 0.09242424242424242,
      "incr_op_margin_yoy": -0.14814814814814814,
      "rev_growth_yoy": 0.0891089108910891,
      "rev_growth_yoy_accel": -0.08402541746711986,
      "fcf_margin_change": 0.16876012028683784
    },
    {
      "date": "2023-06-30T00:00:00",
      "quarter_label": "2023-06 (Q2)",
      "revenue": 80400000,
      "gross_profit": 67000000,
      "operating_income": 12400000,
      "net_income": 4100000,
      "opex": 54600000,
      "cogs": 13400000,
      "rd": null,
      "sga": 31200000,
      "fcf": 17700000,
      "ocf": 20900000,
      "capex": -3200000,
      "gross_margin": 0.8333333333333334,
      "op_margin": 0.15422885572139303,
      "fcf_margin": 0.22014925373134328,
      "incr_op_margin_yoy": -0.10989010989010989,
      "rev_growth_yoy": 0.1276297335203366,
      "rev_growth_yoy_accel": 0.0385208226292475,
      "op_leverage_ratio": 1.909090909090909,
      "fcf_margin_change": 0.12772501130710084
    },
    {
      "date": "2023-09-30T00:00:00",
      "quarter_label": "2023-09 (Q3)",
      "revenue": 97500000,
      "gross_profit": 76100000,
      "operating_income": 12200000,
      "net_income": 3400000,
      "opex": 63900000,
      "cogs": 21400000,
      "rd": null,
      "sga": 26900000,
      "fcf": -900000,
      "ocf": 10500000,
      "capex": -11400000,
      "gross_margin": 0.7805128205128206,
      "op_margin": 0.12512820512820513,
      "fcf_margin": -0.009230769230769232,
      "incr_op_margin_yoy": -0.17699115044247787,
      "rev_growth_yoy": 0.30173564753004006,
      "rev_growth_yoy_accel": 0.17410591400970346,
      "op_leverage_ratio": 1.2486759749638903,
      "fcf_margin_change": -0.22938002296211252
    },
    {
      "date": "2023-12-31T00:00:00",
      "quarter_label": "2023-12 (Q4)",
      "revenue": 81200000,
      "gross_profit": 63000000,
      "operating_income": 9300000,
      "net_income": 0,
      "opex": 53700000,
      "cogs": 18200000,
      "rd": null,
      "sga": 21600000,
      "fcf": -200000,
      "ocf": 11700000,
      "capex": -11900000,
      "gross_margin": 0.7758620689655172,
      "op_margin": 0.1145320197044335,
      "fcf_margin": -0.0024630541871921183,
      "incr_op_margin_yoy": -1.1923076923076923,
      "rev_growth_yoy": 0.03307888040712468,
      "rev_growth_yoy_accel": -0.26865676712291536,
      "fcf_margin_change": 0.006767715043577113
    },
    {
      "date": "2024-03-31T00:00:00",
      "quarter_label": "2024-03 (Q1)",
      "revenue": 63100000,
      "gross_profit": 47200000,
      "operating_income": -1400000,
      "net_income": -5700000,
      "opex": 48600000,
      "cogs": 15900000,
      "rd": null,
      "sga": 31900000,
      "fcf": 1600000,
      "ocf": 6000000,
      "capex": -4400000,
      "gross_margin": 0.7480190174326465,
      "op_margin": -0.022187004754358162,
      "fcf_margin": 0.025356576862123614,
      "incr_op_margin_yoy": 2.586206896551724,
      "rev_growth_yoy": -0.04393939393939394,
      "rev_growth_yoy_accel": -0.07701827434651862,
      "fcf_margin_change": 0.027819631049315733
    },
    {
      "date": "2024-06-30T00:00:00",
      "quarter_label": "2024-06 (Q2)",
      "revenue": 75600000,
      "gross_profit": null,
      "operating_income": 9400000,
      "net_income": 2000000,
      "opex": null,
      "cogs": null,
      "rd": null,
      "sga": 29200000,
      "fcf": -5300000,
      "ocf": -2400000,
      "capex": -2900000,
      "gross_margin": null,
      "op_margin": 0.12433862433862433,
      "fcf_margin": -0.0701058201058201,
      "incr_op_margin_yoy": 0.625,
      "rev_growth_yoy": -0.05970149253731343,
      "rev_growth_yoy_accel": -0.015762098597919494,
      "fcf_margin_change": -0.09546239696794372
    },
    {
      "date": "2024-09-30T00:00:00",
      "quarter_label": "2024-09 (Q3)",
      "revenue": 78000000,
      "gross_profit": null,
      "operating_income": 11900000,
      "net_income": 3400000,
      "opex": null,
      "cogs": null,
      "rd": null,
      "sga": 29600000,
      "fcf": 16800000,
      "ocf": 21200000,
      "capex": -4400000,
      "gross_margin": null,
      "op_margin": 0.15256410256410258,
      "fcf_margin": 0.2153846153846154,
      "incr_op_margin_yoy": 0.015384615384615385,
      "rev_growth_yoy": -0.2,
      "rev_growth_yoy_accel": -0.14029850746268657,
      "fcf_margin_change": 0.2854904354904355
    },
    {
      "date": "2024-12-31T00:00:00",
      "quarter_label": "2024-12 (Q4)",
      "revenue": 80400000,
      "gross_profit": null,
      "operating_income": 10800000,
      "net_income": 65100000,
      "opex": null,
      "cogs": null,
      "rd": null,
      "sga": null,
      "fcf": 1600000,
      "ocf": 6900000,
      "capex": -5300000,
      "gross_margin": null,
      "op_margin": 0.13432835820895522,
      "fcf_margin": 0.01990049751243781,
      "rev_growth_yoy": -0.009852216748768473,
      "rev_growth_yoy_accel": 0.19014778325123155,
      "fcf_margin_change": -0.1954841178721776
    },
    {
      "date": "2025-03-31T00:00:00",
      "quarter_label": "2025-03 (Q1)",
      "revenue": 60400000,
      "gross_profit": null,
      "operating_income": 1600000,
      "net_income": -100000,
      "opex": null,
      "cogs": null,
      "rd": null,
      "sga": null,
      "fcf": 16300000,
      "ocf": 25500000,
      "capex": -9200000,
      "gross_margin": null,
      "op_margin": 0.026490066225165563,
      "fcf_margin": 0.26986754966887416,
      "incr_op_margin_yoy": -1.1111111111111112,
      "rev_growth_yoy": -0.042789223454833596,
      "rev_growth_yoy_accel": -0.03293700670606512,
      "fcf_margin_change": 0.24996705215643636
    },
    {
      "date": "2025-06-30T00:00:00",
      "quarter_label": "2025-06 (Q2)",
      "revenue": 80300000,
      "gross_profit": null,
      "operating_income": 7900000,
      "net_income": -7800000,
      "opex": null,
      "cogs": null,
      "rd": null,
      "sga": null,
      "fcf": 5600000,
      "ocf": 15200000,
      "capex": -9600000,
      "gross_margin": null,
      "op_margin": 0.09838107098381071,
      "fcf_margin": 0.06973848069738481,
      "incr_op_margin_yoy": -0.3191489361702128,
      "rev_growth_yoy": 0.062169312169312166,
      "rev_growth_yoy_accel": 0.10495853562414575,
      "fcf_margin_change": -0.20012906897148935
    },
    {
      "date": "2025-09-30T00:00:00",
      "quarter_label": "2025-09 (Q3)",
      "revenue": 86200000,
      "gross_profit": null,
      "operating_income": 9700000,
      "net_income": -1900000,
      "opex": null,
      "cogs": null,
      "rd": null,
      "sga": null,
      "fcf": 4300000,
      "ocf": 10100000,
      "capex": -5800000,
      "gross_margin": null,
      "op_margin": 0.11252900232018562,
      "fcf_margin": 0.04988399071925754,
      "incr_op_margin_yoy": -0.2682926829268293,
      "rev_growth_yoy": 0.10512820512820513,
      "rev_growth_yoy_accel": 0.042958892958892964,
      "fcf_margin_change": -0.01985448997812727
    }
  ],
  "signals": [
    {
      "quarter": "2025-06 (Q2)",
      "signal": "YoY REVENUE GROWTH ACCELERATION",
      "detail": "YoY growth: +6.2% vs prior quarter YoY: -4.3% (accel: +10.5%)",
      "severity": "MEDIUM"
    },
    {
      "quarter": "2025-03 (Q1)",
      "signal": "FCF MARGIN EXPANSION",
      "detail": "FCF margin: +2.0% -> +27.0% (+25.0%)",
      "severity": "MEDIUM"
    },
    {
      "quarter": "2025-03 (Q1)",
      "signal": "OP MARGIN TURNED POSITIVE (YoY)",
      "detail": "Op margin: -2.2% (year-ago) -> +2.6%",
      "severity": "HIGH"
    },
    {
      "quarter": "2024-12 (Q4)",
      "signal": "YoY REVENUE GROWTH ACCELERATION",
      "detail": "YoY growth: -1.0% vs prior quarter YoY: -20.0% (accel: +19.0%)",
      "severity": "HIGH"
    },
    {
      "quarter": "2024-09 (Q3)",
      "signal": "FCF TURNED POSITIVE",
      "detail": "FCF margin: -7.0% -> +21.5%",
      "severity": "HIGH"
    },
    {
      "quarter": "2024-09 (Q3)",
      "signal": "YoY REVENUE GROWTH DECELERATION",
      "detail": "YoY growth: -20.0% vs prior quarter YoY: -6.0% (decel: -14.0%)",
      "severity": "WARNING"
    },
    {
      "quarter": "2024-06 (Q2)",
      "signal": "INCREMENTAL MARGIN (YoY)",
      "detail": "YoY Incr OPM: +62.5% vs year-ago OPM: +15.4%",
      "severity": "HIGH"
    },
    {
      "quarter": "2024-06 (Q2)",
      "signal": "OP MARGIN TURNED POSITIVE (QoQ)",
      "detail": "Op margin: -2.2% -> +12.4%",
      "severity": "HIGH"
    },
    {
      "quarter": "2024-03 (Q1)",
      "signal": "FCF TURNED POSITIVE",
      "detail": "FCF margin: -0.2% -> +2.5%",
      "severity": "HIGH"
    },
    {
      "quarter": "2024-03 (Q1)",
      "signal": "YoY REVENUE GROWTH DECELERATION",
      "detail": "YoY growth: -4.4% vs prior quarter YoY: +3.3% (decel: -7.7%)",
      "severity": "WARNING"
    },
    {
      "quarter": "2023-12 (Q4)",
      "signal": "YoY REVENUE GROWTH DECELERATION",
      "detail": "YoY growth: +3.3% vs prior quarter YoY: +30.2% (decel: -26.9%)",
      "severity": "WARNING"
    },
    {
      "quarter": "2023-09 (Q3)",
      "signal": "YoY REVENUE GROWTH ACCELERATION",
      "detail": "YoY growth: +30.2% vs prior quarter YoY: +12.8% (accel: +17.4%)",
      "severity": "HIGH"
    },
    {
      "quarter": "2023-06 (Q2)",
      "signal": "FCF MARGIN EXPANSION",
      "detail": "FCF margin: +9.2% -> +22.0% (+12.8%)",
      "severity": "MEDIUM"
    },
    {
      "quarter": "2023-06 (Q2)",
      "signal": "OPERATING LEVERAGE",
      "detail": "Rev growth +21.8% vs OpEx growth +11.4% (leverage: 1.9x)",
      "severity": "MEDIUM"
    },
    {
      "quarter": "2023-03 (Q1)",
      "signal": "FCF TURNED POSITIVE",
      "detail": "FCF margin: -7.6% -> +9.2%",
      "severity": "HIGH"
    },
    {
      "quarter": "2023-03 (Q1)",
      "signal": "YoY REVENUE GROWTH DECELERATION",
      "detail": "YoY growth: +8.9% vs prior quarter YoY: +17.3% (decel: -8.4%)",
      "severity": "WARNING"
    },
    {
      "quarter": "2022-12 (Q4)",
      "signal": "GROSS MARGIN INFLECTION",
      "detail": "GM: +83.6% -> +81.0% -> +85.2% (reversal +4.2%)",
      "severity": "MEDIUM"
    },
    {
      "quarter": "2022-12 (Q4)",
      "signal": "YoY REVENUE GROWTH ACCELERATION",
      "detail": "YoY growth: +17.3% vs prior quarter YoY: -3.5% (accel: +20.8%)",
      "severity": "HIGH"
    },
    {
      "quarter": "2022-12 (Q4)",
      "signal": "INCREMENTAL MARGIN (YoY)",
      "detail": "YoY Incr OPM: +51.7% vs year-ago OPM: +9.6%",
      "severity": "HIGH"
    },
    {
      "quarter": "2022-09 (Q3)",
      "signal": "FCF MARGIN EXPANSION",
      "detail": "FCF margin: +2.7% -> +21.4% (+18.7%)",
      "severity": "MEDIUM"
    },
    {
      "quarter": "2022-09 (Q3)",
      "signal": "YoY REVENUE GROWTH DECELERATION",
      "detail": "YoY growth: -3.5% vs prior quarter YoY: +71.8% (decel: -75.3%)",
      "severity": "WARNING"
    },
    {
      "quarter": "2022-06 (Q2)",
      "signal": "FCF TURNED POSITIVE",
      "detail": "FCF margin: -4.8% -> +2.7%",
      "severity": "HIGH"
    },
    {
      "quarter": "2022-06 (Q2)",
      "signal": "OPERATING LEVERAGE",
      "detail": "Rev growth +17.7% vs OpEx growth +10.3% (leverage: 1.7x)",
      "severity": "MEDIUM"
    },
    {
      "quarter": "2022-06 (Q2)",
      "signal": "GROSS MARGIN INFLECTION",
      "detail": "GM: +84.5% -> +80.5% -> +83.6% (reversal +3.1%)",
      "severity": "MEDIUM"
    },
    {
      "quarter": "2022-06 (Q2)",
      "signal": "YoY REVENUE GROWTH DECELERATION",
      "detail": "YoY growth: +71.8% vs prior quarter YoY: +165.8% (decel: -94.0%)",
      "severity": "WARNING"
    },
    {
      "quarter": "2022-06 (Q2)",
      "signal": "OP MARGIN TURNED POSITIVE (YoY)",
      "detail": "Op margin: -23.4% (year-ago) -> +18.8%",
      "severity": "HIGH"
    },
    {
      "quarter": "2022-03 (Q1)",
      "signal": "FCF MARGIN EXPANSION",
      "detail": "FCF margin: -11.0% -> -4.8% (+6.3%)",
      "severity": "MEDIUM"
    },
    {
      "quarter": "2022-03 (Q1)",
      "signal": "YoY REVENUE GROWTH ACCELERATION",
      "detail": "YoY growth: +165.8% vs prior quarter YoY: -6.7% (accel: +172.5%)",
      "severity": "HIGH"
    },
    {
      "quarter": "2022-03 (Q1)",
      "signal": "OP MARGIN TURNED POSITIVE (YoY)",
      "detail": "Op margin: -53.5% (year-ago) -> +11.4%",
      "severity": "HIGH"
    },
    {
      "quarter": "2021-12 (Q4)",
      "signal": "INCREMENTAL MARGIN (YoY)",
      "detail": "YoY Incr OPM: +268.8% vs year-ago OPM: +26.9%",
      "severity": "HIGH"
    },
    {
      "quarter": "2021-09 (Q3)",
      "signal": "FCF TURNED POSITIVE",
      "detail": "FCF margin: -34.2% -> +21.5%",
      "severity": "HIGH"
    },
    {
      "quarter": "2021-09 (Q3)",
      "signal": "OPERATING LEVERAGE",
      "detail": "Rev growth +87.0% vs OpEx growth +13.2% (leverage: 6.6x)",
      "severity": "MEDIUM"
    },
    {
      "quarter": "2021-09 (Q3)",
      "signal": "OP MARGIN TURNED POSITIVE (QoQ)",
      "detail": "Op margin: -23.4% -> +19.2%",
      "severity": "HIGH"
    },
    {
      "quarter": "2021-06 (Q2)",
      "signal": "OPERATING LEVERAGE",
      "detail": "Rev growth +82.0% vs OpEx growth +31.3% (leverage: 2.6x)",
      "severity": "MEDIUM"
    }
  ],
  "data_quality": {
    "n_quarters": 20,
    "coverage": {
      "revenue": [
        20,
        20
      ],
      "gross_profit": [
        14,
        20
      ],
      "op_income": [
        20,
        20
      ],
      "fcf": [
        20,
        20
      ]
    },
    "gaps": [],
    "warnings": [
      "gross_profit: 14/20Q"
    ]
  },
  "market_cap": null,
  "source": "SEC EDGAR",
  "last_updated": "2026-02-02T22:55:05.814020"
}