{
  "ticker": "INSG",
  "name": "INSEEGO CORP.",
  "sector": "Technology",
  "industry": "Communication Equipment",
  "quarters": [
    {
      "date": "2021-03-31T00:00:00",
      "quarter_label": "2021-03 (Q1)",
      "revenue": 57597000,
      "gross_profit": 18473000,
      "operating_income": -16196000,
      "net_income": -17173000,
      "opex": 34669000,
      "cogs": 39124000,
      "rd": 14555000,
      "sga": null,
      "fcf": -351000,
      "ocf": 973000,
      "capex": -1324000,
      "gross_margin": 0.32072851016546,
      "op_margin": -0.2811952011389482,
      "fcf_margin": -0.006094067399343716
    },
    {
      "date": "2021-06-30T00:00:00",
      "quarter_label": "2021-06 (Q2)",
      "revenue": 65693000,
      "gross_profit": 20349000,
      "operating_income": -10520000,
      "net_income": -13043000,
      "opex": 30869000,
      "cogs": 45344000,
      "rd": 11773000,
      "sga": null,
      "fcf": -14134000,
      "ocf": -13003000,
      "capex": -1131000,
      "gross_margin": 0.30975903064253424,
      "op_margin": -0.16013882757675857,
      "fcf_margin": -0.21515229933174007,
      "op_leverage_ratio": null,
      "fcf_margin_change": -0.20905823193239637
    },
    {
      "date": "2021-09-30T00:00:00",
      "quarter_label": "2021-09 (Q3)",
      "revenue": 66217000,
      "gross_profit": 18943000,
      "operating_income": -9973000,
      "net_income": -7190000,
      "opex": 28916000,
      "cogs": 47274000,
      "rd": 12626000,
      "sga": null,
      "fcf": -4571000,
      "ocf": -2727000,
      "capex": -1844000,
      "gross_margin": 0.2860745729948503,
      "op_margin": -0.1506108703203105,
      "fcf_margin": -0.06903061147439479,
      "fcf_margin_change": 0.14612168785734528
    },
    {
      "date": "2021-12-31T00:00:00",
      "quarter_label": "2021-12 (Q4)",
      "revenue": 72892000,
      "gross_profit": 18160000,
      "operating_income": -9832000,
      "net_income": -10720000,
      "opex": 27992000,
      "cogs": 54732000,
      "rd": 13719000,
      "sga": null,
      "fcf": -11084000,
      "ocf": -10455000,
      "capex": -629000,
      "gross_margin": 0.24913570762223564,
      "op_margin": -0.13488448663776545,
      "fcf_margin": -0.15206058278000328,
      "op_leverage_ratio": null,
      "fcf_margin_change": -0.08302997130560849
    },
    {
      "date": "2022-03-31T00:00:00",
      "quarter_label": "2022-03 (Q1)",
      "revenue": 61384000,
      "gross_profit": 15248000,
      "operating_income": -21767000,
      "net_income": -25223000,
      "opex": 37015000,
      "cogs": 46136000,
      "rd": 18560000,
      "sga": null,
      "fcf": -1401000,
      "ocf": -638000,
      "capex": -763000,
      "gross_margin": 0.24840349276684479,
      "op_margin": -0.3546038055519354,
      "fcf_margin": -0.022823537078065944,
      "incr_op_margin_yoy": -1.4710852917876946,
      "rev_growth_yoy": 0.06574995225445769,
      "fcf_margin_change": 0.12923704570193734
    },
    {
      "date": "2022-06-30T00:00:00",
      "quarter_label": "2022-06 (Q2)",
      "revenue": 61856000,
      "gross_profit": 17892000,
      "operating_income": -10033000,
      "net_income": -12376000,
      "opex": 27925000,
      "cogs": 43964000,
      "rd": 13619000,
      "sga": null,
      "fcf": -17256000,
      "ocf": -16960000,
      "capex": -296000,
      "gross_margin": 0.28925245732022764,
      "op_margin": -0.16219930160372478,
      "fcf_margin": -0.2789705121572685,
      "incr_op_margin_yoy": -0.126922074537399,
      "rev_growth_yoy": -0.058408049563880474,
      "rev_growth_yoy_accel": -0.12415800181833817,
      "fcf_margin_change": -0.25614697507920253
    },
    {
      "date": "2022-09-30T00:00:00",
      "quarter_label": "2022-09 (Q3)",
      "revenue": 69167000,
      "gross_profit": 17956000,
      "operating_income": -11909000,
      "net_income": -15743000,
      "opex": 29865000,
      "cogs": 51211000,
      "rd": 15417000,
      "sga": null,
      "fcf": -7249000,
      "ocf": -7105000,
      "capex": -144000,
      "gross_margin": 0.25960356817557506,
      "op_margin": -0.17217748348200732,
      "fcf_margin": -0.10480431419607616,
      "incr_op_margin_yoy": -0.656271186440678,
      "rev_growth_yoy": 0.04455049307579625,
      "rev_growth_yoy_accel": 0.10295854263967671,
      "op_leverage_ratio": 1.7013215512850597,
      "fcf_margin_change": 0.17416619796119232
    },
    {
      "date": "2022-12-31T00:00:00",
      "quarter_label": "2022-12 (Q4)",
      "revenue": 52915000,
      "gross_profit": 15811000,
      "operating_income": -14210000,
      "net_income": -14627000,
      "opex": 30021000,
      "cogs": 37104000,
      "rd": 11640000,
      "sga": null,
      "fcf": -8864000,
      "ocf": -8586000,
      "capex": -278000,
      "gross_margin": 0.29879996220353394,
      "op_margin": -0.2685438911461778,
      "fcf_margin": -0.16751393744684873,
      "incr_op_margin_yoy": 0.21915202482855284,
      "rev_growth_yoy": -0.2740629973110904,
      "rev_growth_yoy_accel": -0.31861349038688663,
      "fcf_margin_change": -0.06270962325077256
    },
    {
      "date": "2023-03-31T00:00:00",
      "quarter_label": "2023-03 (Q1)",
      "revenue": 50794000,
      "gross_profit": 18187000,
      "operating_income": -3591000,
      "net_income": -5104000,
      "opex": 21778000,
      "cogs": 32607000,
      "rd": 8154000,
      "sga": null,
      "fcf": 7598000,
      "ocf": 7659000,
      "capex": -61000,
      "gross_margin": 0.35805410087805645,
      "op_margin": -0.07069732645588062,
      "fcf_margin": 0.14958459660589835,
      "incr_op_margin_yoy": -1.7163361661945231,
      "rev_growth_yoy": -0.17252052652156913,
      "rev_growth_yoy_accel": 0.10154247078952128,
      "fcf_margin_change": 0.31709853405274707
    },
    {
      "date": "2023-06-30T00:00:00",
      "quarter_label": "2023-06 (Q2)",
      "revenue": 53557000,
      "gross_profit": 18896000,
      "operating_income": -3276000,
      "net_income": -4936000,
      "opex": 22172000,
      "cogs": 34661000,
      "rd": 10022000,
      "sga": null,
      "fcf": 4920000,
      "ocf": 5020000,
      "capex": -100000,
      "gross_margin": 0.3528203596168568,
      "op_margin": -0.06116847470918834,
      "fcf_margin": 0.09186474223724256,
      "incr_op_margin_yoy": -0.8141944812628027,
      "rev_growth_yoy": -0.13416645111226075,
      "rev_growth_yoy_accel": 0.03835407540930838,
      "op_leverage_ratio": 3.00670099929865,
      "fcf_margin_change": -0.05771985436865579
    },
    {
      "date": "2023-09-30T00:00:00",
      "quarter_label": "2023-09 (Q3)",
      "revenue": 48583000,
      "gross_profit": 1895000,
      "operating_income": -18352000,
      "net_income": -21805000,
      "opex": 20247000,
      "cogs": 46688000,
      "rd": 8951000,
      "sga": null,
      "fcf": 9482000,
      "ocf": 9724000,
      "capex": -242000,
      "gross_margin": 0.03900541341621555,
      "op_margin": -0.3777453018545582,
      "fcf_margin": 0.19517115040240413,
      "incr_op_margin_yoy": 0.3130101049358725,
      "rev_growth_yoy": -0.2975985657900444,
      "rev_growth_yoy_accel": -0.16343211467778365,
      "fcf_margin_change": 0.10330640816516157
    },
    {
      "date": "2023-12-31T00:00:00",
      "quarter_label": "2023-12 (Q4)",
      "revenue": 42754000,
      "gross_profit": 13476000,
      "operating_income": -11063000,
      "net_income": -14339000,
      "opex": 24539000,
      "cogs": 29278000,
      "rd": -5614000,
      "sga": null,
      "fcf": -16267000,
      "ocf": -16446000,
      "capex": 179000,
      "gross_margin": 0.3151985779108388,
      "op_margin": -0.25875941432380595,
      "fcf_margin": -0.38047901950694674,
      "incr_op_margin_yoy": -0.3097136108650723,
      "rev_growth_yoy": -0.19202494566758008,
      "rev_growth_yoy_accel": 0.10557362012246432,
      "fcf_margin_change": -0.5756501699093508
    },
    {
      "date": "2024-03-31T00:00:00",
      "quarter_label": "2024-03 (Q1)",
      "revenue": 45009000,
      "gross_profit": 17392000,
      "operating_income": -1684000,
      "net_income": -4455000,
      "opex": 19076000,
      "cogs": 27617000,
      "rd": 5043000,
      "sga": null,
      "fcf": 5240000,
      "ocf": 5240000,
      "capex": null,
      "gross_margin": 0.3864116065675754,
      "op_margin": -0.03741473927436735,
      "fcf_margin": 0.11642116021240197,
      "incr_op_margin_yoy": -0.3296456352636128,
      "rev_growth_yoy": -0.11389140449659409,
      "rev_growth_yoy_accel": 0.07813354117098599,
      "op_leverage_ratio": null,
      "fcf_margin_change": 0.4969001797193487
    },
    {
      "date": "2024-06-30T00:00:00",
      "quarter_label": "2024-06 (Q2)",
      "revenue": 59149000,
      "gross_profit": 23040000,
      "operating_income": 2349000,
      "net_income": 624000,
      "opex": 20691000,
      "cogs": 36109000,
      "rd": 5486000,
      "sga": null,
      "fcf": 27624000,
      "ocf": 27649000,
      "capex": -25000,
      "gross_margin": 0.3895247595056552,
      "op_margin": 0.039713266496475004,
      "fcf_margin": 0.4670239564489679,
      "incr_op_margin_yoy": 1.0059012875536482,
      "rev_growth_yoy": 0.10441212166476838,
      "rev_growth_yoy_accel": 0.21830352616136245,
      "op_leverage_ratio": 3.7107767988885887,
      "fcf_margin_change": 0.35060279623656593
    },
    {
      "date": "2024-09-30T00:00:00",
      "quarter_label": "2024-09 (Q3)",
      "revenue": 54032000,
      "gross_profit": 18800000,
      "operating_income": 1016000,
      "net_income": 8969000,
      "opex": 17784000,
      "cogs": 35232000,
      "rd": 5176000,
      "sga": null,
      "fcf": 14816000,
      "ocf": 14821000,
      "capex": -5000,
      "gross_margin": 0.3479419603198105,
      "op_margin": 0.01880367189813444,
      "fcf_margin": 0.27420787681374,
      "incr_op_margin_yoy": 3.554413653881446,
      "rev_growth_yoy": 0.1121585739867855,
      "rev_growth_yoy_accel": 0.007746452322017122,
      "fcf_margin_change": -0.1928160796352279
    },
    {
      "date": "2024-12-31T00:00:00",
      "quarter_label": "2024-12 (Q4)",
      "revenue": 48087000,
      "gross_profit": 17944000,
      "operating_income": 1790000,
      "net_income": -566000,
      "opex": 16154000,
      "cogs": 30143000,
      "rd": 5564000,
      "sga": null,
      "fcf": -14261000,
      "ocf": -14191000,
      "capex": -70000,
      "gross_margin": 0.37315698629567245,
      "op_margin": 0.03722419780813942,
      "fcf_margin": -0.29656663963233304,
      "incr_op_margin_yoy": 2.4100881305081567,
      "rev_growth_yoy": 0.12473686672592038,
      "rev_growth_yoy_accel": 0.012578292739134883,
      "fcf_margin_change": -0.570774516446073
    },
    {
      "date": "2025-03-31T00:00:00",
      "quarter_label": "2025-03 (Q1)",
      "revenue": 31673000,
      "gross_profit": 14983000,
      "operating_income": -424000,
      "net_income": -1570000,
      "opex": 15407000,
      "cogs": 16690000,
      "rd": 4535000,
      "sga": null,
      "fcf": -3499000,
      "ocf": -3467000,
      "capex": -32000,
      "gross_margin": 0.47305275786947876,
      "op_margin": -0.013386796324945537,
      "fcf_margin": -0.11047264231364254,
      "incr_op_margin_yoy": -0.09448110377924415,
      "rev_growth_yoy": -0.2962962962962963,
      "rev_growth_yoy_accel": -0.42103316302221666,
      "fcf_margin_change": 0.1860939973186905
    },
    {
      "date": "2025-06-30T00:00:00",
      "quarter_label": "2025-06 (Q2)",
      "revenue": 40223000,
      "gross_profit": 16515000,
      "operating_income": 1280000,
      "net_income": 507000,
      "opex": 15235000,
      "cogs": 23708000,
      "rd": 4820000,
      "sga": null,
      "fcf": -4657000,
      "ocf": -4469000,
      "capex": -188000,
      "gross_margin": 0.4105859831439724,
      "op_margin": 0.03182258906595729,
      "fcf_margin": -0.11577952912512741,
      "incr_op_margin_yoy": 0.05648314488005918,
      "rev_growth_yoy": -0.3199715971529527,
      "rev_growth_yoy_accel": -0.023675300856656423,
      "op_leverage_ratio": null,
      "fcf_margin_change": -0.005306886811484876
    },
    {
      "date": "2025-09-30T00:00:00",
      "quarter_label": "2025-09 (Q3)",
      "revenue": 45893000,
      "gross_profit": 19084000,
      "operating_income": 2155000,
      "net_income": 1432000,
      "opex": 16929000,
      "cogs": 26809000,
      "rd": 4878000,
      "sga": null,
      "fcf": 3072000,
      "ocf": 3173000,
      "capex": -101000,
      "gross_margin": 0.41583683786198333,
      "op_margin": 0.046957052273767244,
      "fcf_margin": 0.06693831303248861,
      "incr_op_margin_yoy": -0.13994348200024573,
      "rev_growth_yoy": -0.15063295824696477,
      "rev_growth_yoy_accel": 0.16933863890598794,
      "op_leverage_ratio": 1.26776177356691,
      "fcf_margin_change": 0.18271784215761602
    },
    {
      "date": "2025-12-31T00:00:00",
      "quarter_label": "2025-12 (Q4)",
      "revenue": 48399000,
      "gross_profit": 20414000,
      "operating_income": 1305000,
      "net_income": 469000,
      "opex": 19109000,
      "cogs": 27985000,
      "rd": 5568000,
      "sga": null,
      "fcf": 11618000,
      "ocf": 11958000,
      "capex": -340000,
      "gross_margin": 0.42178557408210915,
      "op_margin": 0.026963367011715117,
      "fcf_margin": 0.24004628194797414,
      "rev_growth_yoy": 0.006488240064882401,
      "rev_growth_yoy_accel": 0.15712119831184718,
      "op_leverage_ratio": 0.4240425425156282,
      "fcf_margin_change": 0.17310796891548552
    }
  ],
  "signals": [
    {
      "quarter": "2025-12 (Q4)",
      "signal": "FCF MARGIN EXPANSION",
      "detail": "FCF margin: +6.7% -> +24.0% (+17.3%)",
      "severity": "MEDIUM"
    },
    {
      "quarter": "2025-12 (Q4)",
      "signal": "YoY REVENUE GROWTH ACCELERATION",
      "detail": "YoY growth: +0.6% vs prior quarter YoY: -15.1% (accel: +15.7%)",
      "severity": "HIGH"
    },
    {
      "quarter": "2025-09 (Q3)",
      "signal": "FCF TURNED POSITIVE",
      "detail": "FCF margin: -11.6% -> +6.7%",
      "severity": "HIGH"
    },
    {
      "quarter": "2025-09 (Q3)",
      "signal": "YoY REVENUE GROWTH ACCELERATION",
      "detail": "YoY growth: -15.1% vs prior quarter YoY: -32.0% (accel: +16.9%)",
      "severity": "HIGH"
    },
    {
      "quarter": "2025-06 (Q2)",
      "signal": "OP MARGIN TURNED POSITIVE (QoQ)",
      "detail": "Op margin: -1.3% -> +3.2%",
      "severity": "HIGH"
    },
    {
      "quarter": "2025-03 (Q1)",
      "signal": "FCF MARGIN EXPANSION",
      "detail": "FCF margin: -29.7% -> -11.0% (+18.6%)",
      "severity": "MEDIUM"
    },
    {
      "quarter": "2025-03 (Q1)",
      "signal": "YoY REVENUE GROWTH DECELERATION",
      "detail": "YoY growth: -29.6% vs prior quarter YoY: +12.5% (decel: -42.1%)",
      "severity": "WARNING"
    },
    {
      "quarter": "2024-12 (Q4)",
      "signal": "GROSS MARGIN INFLECTION",
      "detail": "GM: +39.0% -> +34.8% -> +37.3% (reversal +2.5%)",
      "severity": "MEDIUM"
    },
    {
      "quarter": "2024-12 (Q4)",
      "signal": "OP MARGIN TURNED POSITIVE (YoY)",
      "detail": "Op margin: -25.9% (year-ago) -> +3.7%",
      "severity": "HIGH"
    },
    {
      "quarter": "2024-09 (Q3)",
      "signal": "OP MARGIN TURNED POSITIVE (YoY)",
      "detail": "Op margin: -37.8% (year-ago) -> +1.9%",
      "severity": "HIGH"
    },
    {
      "quarter": "2024-06 (Q2)",
      "signal": "FCF MARGIN EXPANSION",
      "detail": "FCF margin: +11.6% -> +46.7% (+35.1%)",
      "severity": "MEDIUM"
    },
    {
      "quarter": "2024-06 (Q2)",
      "signal": "OPERATING LEVERAGE",
      "detail": "Rev growth +31.4% vs OpEx growth +8.5% (leverage: 3.7x)",
      "severity": "MEDIUM"
    },
    {
      "quarter": "2024-06 (Q2)",
      "signal": "YoY REVENUE GROWTH ACCELERATION",
      "detail": "YoY growth: +10.4% vs prior quarter YoY: -11.4% (accel: +21.8%)",
      "severity": "HIGH"
    },
    {
      "quarter": "2024-06 (Q2)",
      "signal": "OP MARGIN TURNED POSITIVE (YoY)",
      "detail": "Op margin: -6.1% (year-ago) -> +4.0%",
      "severity": "HIGH"
    },
    {
      "quarter": "2024-06 (Q2)",
      "signal": "OP MARGIN TURNED POSITIVE (QoQ)",
      "detail": "Op margin: -3.7% -> +4.0%",
      "severity": "HIGH"
    },
    {
      "quarter": "2024-03 (Q1)",
      "signal": "FCF TURNED POSITIVE",
      "detail": "FCF margin: -38.0% -> +11.6%",
      "severity": "HIGH"
    },
    {
      "quarter": "2024-03 (Q1)",
      "signal": "YoY REVENUE GROWTH ACCELERATION",
      "detail": "YoY growth: -11.4% vs prior quarter YoY: -19.2% (accel: +7.8%)",
      "severity": "MEDIUM"
    },
    {
      "quarter": "2023-12 (Q4)",
      "signal": "GROSS MARGIN INFLECTION",
      "detail": "GM: +35.3% -> +3.9% -> +31.5% (reversal +27.6%)",
      "severity": "HIGH"
    },
    {
      "quarter": "2023-12 (Q4)",
      "signal": "YoY REVENUE GROWTH ACCELERATION",
      "detail": "YoY growth: -19.2% vs prior quarter YoY: -29.8% (accel: +10.6%)",
      "severity": "MEDIUM"
    },
    {
      "quarter": "2023-09 (Q3)",
      "signal": "FCF MARGIN EXPANSION",
      "detail": "FCF margin: +9.2% -> +19.5% (+10.3%)",
      "severity": "MEDIUM"
    },
    {
      "quarter": "2023-09 (Q3)",
      "signal": "YoY REVENUE GROWTH DECELERATION",
      "detail": "YoY growth: -29.8% vs prior quarter YoY: -13.4% (decel: -16.3%)",
      "severity": "WARNING"
    },
    {
      "quarter": "2023-06 (Q2)",
      "signal": "OPERATING LEVERAGE",
      "detail": "Rev growth +5.4% vs OpEx growth +1.8% (leverage: 3.0x)",
      "severity": "MEDIUM"
    },
    {
      "quarter": "2023-03 (Q1)",
      "signal": "FCF TURNED POSITIVE",
      "detail": "FCF margin: -16.8% -> +15.0%",
      "severity": "HIGH"
    },
    {
      "quarter": "2023-03 (Q1)",
      "signal": "YoY REVENUE GROWTH ACCELERATION",
      "detail": "YoY growth: -17.3% vs prior quarter YoY: -27.4% (accel: +10.2%)",
      "severity": "MEDIUM"
    },
    {
      "quarter": "2022-12 (Q4)",
      "signal": "GROSS MARGIN INFLECTION",
      "detail": "GM: +28.9% -> +26.0% -> +29.9% (reversal +3.9%)",
      "severity": "MEDIUM"
    },
    {
      "quarter": "2022-12 (Q4)",
      "signal": "YoY REVENUE GROWTH DECELERATION",
      "detail": "YoY growth: -27.4% vs prior quarter YoY: +4.5% (decel: -31.9%)",
      "severity": "WARNING"
    },
    {
      "quarter": "2022-09 (Q3)",
      "signal": "FCF MARGIN EXPANSION",
      "detail": "FCF margin: -27.9% -> -10.5% (+17.4%)",
      "severity": "MEDIUM"
    },
    {
      "quarter": "2022-09 (Q3)",
      "signal": "OPERATING LEVERAGE",
      "detail": "Rev growth +11.8% vs OpEx growth +6.9% (leverage: 1.7x)",
      "severity": "MEDIUM"
    },
    {
      "quarter": "2022-09 (Q3)",
      "signal": "YoY REVENUE GROWTH ACCELERATION",
      "detail": "YoY growth: +4.5% vs prior quarter YoY: -5.8% (accel: +10.3%)",
      "severity": "MEDIUM"
    },
    {
      "quarter": "2022-06 (Q2)",
      "signal": "GROSS MARGIN INFLECTION",
      "detail": "GM: +24.9% -> +24.8% -> +28.9% (reversal +4.1%)",
      "severity": "MEDIUM"
    },
    {
      "quarter": "2022-06 (Q2)",
      "signal": "YoY REVENUE GROWTH DECELERATION",
      "detail": "YoY growth: -5.8% vs prior quarter YoY: +6.6% (decel: -12.4%)",
      "severity": "WARNING"
    },
    {
      "quarter": "2022-03 (Q1)",
      "signal": "FCF MARGIN EXPANSION",
      "detail": "FCF margin: -15.2% -> -2.3% (+12.9%)",
      "severity": "MEDIUM"
    },
    {
      "quarter": "2021-09 (Q3)",
      "signal": "FCF MARGIN EXPANSION",
      "detail": "FCF margin: -21.5% -> -6.9% (+14.6%)",
      "severity": "MEDIUM"
    }
  ],
  "data_quality": {
    "n_quarters": 20,
    "coverage": {
      "revenue": [
        20,
        20
      ],
      "gross_profit": [
        20,
        20
      ],
      "op_income": [
        20,
        20
      ],
      "fcf": [
        20,
        20
      ]
    },
    "gaps": [],
    "warnings": []
  },
  "market_cap": null,
  "source": "SEC EDGAR",
  "last_updated": "2026-02-24T10:11:55.722036"
}