{
  "ticker": "INSM",
  "name": "INSMED INCORPORATED",
  "quarters": [
    {
      "date": "2020-12-31T00:00:00",
      "quarter_label": "2020-12 (Q4)",
      "revenue": 41415000,
      "gross_profit": 30553000,
      "operating_income": -94538000,
      "net_income": -102213000,
      "opex": 164963000,
      "cogs": 10862000,
      "rd": 67814000,
      "sga": null,
      "fcf": -67725000,
      "ocf": -66792000,
      "capex": -933000,
      "gross_margin": 0.7377278763732947,
      "op_margin": -2.282699505010262,
      "fcf_margin": -1.6352770735240856
    },
    {
      "date": "2021-03-31T00:00:00",
      "quarter_label": "2021-03 (Q1)",
      "revenue": 40214000,
      "gross_profit": 30370000,
      "operating_income": -83833000,
      "net_income": -91641000,
      "opex": 124047000,
      "cogs": 9844000,
      "rd": 61390000,
      "sga": null,
      "fcf": -129462000,
      "ocf": -128281000,
      "capex": -1181000,
      "gross_margin": 0.7552096284875914,
      "op_margin": -2.0846720047744567,
      "fcf_margin": -3.219326602675685,
      "fcf_margin_change": -1.5840495291515995
    },
    {
      "date": "2021-06-30T00:00:00",
      "quarter_label": "2021-06 (Q2)",
      "revenue": 45366000,
      "gross_profit": 34529000,
      "operating_income": -88566000,
      "net_income": -117321000,
      "opex": 133932000,
      "cogs": 10837000,
      "rd": 64655000,
      "sga": null,
      "fcf": -78929000,
      "ocf": -75444000,
      "capex": -3485000,
      "gross_margin": 0.7611206630516245,
      "op_margin": -1.95225499272583,
      "fcf_margin": -1.739827183353172,
      "op_leverage_ratio": 1.607711701426201,
      "fcf_margin_change": 1.479499419322513
    },
    {
      "date": "2021-09-30T00:00:00",
      "quarter_label": "2021-09 (Q3)",
      "revenue": 46757000,
      "gross_profit": 36574000,
      "operating_income": -103617000,
      "net_income": -112714000,
      "opex": 150374000,
      "cogs": 10183000,
      "rd": 70347000,
      "sga": null,
      "fcf": -76926000,
      "ocf": -75445000,
      "capex": -1481000,
      "gross_margin": 0.7822144277862139,
      "op_margin": -2.216074598455846,
      "fcf_margin": -1.6452295912911437,
      "op_leverage_ratio": 0.2497619933634369,
      "fcf_margin_change": 0.09459759206202834
    },
    {
      "date": "2021-12-31T00:00:00",
      "quarter_label": "2021-12 (Q4)",
      "revenue": 56124000,
      "gross_profit": 42836000,
      "operating_income": -99078000,
      "net_income": -112978000,
      "opex": 155202000,
      "cogs": 13288000,
      "rd": 76352000,
      "sga": null,
      "fcf": -85274000,
      "ocf": -84132000,
      "capex": -1142000,
      "gross_margin": 0.7632385432257145,
      "op_margin": -1.7653410305751551,
      "fcf_margin": -1.5193856460694177,
      "incr_op_margin_yoy": -0.3086545652321708,
      "rev_growth_yoy": 0.3551611734878667,
      "op_leverage_ratio": 6.239637689257646,
      "fcf_margin_change": 0.12584394522172593
    },
    {
      "date": "2022-03-31T00:00:00",
      "quarter_label": "2022-03 (Q1)",
      "revenue": 53107000,
      "gross_profit": 40916000,
      "operating_income": -89833000,
      "net_income": -94621000,
      "opex": 142940000,
      "cogs": 12191000,
      "rd": 84356000,
      "sga": null,
      "fcf": -106862000,
      "ocf": -105161000,
      "capex": -1701000,
      "gross_margin": 0.7704445741615983,
      "op_margin": -1.6915472536577099,
      "fcf_margin": -2.012201781309432,
      "incr_op_margin_yoy": -0.4653688047777864,
      "rev_growth_yoy": 0.3206097379022231,
      "rev_growth_yoy_accel": -0.03455143558564361,
      "fcf_margin_change": -0.4928161352400142
    },
    {
      "date": "2022-06-30T00:00:00",
      "quarter_label": "2022-06 (Q2)",
      "revenue": 65221000,
      "gross_profit": 48826000,
      "operating_income": -88316000,
      "net_income": -95645000,
      "opex": 153537000,
      "cogs": 16395000,
      "rd": 88527000,
      "sga": null,
      "fcf": -105205000,
      "ocf": -102301000,
      "capex": -2904000,
      "gross_margin": 0.748623909477009,
      "op_margin": -1.354103739593076,
      "fcf_margin": -1.6130540776743687,
      "incr_op_margin_yoy": 0.012591286829513977,
      "rev_growth_yoy": 0.43766256667989245,
      "rev_growth_yoy_accel": 0.11705282877766937,
      "op_leverage_ratio": 3.076852262980985,
      "fcf_margin_change": 0.39914770363506324
    },
    {
      "date": "2022-09-30T00:00:00",
      "quarter_label": "2022-09 (Q3)",
      "revenue": 67730000,
      "gross_profit": 54259000,
      "operating_income": -127697000,
      "net_income": -131145000,
      "opex": 195427000,
      "cogs": 13471000,
      "rd": 99872000,
      "sga": null,
      "fcf": -90410000,
      "ocf": -89828000,
      "capex": -582000,
      "gross_margin": 0.8011073379595453,
      "op_margin": -1.8853831389340026,
      "fcf_margin": -1.3348589989664845,
      "incr_op_margin_yoy": -1.1481428503313784,
      "rev_growth_yoy": 0.448553157815942,
      "rev_growth_yoy_accel": 0.010890591136049566,
      "op_leverage_ratio": 0.14099895637715512,
      "fcf_margin_change": 0.2781950787078842
    },
    {
      "date": "2022-12-31T00:00:00",
      "quarter_label": "2022-12 (Q4)",
      "revenue": 59300000,
      "gross_profit": 46231000,
      "operating_income": -151475000,
      "net_income": -160123000,
      "opex": 210775000,
      "cogs": 13069000,
      "rd": 124763000,
      "sga": null,
      "fcf": -107840000,
      "ocf": -103149000,
      "capex": -4691000,
      "gross_margin": 0.7796121416526138,
      "op_margin": -2.5543844856661044,
      "fcf_margin": -1.8185497470489038,
      "incr_op_margin_yoy": -16.4977959697733,
      "rev_growth_yoy": 0.05658898154087378,
      "rev_growth_yoy_accel": -0.39196417627506824,
      "fcf_margin_change": -0.4836907480824193
    },
    {
      "date": "2023-03-31T00:00:00",
      "quarter_label": "2023-03 (Q1)",
      "revenue": 65214000,
      "gross_profit": 51384000,
      "operating_income": -148158000,
      "net_income": -159764000,
      "opex": 213372000,
      "cogs": 13830000,
      "rd": 127865000,
      "sga": null,
      "fcf": -149701000,
      "ocf": -146303000,
      "capex": -3398000,
      "gross_margin": 0.7879289723065599,
      "op_margin": -2.2718741374551477,
      "fcf_margin": -2.2955347011377927,
      "incr_op_margin_yoy": -4.8174609729908315,
      "rev_growth_yoy": 0.22797371344643833,
      "rev_growth_yoy_accel": 0.17138473190556455,
      "op_leverage_ratio": 8.094197092117575,
      "fcf_margin_change": -0.47698495408888886
    },
    {
      "date": "2023-06-30T00:00:00",
      "quarter_label": "2023-06 (Q2)",
      "revenue": 77229000,
      "gross_profit": 60635000,
      "operating_income": -235528000,
      "net_income": -244809000,
      "opex": 312757000,
      "cogs": 16594000,
      "rd": 196969000,
      "sga": null,
      "fcf": -127675000,
      "ocf": -122792000,
      "capex": -4883000,
      "gross_margin": 0.785132527936397,
      "op_margin": -3.049735203097282,
      "fcf_margin": -1.6532002227142655,
      "incr_op_margin_yoy": -12.259493670886076,
      "rev_growth_yoy": 0.18411247910948927,
      "rev_growth_yoy_accel": -0.04386123433694905,
      "op_leverage_ratio": 0.39554829965813354,
      "fcf_margin_change": 0.6423344784235272
    },
    {
      "date": "2023-09-30T00:00:00",
      "quarter_label": "2023-09 (Q3)",
      "revenue": 79072000,
      "gross_profit": 62366000,
      "operating_income": -147668000,
      "net_income": -158933000,
      "opex": 226740000,
      "cogs": 16706000,
      "rd": 109148000,
      "sga": null,
      "fcf": -139187000,
      "ocf": -136333000,
      "capex": -2854000,
      "gross_margin": 0.7887242007284501,
      "op_margin": -1.8675131525698099,
      "fcf_margin": -1.760256475111291,
      "incr_op_margin_yoy": -1.7608005642743785,
      "rev_growth_yoy": 0.16745902849549682,
      "rev_growth_yoy_accel": -0.016653450613992454,
      "op_leverage_ratio": Infinity,
      "fcf_margin_change": -0.10705625239702554
    },
    {
      "date": "2023-12-31T00:00:00",
      "quarter_label": "2023-12 (Q4)",
      "revenue": 83693000,
      "gross_profit": 65250000,
      "operating_income": -178272000,
      "net_income": -186061000,
      "opex": 261965000,
      "cogs": 18443000,
      "rd": 137029000,
      "sga": null,
      "fcf": -132972000,
      "ocf": -130819000,
      "capex": -2153000,
      "gross_margin": 0.7796350949302809,
      "op_margin": -2.13007061522469,
      "fcf_margin": -1.58880671023861,
      "incr_op_margin_yoy": -1.0985528635264215,
      "rev_growth_yoy": 0.4113490725126476,
      "rev_growth_yoy_accel": 0.24389004401715075,
      "op_leverage_ratio": 0.37617539469198275,
      "fcf_margin_change": 0.17144976487268093
    },
    {
      "date": "2024-03-31T00:00:00",
      "quarter_label": "2024-03 (Q1)",
      "revenue": 75500000,
      "gross_profit": 58043000,
      "operating_income": -145505000,
      "net_income": -157091000,
      "opex": 221005000,
      "cogs": 17457000,
      "rd": 121083000,
      "sga": 93102000,
      "fcf": -188714000,
      "ocf": -184035000,
      "capex": -4679000,
      "gross_margin": 0.7687814569536424,
      "op_margin": -1.9272185430463575,
      "fcf_margin": -2.499523178807947,
      "incr_op_margin_yoy": 0.2579233910169162,
      "rev_growth_yoy": 0.15772686846382677,
      "rev_growth_yoy_accel": -0.2536222040488208,
      "fcf_margin_change": -0.910716468569337
    },
    {
      "date": "2024-06-30T00:00:00",
      "quarter_label": "2024-06 (Q2)",
      "revenue": 90340000,
      "gross_profit": 69376000,
      "operating_income": -288904000,
      "net_income": -300609000,
      "opex": 379244000,
      "cogs": 20964000,
      "rd": 146748000,
      "sga": 106569000,
      "fcf": -129735000,
      "ocf": -122952000,
      "capex": -6783000,
      "gross_margin": 0.7679433252158512,
      "op_margin": -3.1979632499446535,
      "fcf_margin": -1.4360748284259464,
      "incr_op_margin_yoy": -4.071085348180917,
      "rev_growth_yoy": 0.16976783332685907,
      "rev_growth_yoy_accel": 0.0120409648630323,
      "op_leverage_ratio": 0.2745209662523647,
      "fcf_margin_change": 1.0634483503820007
    },
    {
      "date": "2024-09-30T00:00:00",
      "quarter_label": "2024-09 (Q3)",
      "revenue": 93425000,
      "gross_profit": 72255000,
      "operating_income": -213429000,
      "net_income": -220524000,
      "opex": 306854000,
      "cogs": 21170000,
      "rd": 150809000,
      "sga": 118930000,
      "fcf": -184605000,
      "ocf": -180916000,
      "capex": -3689000,
      "gross_margin": 0.7734011238961734,
      "op_margin": -2.2844955846936044,
      "fcf_margin": -1.975970029435376,
      "incr_op_margin_yoy": -4.5816902389744305,
      "rev_growth_yoy": 0.18151811007689195,
      "rev_growth_yoy_accel": 0.011750276750032873,
      "op_leverage_ratio": Infinity,
      "fcf_margin_change": -0.5398952010094296
    },
    {
      "date": "2024-12-31T00:00:00",
      "quarter_label": "2024-12 (Q4)",
      "revenue": 104442000,
      "gross_profit": 78291000,
      "operating_income": -230414000,
      "net_income": -235548000,
      "opex": 334856000,
      "cogs": 26151000,
      "rd": 179727000,
      "sga": 142515000,
      "fcf": -202751000,
      "ocf": -195979000,
      "capex": -6772000,
      "gross_margin": 0.7496122249669673,
      "op_margin": -2.2061431224986117,
      "fcf_margin": -1.9412784128990253,
      "incr_op_margin_yoy": -2.512988577762784,
      "rev_growth_yoy": 0.2479179859725425,
      "rev_growth_yoy_accel": 0.06639987589565055,
      "op_leverage_ratio": 1.292239406348455,
      "fcf_margin_change": 0.03469161653635067
    },
    {
      "date": "2025-03-31T00:00:00",
      "quarter_label": "2025-03 (Q1)",
      "revenue": 92823000,
      "gross_profit": 71545000,
      "operating_income": -248140000,
      "net_income": -256583000,
      "opex": 340963000,
      "cogs": 21278000,
      "rd": 152577000,
      "sga": 147545000,
      "fcf": -272158000,
      "ocf": -262088000,
      "capex": -10070000,
      "gross_margin": 0.7707680208568997,
      "op_margin": -2.673259860163968,
      "fcf_margin": -2.9320103853570774,
      "incr_op_margin_yoy": -5.924782081625584,
      "rev_growth_yoy": 0.22944370860927152,
      "rev_growth_yoy_accel": -0.01847427736327098,
      "fcf_margin_change": -0.9907319724580521
    },
    {
      "date": "2025-06-30T00:00:00",
      "quarter_label": "2025-06 (Q2)",
      "revenue": 107415000,
      "gross_profit": 79340000,
      "operating_income": -312876000,
      "net_income": -321686000,
      "opex": 420291000,
      "cogs": 28075000,
      "rd": 177190000,
      "sga": 154763000,
      "fcf": -209053000,
      "ocf": -205569000,
      "capex": -3484000,
      "gross_margin": 0.738630545082158,
      "op_margin": -2.9127775450356097,
      "fcf_margin": -1.9462179397663268,
      "incr_op_margin_yoy": -1.4039238653001465,
      "rev_growth_yoy": 0.18900819127739651,
      "rev_growth_yoy_accel": -0.040435517331875004,
      "op_leverage_ratio": 0.6756782961818352,
      "fcf_margin_change": 0.9857924455907505
    },
    {
      "date": "2025-09-30T00:00:00",
      "quarter_label": "2025-09 (Q3)",
      "revenue": 142342000,
      "gross_profit": 112977000,
      "operating_income": -366005000,
      "net_income": -370021000,
      "opex": 508347000,
      "cogs": 29365000,
      "rd": 186415000,
      "sga": 186376000,
      "fcf": -222179000,
      "ocf": -219761000,
      "capex": -2418000,
      "gross_margin": 0.7937010861165362,
      "op_margin": -2.5713071335234856,
      "fcf_margin": -1.5608815388290174,
      "incr_op_margin_yoy": -3.119079256700125,
      "rev_growth_yoy": 0.5235964677548836,
      "rev_growth_yoy_accel": 0.334588276477487,
      "op_leverage_ratio": 1.5519848882013574,
      "fcf_margin_change": 0.3853364009373095
    }
  ],
  "signals": [
    {
      "quarter": "2025-09 (Q3)",
      "signal": "FCF MARGIN EXPANSION",
      "detail": "FCF margin: -194.6% -> -156.1% (+38.5%)",
      "severity": "MEDIUM"
    },
    {
      "quarter": "2025-09 (Q3)",
      "signal": "OPERATING LEVERAGE",
      "detail": "Rev growth +32.5% vs OpEx growth +21.0% (leverage: 1.6x)",
      "severity": "MEDIUM"
    },
    {
      "quarter": "2025-09 (Q3)",
      "signal": "GROSS MARGIN INFLECTION",
      "detail": "GM: +77.1% -> +73.9% -> +79.4% (reversal +5.5%)",
      "severity": "HIGH"
    },
    {
      "quarter": "2025-09 (Q3)",
      "signal": "YoY REVENUE GROWTH ACCELERATION",
      "detail": "YoY growth: +52.4% vs prior quarter YoY: +18.9% (accel: +33.5%)",
      "severity": "HIGH"
    },
    {
      "quarter": "2025-06 (Q2)",
      "signal": "FCF MARGIN EXPANSION",
      "detail": "FCF margin: -293.2% -> -194.6% (+98.6%)",
      "severity": "MEDIUM"
    },
    {
      "quarter": "2025-03 (Q1)",
      "signal": "GROSS MARGIN INFLECTION",
      "detail": "GM: +77.3% -> +75.0% -> +77.1% (reversal +2.1%)",
      "severity": "MEDIUM"
    },
    {
      "quarter": "2024-12 (Q4)",
      "signal": "YoY REVENUE GROWTH ACCELERATION",
      "detail": "YoY growth: +24.8% vs prior quarter YoY: +18.2% (accel: +6.6%)",
      "severity": "MEDIUM"
    },
    {
      "quarter": "2024-06 (Q2)",
      "signal": "FCF MARGIN EXPANSION",
      "detail": "FCF margin: -250.0% -> -143.6% (+106.3%)",
      "severity": "MEDIUM"
    },
    {
      "quarter": "2024-03 (Q1)",
      "signal": "YoY REVENUE GROWTH DECELERATION",
      "detail": "YoY growth: +15.8% vs prior quarter YoY: +41.1% (decel: -25.4%)",
      "severity": "WARNING"
    },
    {
      "quarter": "2023-12 (Q4)",
      "signal": "FCF MARGIN EXPANSION",
      "detail": "FCF margin: -176.0% -> -158.9% (+17.1%)",
      "severity": "MEDIUM"
    },
    {
      "quarter": "2023-12 (Q4)",
      "signal": "YoY REVENUE GROWTH ACCELERATION",
      "detail": "YoY growth: +41.1% vs prior quarter YoY: +16.7% (accel: +24.4%)",
      "severity": "HIGH"
    },
    {
      "quarter": "2023-06 (Q2)",
      "signal": "FCF MARGIN EXPANSION",
      "detail": "FCF margin: -229.6% -> -165.3% (+64.2%)",
      "severity": "MEDIUM"
    },
    {
      "quarter": "2023-03 (Q1)",
      "signal": "OPERATING LEVERAGE",
      "detail": "Rev growth +10.0% vs OpEx growth +1.2% (leverage: 8.1x)",
      "severity": "MEDIUM"
    },
    {
      "quarter": "2023-03 (Q1)",
      "signal": "YoY REVENUE GROWTH ACCELERATION",
      "detail": "YoY growth: +22.8% vs prior quarter YoY: +5.7% (accel: +17.1%)",
      "severity": "HIGH"
    },
    {
      "quarter": "2022-12 (Q4)",
      "signal": "YoY REVENUE GROWTH DECELERATION",
      "detail": "YoY growth: +5.7% vs prior quarter YoY: +44.9% (decel: -39.2%)",
      "severity": "WARNING"
    },
    {
      "quarter": "2022-09 (Q3)",
      "signal": "FCF MARGIN EXPANSION",
      "detail": "FCF margin: -161.3% -> -133.5% (+27.8%)",
      "severity": "MEDIUM"
    },
    {
      "quarter": "2022-09 (Q3)",
      "signal": "GROSS MARGIN INFLECTION",
      "detail": "GM: +77.0% -> +74.9% -> +80.1% (reversal +5.2%)",
      "severity": "HIGH"
    },
    {
      "quarter": "2022-06 (Q2)",
      "signal": "FCF MARGIN EXPANSION",
      "detail": "FCF margin: -201.2% -> -161.3% (+39.9%)",
      "severity": "MEDIUM"
    },
    {
      "quarter": "2022-06 (Q2)",
      "signal": "OPERATING LEVERAGE",
      "detail": "Rev growth +22.8% vs OpEx growth +7.4% (leverage: 3.1x)",
      "severity": "MEDIUM"
    },
    {
      "quarter": "2022-06 (Q2)",
      "signal": "YoY REVENUE GROWTH ACCELERATION",
      "detail": "YoY growth: +43.8% vs prior quarter YoY: +32.1% (accel: +11.7%)",
      "severity": "MEDIUM"
    },
    {
      "quarter": "2021-12 (Q4)",
      "signal": "FCF MARGIN EXPANSION",
      "detail": "FCF margin: -164.5% -> -151.9% (+12.6%)",
      "severity": "MEDIUM"
    },
    {
      "quarter": "2021-12 (Q4)",
      "signal": "OPERATING LEVERAGE",
      "detail": "Rev growth +20.0% vs OpEx growth +3.2% (leverage: 6.2x)",
      "severity": "MEDIUM"
    },
    {
      "quarter": "2021-09 (Q3)",
      "signal": "FCF MARGIN EXPANSION",
      "detail": "FCF margin: -174.0% -> -164.5% (+9.5%)",
      "severity": "MEDIUM"
    },
    {
      "quarter": "2021-06 (Q2)",
      "signal": "FCF MARGIN EXPANSION",
      "detail": "FCF margin: -321.9% -> -174.0% (+147.9%)",
      "severity": "MEDIUM"
    },
    {
      "quarter": "2021-06 (Q2)",
      "signal": "OPERATING LEVERAGE",
      "detail": "Rev growth +12.8% vs OpEx growth +8.0% (leverage: 1.6x)",
      "severity": "MEDIUM"
    }
  ],
  "data_quality": {
    "n_quarters": 20,
    "coverage": {
      "revenue": [
        20,
        20
      ],
      "gross_profit": [
        20,
        20
      ],
      "op_income": [
        20,
        20
      ],
      "fcf": [
        20,
        20
      ]
    },
    "gaps": [],
    "warnings": []
  },
  "market_cap": null,
  "source": "SEC EDGAR",
  "last_updated": "2026-02-02T20:06:42.720583"
}