{
  "ticker": "INSP",
  "name": "Inspire Medical Systems,\u00a0Inc.",
  "sector": "Healthcare",
  "industry": "Medical Devices",
  "quarters": [
    {
      "date": "2021-03-31T00:00:00",
      "quarter_label": "2021-03 (Q1)",
      "revenue": 40352000,
      "gross_profit": 34371000,
      "operating_income": -15689000,
      "net_income": -16216000,
      "opex": 50060000,
      "cogs": 5981000,
      "rd": 8154000,
      "sga": null,
      "fcf": -11722000,
      "ocf": -10401000,
      "capex": -1321000,
      "gross_margin": 0.8517793417922284,
      "op_margin": -0.38880352894528153,
      "fcf_margin": -0.2904936558287074
    },
    {
      "date": "2021-06-30T00:00:00",
      "quarter_label": "2021-06 (Q2)",
      "revenue": 52959000,
      "gross_profit": 45441000,
      "operating_income": -12544000,
      "net_income": -13088000,
      "opex": 57985000,
      "cogs": 7518000,
      "rd": 9288000,
      "sga": null,
      "fcf": -11777000,
      "ocf": -10114000,
      "capex": -1663000,
      "gross_margin": 0.8580411261541947,
      "op_margin": -0.2368624785211201,
      "fcf_margin": -0.22237957665363772,
      "op_leverage_ratio": 1.973505142130951,
      "fcf_margin_change": 0.06811407917506968
    },
    {
      "date": "2021-09-30T00:00:00",
      "quarter_label": "2021-09 (Q3)",
      "revenue": 61685000,
      "gross_profit": 53061000,
      "operating_income": -9796000,
      "net_income": -10347000,
      "opex": 62857000,
      "cogs": 8624000,
      "rd": 9614000,
      "sga": null,
      "fcf": -1489000,
      "ocf": -338000,
      "capex": -1151000,
      "gross_margin": 0.8601929156196806,
      "op_margin": -0.1588068412093702,
      "fcf_margin": -0.024138769554997164,
      "op_leverage_ratio": 1.9610280899829224,
      "fcf_margin_change": 0.19824080709864056
    },
    {
      "date": "2021-12-31T00:00:00",
      "quarter_label": "2021-12 (Q4)",
      "revenue": 78398000,
      "gross_profit": 67242000,
      "operating_income": -1821000,
      "net_income": null,
      "opex": 69063000,
      "cogs": 11156000,
      "rd": 10294000,
      "sga": null,
      "fcf": 201000,
      "ocf": 734000,
      "capex": -533000,
      "gross_margin": 0.8577004515421311,
      "op_margin": -0.023227633357993827,
      "fcf_margin": 0.0025638409143090386,
      "op_leverage_ratio": 2.7442060805484894,
      "fcf_margin_change": 0.026702610469306203
    },
    {
      "date": "2022-03-31T00:00:00",
      "quarter_label": "2022-03 (Q1)",
      "revenue": 69382000,
      "gross_profit": 59378000,
      "operating_income": -16056000,
      "net_income": -16694000,
      "opex": 75434000,
      "cogs": 10004000,
      "rd": 11870000,
      "sga": null,
      "fcf": -13963000,
      "ocf": -12748000,
      "capex": -1215000,
      "gross_margin": 0.8558127468219423,
      "op_margin": -0.23141448790752644,
      "fcf_margin": -0.20124816234758294,
      "incr_op_margin_yoy": -0.012642094385118843,
      "rev_growth_yoy": 0.719419111816019,
      "fcf_margin_change": -0.20381200326189197
    },
    {
      "date": "2022-06-30T00:00:00",
      "quarter_label": "2022-06 (Q2)",
      "revenue": 91386000,
      "gross_profit": 77213000,
      "operating_income": -14007000,
      "net_income": -14490000,
      "opex": 91220000,
      "cogs": 14173000,
      "rd": 14534000,
      "sga": null,
      "fcf": -7373000,
      "ocf": -5954000,
      "capex": -1419000,
      "gross_margin": 0.8449105989976583,
      "op_margin": -0.15327293020812816,
      "fcf_margin": -0.08067975401046112,
      "incr_op_margin_yoy": -0.03807218882556536,
      "rev_growth_yoy": 0.7255990483203988,
      "rev_growth_yoy_accel": 0.006179936504379757,
      "op_leverage_ratio": 1.5154787832881813,
      "fcf_margin_change": 0.12056840833712182
    },
    {
      "date": "2022-09-30T00:00:00",
      "quarter_label": "2022-09 (Q3)",
      "revenue": 109188000,
      "gross_profit": 89402000,
      "operating_income": -17194000,
      "net_income": -16847000,
      "opex": 106596000,
      "cogs": 19786000,
      "rd": 20993000,
      "sga": null,
      "fcf": 7490000,
      "ocf": 11002000,
      "capex": -3512000,
      "gross_margin": 0.8187896105799172,
      "op_margin": -0.15747151701652196,
      "fcf_margin": 0.06859728175257354,
      "incr_op_margin_yoy": -0.15573753236637686,
      "rev_growth_yoy": 0.7700899732511955,
      "rev_growth_yoy_accel": 0.04449092493079676,
      "op_leverage_ratio": 1.155675285309665,
      "fcf_margin_change": 0.14927703576303467
    },
    {
      "date": "2022-12-31T00:00:00",
      "quarter_label": "2022-12 (Q4)",
      "revenue": 137900000,
      "gross_profit": 115748000,
      "operating_income": -335000,
      "net_income": null,
      "opex": 116083000,
      "cogs": 22152000,
      "rd": 21248000,
      "sga": null,
      "fcf": 16319000,
      "ocf": 19269000,
      "capex": -2950000,
      "gross_margin": 0.839361856417694,
      "op_margin": -0.00242929659173314,
      "fcf_margin": 0.11833937635968093,
      "incr_op_margin_yoy": 0.024973950455446876,
      "rev_growth_yoy": 0.7589734432000816,
      "rev_growth_yoy_accel": -0.011116530051113904,
      "op_leverage_ratio": 2.9546125746336,
      "fcf_margin_change": 0.04974209460710739
    },
    {
      "date": "2023-03-31T00:00:00",
      "quarter_label": "2023-03 (Q1)",
      "revenue": 127897000,
      "gross_profit": 108009000,
      "operating_income": -19498000,
      "net_income": -15424000,
      "opex": 127507000,
      "cogs": 19888000,
      "rd": 25519000,
      "sga": null,
      "fcf": -5097000,
      "ocf": -1344000,
      "capex": -3753000,
      "gross_margin": 0.8444998709899372,
      "op_margin": -0.15245080025332886,
      "fcf_margin": -0.03985238121300734,
      "incr_op_margin_yoy": -0.05882252413910963,
      "rev_growth_yoy": 0.8433743622265141,
      "rev_growth_yoy_accel": 0.08440091902643243,
      "fcf_margin_change": -0.15819175757268827
    },
    {
      "date": "2023-06-30T00:00:00",
      "quarter_label": "2023-06 (Q2)",
      "revenue": 151092000,
      "gross_profit": 126840000,
      "operating_income": -16599000,
      "net_income": -11952000,
      "opex": 143439000,
      "cogs": 24252000,
      "rd": 30821000,
      "sga": null,
      "fcf": 237000,
      "ocf": 5092000,
      "capex": -4855000,
      "gross_margin": 0.8394885235485664,
      "op_margin": -0.10986021761575729,
      "fcf_margin": 0.001568580732269081,
      "incr_op_margin_yoy": -0.04341272233946337,
      "rev_growth_yoy": 0.6533385857790034,
      "rev_growth_yoy_accel": -0.19003577644751068,
      "op_leverage_ratio": 1.4514355272086088,
      "fcf_margin_change": 0.04142096194527642
    },
    {
      "date": "2023-09-30T00:00:00",
      "quarter_label": "2023-09 (Q3)",
      "revenue": 153302000,
      "gross_profit": 128920000,
      "operating_income": -13471000,
      "net_income": -8540000,
      "opex": 142391000,
      "cogs": 24382000,
      "rd": 29144000,
      "sga": null,
      "fcf": -3350000,
      "ocf": 3638000,
      "capex": -6988000,
      "gross_margin": 0.8409544559105556,
      "op_margin": -0.08787230434045218,
      "fcf_margin": -0.02185229155523085,
      "incr_op_margin_yoy": 0.08439497665140318,
      "rev_growth_yoy": 0.4040187566399238,
      "rev_growth_yoy_accel": -0.24931982913907957,
      "op_leverage_ratio": null,
      "fcf_margin_change": -0.023420872287499932
    },
    {
      "date": "2023-12-31T00:00:00",
      "quarter_label": "2023-12 (Q4)",
      "revenue": 192508000,
      "gross_profit": 164454000,
      "operating_income": 9297000,
      "net_income": 14763000,
      "opex": 155157000,
      "cogs": 28054000,
      "rd": 31052000,
      "sga": null,
      "fcf": 9234000,
      "ocf": 17267000,
      "capex": -8033000,
      "gross_margin": 0.8542709913354251,
      "op_margin": 0.048294096868701564,
      "fcf_margin": 0.047966837741808134,
      "incr_op_margin_yoy": 0.17638441254028714,
      "rev_growth_yoy": 0.39599709934735317,
      "rev_growth_yoy_accel": -0.00802165729257065,
      "op_leverage_ratio": 2.8525444119067065,
      "fcf_margin_change": 0.06981912929703898
    },
    {
      "date": "2024-03-31T00:00:00",
      "quarter_label": "2024-03 (Q1)",
      "revenue": 164010000,
      "gross_profit": 139253000,
      "operating_income": -15218000,
      "net_income": -10005000,
      "opex": 154471000,
      "cogs": 24757000,
      "rd": 28850000,
      "sga": 125621000,
      "fcf": -2836000,
      "ocf": 8860000,
      "capex": -11696000,
      "gross_margin": 0.8490518870800561,
      "op_margin": -0.09278702518139138,
      "fcf_margin": -0.017291628559234194,
      "incr_op_margin_yoy": 0.11851687757871127,
      "rev_growth_yoy": 0.2823600240818784,
      "rev_growth_yoy_accel": -0.11363707526547479,
      "fcf_margin_change": -0.06525846630104233
    },
    {
      "date": "2024-06-30T00:00:00",
      "quarter_label": "2024-06 (Q2)",
      "revenue": 195885000,
      "gross_profit": 166042000,
      "operating_income": 5099000,
      "net_income": 9793000,
      "opex": 160943000,
      "cogs": 29843000,
      "rd": 28859000,
      "sga": 132084000,
      "fcf": -12471000,
      "ocf": -78000,
      "capex": -12393000,
      "gross_margin": 0.8476504071266304,
      "op_margin": 0.0260305791663476,
      "fcf_margin": -0.06366490542920591,
      "incr_op_margin_yoy": 0.4844060455874802,
      "rev_growth_yoy": 0.2964617583988563,
      "rev_growth_yoy_accel": 0.01410173431697792,
      "op_leverage_ratio": 4.638614852956372,
      "fcf_margin_change": -0.046373276869971725
    },
    {
      "date": "2024-09-30T00:00:00",
      "quarter_label": "2024-09 (Q3)",
      "revenue": 203191000,
      "gross_profit": 170793000,
      "operating_income": 14318000,
      "net_income": 18497000,
      "opex": 156475000,
      "cogs": 32398000,
      "rd": 26083000,
      "sga": 130392000,
      "fcf": 44276000,
      "ocf": 52283000,
      "capex": -8007000,
      "gross_margin": 0.8405539615435723,
      "op_margin": 0.07046571944623531,
      "fcf_margin": 0.21790335201854413,
      "incr_op_margin_yoy": 0.5570165768004971,
      "rev_growth_yoy": 0.32542954429818266,
      "rev_growth_yoy_accel": 0.02896778589932636,
      "op_leverage_ratio": null,
      "fcf_margin_change": 0.28156825744775005
    },
    {
      "date": "2024-12-31T00:00:00",
      "quarter_label": "2024-12 (Q4)",
      "revenue": 239718000,
      "gross_profit": 203730000,
      "operating_income": 31884000,
      "net_income": 35224000,
      "opex": 171846000,
      "cogs": 35988000,
      "rd": 30336000,
      "sga": 141510000,
      "fcf": 62154000,
      "ocf": 69181000,
      "capex": -7027000,
      "gross_margin": 0.8498736014817411,
      "op_margin": 0.13300628238179862,
      "fcf_margin": 0.2592796535929717,
      "incr_op_margin_yoy": 0.47843677187036643,
      "rev_growth_yoy": 0.24523656159744012,
      "rev_growth_yoy_accel": -0.08019298270074254,
      "op_leverage_ratio": 1.8300054140322315,
      "fcf_margin_change": 0.04137630157442759
    },
    {
      "date": "2025-03-31T00:00:00",
      "quarter_label": "2025-03 (Q1)",
      "revenue": 201317000,
      "gross_profit": 170608000,
      "operating_income": -1485000,
      "net_income": 2992000,
      "opex": 172093000,
      "cogs": 30709000,
      "rd": 27803000,
      "sga": 144290000,
      "fcf": -15110000,
      "ocf": -6703000,
      "capex": -8407000,
      "gross_margin": 0.847459479328621,
      "op_margin": -0.007376426233254022,
      "fcf_margin": -0.07505575783465877,
      "incr_op_margin_yoy": 0.3681078617953735,
      "rev_growth_yoy": 0.22746783732699224,
      "rev_growth_yoy_accel": -0.017768724270447872,
      "fcf_margin_change": -0.3343354114276305
    },
    {
      "date": "2025-06-30T00:00:00",
      "quarter_label": "2025-06 (Q2)",
      "revenue": 217086000,
      "gross_profit": 182414000,
      "operating_income": -3316000,
      "net_income": -3592000,
      "opex": 185730000,
      "cogs": 34672000,
      "rd": 26209000,
      "sga": 159521000,
      "fcf": -6313000,
      "ocf": 2684000,
      "capex": -8997000,
      "gross_margin": 0.8402844955455442,
      "op_margin": -0.015275052283426845,
      "fcf_margin": -0.029080640852012566,
      "incr_op_margin_yoy": -0.396915239847177,
      "rev_growth_yoy": 0.10823187074048549,
      "rev_growth_yoy_accel": -0.11923596658650676,
      "op_leverage_ratio": 0.9884804131997658,
      "fcf_margin_change": 0.04597511698264621
    },
    {
      "date": "2025-09-30T00:00:00",
      "quarter_label": "2025-09 (Q3)",
      "revenue": 224501000,
      "gross_profit": 192728000,
      "operating_income": 9644000,
      "net_income": 9932000,
      "opex": 183084000,
      "cogs": 31773000,
      "rd": 24211000,
      "sga": 158873000,
      "fcf": 58087000,
      "ocf": 68526000,
      "capex": -10439000,
      "gross_margin": 0.8584727907670789,
      "op_margin": 0.042957492394243235,
      "fcf_margin": 0.2587382684264213,
      "incr_op_margin_yoy": -0.21933364617550447,
      "rev_growth_yoy": 0.10487669237318582,
      "rev_growth_yoy_accel": -0.0033551783672996632,
      "op_leverage_ratio": null,
      "fcf_margin_change": 0.28781890927843384
    },
    {
      "date": "2025-12-31T00:00:00",
      "quarter_label": "2025-12 (Q4)",
      "revenue": 269077000,
      "gross_profit": 233006000,
      "operating_income": 46111000,
      "net_income": 136090000,
      "opex": 186895000,
      "cogs": 36071000,
      "rd": 24942000,
      "sga": 161953000,
      "fcf": 41813000,
      "ocf": 52469000,
      "capex": -10656000,
      "gross_margin": 0.8659454356931288,
      "op_margin": 0.17136730378293202,
      "fcf_margin": 0.15539418084786139,
      "incr_op_margin_yoy": 0.48458734970537143,
      "rev_growth_yoy": 0.12247307252688576,
      "rev_growth_yoy_accel": 0.017596380153699936,
      "op_leverage_ratio": 9.538811319933751,
      "fcf_margin_change": -0.1033440875785599
    }
  ],
  "signals": [
    {
      "quarter": "2025-12 (Q4)",
      "signal": "OPERATING LEVERAGE",
      "detail": "Rev growth +19.9% vs OpEx growth +2.1% (leverage: 9.5x)",
      "severity": "MEDIUM"
    },
    {
      "quarter": "2025-12 (Q4)",
      "signal": "INCREMENTAL MARGIN (YoY)",
      "detail": "YoY Incr OPM: +48.5% vs year-ago OPM: +13.3%",
      "severity": "HIGH"
    },
    {
      "quarter": "2025-09 (Q3)",
      "signal": "FCF TURNED POSITIVE",
      "detail": "FCF margin: -2.9% -> +25.9%",
      "severity": "HIGH"
    },
    {
      "quarter": "2025-09 (Q3)",
      "signal": "OP MARGIN TURNED POSITIVE (QoQ)",
      "detail": "Op margin: -1.5% -> +4.3%",
      "severity": "HIGH"
    },
    {
      "quarter": "2025-06 (Q2)",
      "signal": "YoY REVENUE GROWTH DECELERATION",
      "detail": "YoY growth: +10.8% vs prior quarter YoY: +22.7% (decel: -11.9%)",
      "severity": "WARNING"
    },
    {
      "quarter": "2024-12 (Q4)",
      "signal": "OPERATING LEVERAGE",
      "detail": "Rev growth +18.0% vs OpEx growth +9.8% (leverage: 1.8x)",
      "severity": "MEDIUM"
    },
    {
      "quarter": "2024-12 (Q4)",
      "signal": "YoY REVENUE GROWTH DECELERATION",
      "detail": "YoY growth: +24.5% vs prior quarter YoY: +32.5% (decel: -8.0%)",
      "severity": "WARNING"
    },
    {
      "quarter": "2024-12 (Q4)",
      "signal": "INCREMENTAL MARGIN (YoY)",
      "detail": "YoY Incr OPM: +47.8% vs year-ago OPM: +4.8%",
      "severity": "HIGH"
    },
    {
      "quarter": "2024-09 (Q3)",
      "signal": "FCF TURNED POSITIVE",
      "detail": "FCF margin: -6.4% -> +21.8%",
      "severity": "HIGH"
    },
    {
      "quarter": "2024-09 (Q3)",
      "signal": "OP MARGIN TURNED POSITIVE (YoY)",
      "detail": "Op margin: -8.8% (year-ago) -> +7.0%",
      "severity": "HIGH"
    },
    {
      "quarter": "2024-06 (Q2)",
      "signal": "OPERATING LEVERAGE",
      "detail": "Rev growth +19.4% vs OpEx growth +4.2% (leverage: 4.6x)",
      "severity": "MEDIUM"
    },
    {
      "quarter": "2024-06 (Q2)",
      "signal": "OP MARGIN TURNED POSITIVE (YoY)",
      "detail": "Op margin: -11.0% (year-ago) -> +2.6%",
      "severity": "HIGH"
    },
    {
      "quarter": "2024-06 (Q2)",
      "signal": "OP MARGIN TURNED POSITIVE (QoQ)",
      "detail": "Op margin: -9.3% -> +2.6%",
      "severity": "HIGH"
    },
    {
      "quarter": "2024-03 (Q1)",
      "signal": "YoY REVENUE GROWTH DECELERATION",
      "detail": "YoY growth: +28.2% vs prior quarter YoY: +39.6% (decel: -11.4%)",
      "severity": "WARNING"
    },
    {
      "quarter": "2023-12 (Q4)",
      "signal": "FCF TURNED POSITIVE",
      "detail": "FCF margin: -2.2% -> +4.8%",
      "severity": "HIGH"
    },
    {
      "quarter": "2023-12 (Q4)",
      "signal": "OPERATING LEVERAGE",
      "detail": "Rev growth +25.6% vs OpEx growth +9.0% (leverage: 2.9x)",
      "severity": "MEDIUM"
    },
    {
      "quarter": "2023-12 (Q4)",
      "signal": "OP MARGIN TURNED POSITIVE (YoY)",
      "detail": "Op margin: -0.2% (year-ago) -> +4.8%",
      "severity": "HIGH"
    },
    {
      "quarter": "2023-12 (Q4)",
      "signal": "OP MARGIN TURNED POSITIVE (QoQ)",
      "detail": "Op margin: -8.8% -> +4.8%",
      "severity": "HIGH"
    },
    {
      "quarter": "2023-09 (Q3)",
      "signal": "YoY REVENUE GROWTH DECELERATION",
      "detail": "YoY growth: +40.4% vs prior quarter YoY: +65.3% (decel: -24.9%)",
      "severity": "WARNING"
    },
    {
      "quarter": "2023-06 (Q2)",
      "signal": "FCF TURNED POSITIVE",
      "detail": "FCF margin: -4.0% -> +0.2%",
      "severity": "HIGH"
    },
    {
      "quarter": "2023-06 (Q2)",
      "signal": "YoY REVENUE GROWTH DECELERATION",
      "detail": "YoY growth: +65.3% vs prior quarter YoY: +84.3% (decel: -19.0%)",
      "severity": "WARNING"
    },
    {
      "quarter": "2023-03 (Q1)",
      "signal": "YoY REVENUE GROWTH ACCELERATION",
      "detail": "YoY growth: +84.3% vs prior quarter YoY: +75.9% (accel: +8.4%)",
      "severity": "MEDIUM"
    },
    {
      "quarter": "2022-12 (Q4)",
      "signal": "OPERATING LEVERAGE",
      "detail": "Rev growth +26.3% vs OpEx growth +8.9% (leverage: 3.0x)",
      "severity": "MEDIUM"
    },
    {
      "quarter": "2022-12 (Q4)",
      "signal": "GROSS MARGIN INFLECTION",
      "detail": "GM: +84.5% -> +81.9% -> +83.9% (reversal +2.1%)",
      "severity": "MEDIUM"
    },
    {
      "quarter": "2022-09 (Q3)",
      "signal": "FCF TURNED POSITIVE",
      "detail": "FCF margin: -8.1% -> +6.9%",
      "severity": "HIGH"
    },
    {
      "quarter": "2022-06 (Q2)",
      "signal": "FCF MARGIN EXPANSION",
      "detail": "FCF margin: -20.1% -> -8.1% (+12.1%)",
      "severity": "MEDIUM"
    },
    {
      "quarter": "2022-06 (Q2)",
      "signal": "OPERATING LEVERAGE",
      "detail": "Rev growth +31.7% vs OpEx growth +20.9% (leverage: 1.5x)",
      "severity": "MEDIUM"
    },
    {
      "quarter": "2021-12 (Q4)",
      "signal": "FCF TURNED POSITIVE",
      "detail": "FCF margin: -2.4% -> +0.3%",
      "severity": "HIGH"
    },
    {
      "quarter": "2021-12 (Q4)",
      "signal": "OPERATING LEVERAGE",
      "detail": "Rev growth +27.1% vs OpEx growth +9.9% (leverage: 2.7x)",
      "severity": "MEDIUM"
    },
    {
      "quarter": "2021-09 (Q3)",
      "signal": "FCF MARGIN EXPANSION",
      "detail": "FCF margin: -22.2% -> -2.4% (+19.8%)",
      "severity": "MEDIUM"
    },
    {
      "quarter": "2021-09 (Q3)",
      "signal": "OPERATING LEVERAGE",
      "detail": "Rev growth +16.5% vs OpEx growth +8.4% (leverage: 2.0x)",
      "severity": "MEDIUM"
    },
    {
      "quarter": "2021-06 (Q2)",
      "signal": "FCF MARGIN EXPANSION",
      "detail": "FCF margin: -29.0% -> -22.2% (+6.8%)",
      "severity": "MEDIUM"
    },
    {
      "quarter": "2021-06 (Q2)",
      "signal": "OPERATING LEVERAGE",
      "detail": "Rev growth +31.2% vs OpEx growth +15.8% (leverage: 2.0x)",
      "severity": "MEDIUM"
    }
  ],
  "data_quality": {
    "n_quarters": 20,
    "coverage": {
      "revenue": [
        20,
        20
      ],
      "gross_profit": [
        20,
        20
      ],
      "op_income": [
        20,
        20
      ],
      "fcf": [
        20,
        20
      ]
    },
    "gaps": [],
    "warnings": []
  },
  "market_cap": null,
  "source": "SEC EDGAR",
  "last_updated": "2026-02-24T10:44:09.864416"
}