{
  "ticker": "INTA",
  "name": "Intapp, Inc.",
  "quarters": [
    {
      "date": "2021-03-31T00:00:00",
      "quarter_label": "2021-03 (Q1)",
      "revenue": 55648000,
      "gross_profit": 36027000,
      "operating_income": -4145000,
      "net_income": -10117000,
      "opex": 40172000,
      "cogs": 19621000,
      "rd": 13036000,
      "sga": null,
      "fcf": 1805000,
      "ocf": 1841000,
      "capex": -36000,
      "gross_margin": 0.6474087119033928,
      "op_margin": -0.07448605520414031,
      "fcf_margin": 0.0324360264519839
    },
    {
      "date": "2021-06-30T00:00:00",
      "quarter_label": "2021-06 (Q2)",
      "revenue": 61257000,
      "gross_profit": 40914000,
      "operating_income": -9642000,
      "net_income": -15910000,
      "opex": 50556000,
      "cogs": 20343000,
      "rd": 13717000,
      "sga": null,
      "fcf": -7751000,
      "ocf": -7672000,
      "capex": -79000,
      "gross_margin": 0.6679073412018218,
      "op_margin": -0.15740241931534354,
      "fcf_margin": -0.12653247792089067,
      "op_leverage_ratio": 0.38993718689388995,
      "fcf_margin_change": -0.15896850437287458
    },
    {
      "date": "2021-09-30T00:00:00",
      "quarter_label": "2021-09 (Q3)",
      "revenue": 62190000,
      "gross_profit": 39814000,
      "operating_income": -23631000,
      "net_income": -25130000,
      "opex": 63445000,
      "cogs": 22376000,
      "rd": 16970000,
      "sga": null,
      "fcf": 4617000,
      "ocf": 4649000,
      "capex": -32000,
      "gross_margin": 0.6401993889692876,
      "op_margin": -0.3799807042932947,
      "fcf_margin": 0.07424023154848046,
      "op_leverage_ratio": 0.05974195100958301,
      "fcf_margin_change": 0.20077270946937115
    },
    {
      "date": "2021-12-31T00:00:00",
      "quarter_label": "2021-12 (Q4)",
      "revenue": 64697000,
      "gross_profit": 41144000,
      "operating_income": -24299000,
      "net_income": -24225000,
      "opex": 65443000,
      "cogs": 23553000,
      "rd": 17386000,
      "sga": null,
      "fcf": 1792000,
      "ocf": 1876000,
      "capex": -84000,
      "gross_margin": 0.6359491166514676,
      "op_margin": -0.37558155710465707,
      "fcf_margin": 0.027698347682272747,
      "op_leverage_ratio": 1.2800758227273743,
      "fcf_margin_change": -0.04654188386620771
    },
    {
      "date": "2022-03-31T00:00:00",
      "quarter_label": "2022-03 (Q1)",
      "revenue": 69663000,
      "gross_profit": 43663000,
      "operating_income": -28696000,
      "net_income": -28736000,
      "opex": 72359000,
      "cogs": 26000000,
      "rd": 20425000,
      "sga": null,
      "fcf": -2120000,
      "ocf": -1955000,
      "capex": -165000,
      "gross_margin": 0.6267746149318864,
      "op_margin": -0.4119259865351765,
      "fcf_margin": -0.03043222370555388,
      "incr_op_margin_yoy": -1.75176596503746,
      "rev_growth_yoy": 0.25185092006900517,
      "op_leverage_ratio": 0.7263246567196233,
      "fcf_margin_change": -0.058130571387826624
    },
    {
      "date": "2022-06-30T00:00:00",
      "quarter_label": "2022-06 (Q2)",
      "revenue": 75521000,
      "gross_profit": 48367000,
      "operating_income": -22830000,
      "net_income": -21587000,
      "opex": 71197000,
      "cogs": 27154000,
      "rd": 19631000,
      "sga": null,
      "fcf": 9393000,
      "ocf": 9666000,
      "capex": -273000,
      "gross_margin": 0.6404443797089552,
      "op_margin": -0.30230002251029514,
      "fcf_margin": 0.1243760013771004,
      "incr_op_margin_yoy": -0.9245653393157599,
      "rev_growth_yoy": 0.23285502065070116,
      "rev_growth_yoy_accel": -0.018995899418304013,
      "op_leverage_ratio": null,
      "fcf_margin_change": 0.1548082250826543
    },
    {
      "date": "2022-09-30T00:00:00",
      "quarter_label": "2022-09 (Q3)",
      "revenue": 79538000,
      "gross_profit": 54204000,
      "operating_income": -19146000,
      "net_income": -20054000,
      "opex": 73350000,
      "cogs": 25334000,
      "rd": 19679000,
      "sga": null,
      "fcf": 1547000,
      "ocf": 3215000,
      "capex": -1668000,
      "gross_margin": 0.6814855792199954,
      "op_margin": -0.2407151298750283,
      "fcf_margin": 0.01944982272624406,
      "incr_op_margin_yoy": 0.25853124279455847,
      "rev_growth_yoy": 0.27895159993568097,
      "rev_growth_yoy_accel": 0.046096579284979816,
      "op_leverage_ratio": 1.7589429929004778,
      "fcf_margin_change": -0.10492617865085635
    },
    {
      "date": "2022-12-31T00:00:00",
      "quarter_label": "2022-12 (Q4)",
      "revenue": 84692000,
      "gross_profit": 57907000,
      "operating_income": -19428000,
      "net_income": -19754000,
      "opex": 77335000,
      "cogs": 26785000,
      "rd": 23392000,
      "sga": null,
      "fcf": 10102000,
      "ocf": 10132000,
      "capex": -30000,
      "gross_margin": 0.6837363623482737,
      "op_margin": -0.22939592877721626,
      "fcf_margin": 0.1192792707693761,
      "incr_op_margin_yoy": 0.24361090272568142,
      "rev_growth_yoy": 0.3090560613320556,
      "rev_growth_yoy_accel": 0.030104461396374627,
      "op_leverage_ratio": 1.1927283449625476,
      "fcf_margin_change": 0.09982944804313204
    },
    {
      "date": "2023-03-31T00:00:00",
      "quarter_label": "2023-03 (Q1)",
      "revenue": 92024000,
      "gross_profit": 63534000,
      "operating_income": -18245000,
      "net_income": -18147000,
      "opex": 81779000,
      "cogs": 28490000,
      "rd": 25281000,
      "sga": null,
      "fcf": 3131000,
      "ocf": 3487000,
      "capex": -356000,
      "gross_margin": 0.6904068503868556,
      "op_margin": -0.19826349647917935,
      "fcf_margin": 0.03402373293923324,
      "incr_op_margin_yoy": 0.4673762354098654,
      "rev_growth_yoy": 0.32098818598108037,
      "rev_growth_yoy_accel": 0.011932124649024767,
      "op_leverage_ratio": 1.5065449951692378,
      "fcf_margin_change": -0.08525553783014286
    },
    {
      "date": "2023-06-30T00:00:00",
      "quarter_label": "2023-06 (Q2)",
      "revenue": 94619000,
      "gross_profit": 63766000,
      "operating_income": -12442000,
      "net_income": -11470000,
      "opex": 76208000,
      "cogs": 30853000,
      "rd": 25499000,
      "sga": null,
      "fcf": 10495000,
      "ocf": 10653000,
      "capex": -158000,
      "gross_margin": 0.6739238419344952,
      "op_margin": -0.13149578837231424,
      "fcf_margin": 0.11091852587746646,
      "incr_op_margin_yoy": 0.543931301706985,
      "rev_growth_yoy": 0.25288330398167397,
      "rev_growth_yoy_accel": -0.0681048819994064,
      "op_leverage_ratio": null,
      "fcf_margin_change": 0.07689479293823323
    },
    {
      "date": "2023-09-30T00:00:00",
      "quarter_label": "2023-09 (Q3)",
      "revenue": 101575000,
      "gross_profit": 70002000,
      "operating_income": -13965000,
      "net_income": -15321000,
      "opex": 83967000,
      "cogs": 31573000,
      "rd": 28496000,
      "sga": null,
      "fcf": 10471000,
      "ocf": 11612000,
      "capex": -1141000,
      "gross_margin": 0.6891656411518582,
      "op_margin": -0.1374846172778735,
      "fcf_margin": 0.10308638936746246,
      "incr_op_margin_yoy": 0.23510459681444842,
      "rev_growth_yoy": 0.27706253614624454,
      "rev_growth_yoy_accel": 0.024179232164570574,
      "op_leverage_ratio": 0.7220645635280534,
      "fcf_margin_change": -0.007832136510004
    },
    {
      "date": "2023-12-31T00:00:00",
      "quarter_label": "2023-12 (Q4)",
      "revenue": 103933000,
      "gross_profit": 73164000,
      "operating_income": -11082000,
      "net_income": -9213000,
      "opex": 84246000,
      "cogs": 30769000,
      "rd": 27981000,
      "sga": null,
      "fcf": 11822000,
      "ocf": 12035000,
      "capex": -213000,
      "gross_margin": 0.7039535085102903,
      "op_margin": -0.10662638430527359,
      "fcf_margin": 0.11374635582538752,
      "incr_op_margin_yoy": 0.4337612390208409,
      "rev_growth_yoy": 0.22718792802153687,
      "rev_growth_yoy_accel": -0.049874608124707676,
      "op_leverage_ratio": 6.986527990599668,
      "fcf_margin_change": 0.010659966457925052
    },
    {
      "date": "2024-03-31T00:00:00",
      "quarter_label": "2024-03 (Q1)",
      "revenue": 110639000,
      "gross_profit": 80058000,
      "operating_income": -7446000,
      "net_income": -6890000,
      "opex": 87504000,
      "cogs": 30581000,
      "rd": 27319000,
      "sga": null,
      "fcf": 16131000,
      "ocf": 16505000,
      "capex": -374000,
      "gross_margin": 0.7235965617910501,
      "op_margin": -0.06729995751950035,
      "fcf_margin": 0.1457984978172254,
      "incr_op_margin_yoy": 0.5801235562718238,
      "rev_growth_yoy": 0.2022841867338955,
      "rev_growth_yoy_accel": -0.024903741287641362,
      "op_leverage_ratio": 1.668431172873288,
      "fcf_margin_change": 0.03205214199183788
    },
    {
      "date": "2024-06-30T00:00:00",
      "quarter_label": "2024-06 (Q2)",
      "revenue": 114376000,
      "gross_profit": 83638000,
      "operating_income": 302000,
      "net_income": -597000,
      "opex": 83336000,
      "cogs": 30738000,
      "rd": 29838000,
      "sga": null,
      "fcf": 26350000,
      "ocf": 27079000,
      "capex": -729000,
      "gross_margin": 0.7312548087011261,
      "op_margin": 0.002640414072882423,
      "fcf_margin": 0.23038049940546967,
      "incr_op_margin_yoy": 0.6450372020043529,
      "rev_growth_yoy": 0.20880584237838065,
      "rev_growth_yoy_accel": 0.006521655644485147,
      "op_leverage_ratio": null,
      "fcf_margin_change": 0.08458200158824428
    },
    {
      "date": "2024-09-30T00:00:00",
      "quarter_label": "2024-09 (Q3)",
      "revenue": 118805000,
      "gross_profit": 86871000,
      "operating_income": -7254000,
      "net_income": -4520000,
      "opex": 94125000,
      "cogs": 31934000,
      "rd": 32427000,
      "sga": null,
      "fcf": 24092000,
      "ocf": 24446000,
      "capex": -354000,
      "gross_margin": 0.7312065990488615,
      "op_margin": -0.06105803627793443,
      "fcf_margin": 0.20278607802701906,
      "incr_op_margin_yoy": 0.3894950667440511,
      "rev_growth_yoy": 0.16962835343342358,
      "rev_growth_yoy_accel": -0.03917748894495707,
      "op_leverage_ratio": 0.2991040090655752,
      "fcf_margin_change": -0.027594421378450612
    },
    {
      "date": "2024-12-31T00:00:00",
      "quarter_label": "2024-12 (Q4)",
      "revenue": 121209000,
      "gross_profit": 88738000,
      "operating_income": -10186000,
      "net_income": -10217000,
      "opex": 98924000,
      "cogs": 32471000,
      "rd": 33325000,
      "sga": null,
      "fcf": 25177000,
      "ocf": 25239000,
      "capex": -62000,
      "gross_margin": 0.732107351764308,
      "op_margin": -0.08403666394409656,
      "fcf_margin": 0.20771559867666592,
      "incr_op_margin_yoy": 0.05186385737439222,
      "rev_growth_yoy": 0.16622247024525416,
      "rev_growth_yoy_accel": -0.003405883188169423,
      "op_leverage_ratio": 0.3968752205304475,
      "fcf_margin_change": 0.004929520649646857
    },
    {
      "date": "2025-03-31T00:00:00",
      "quarter_label": "2025-03 (Q1)",
      "revenue": 129067000,
      "gross_profit": 96406000,
      "operating_income": -5702000,
      "net_income": -2952000,
      "opex": 102108000,
      "cogs": 32661000,
      "rd": 34089000,
      "sga": null,
      "fcf": 35122000,
      "ocf": 35501000,
      "capex": -379000,
      "gross_margin": 0.7469453849551009,
      "op_margin": -0.04417860491062781,
      "fcf_margin": 0.2721222310892792,
      "incr_op_margin_yoy": 0.09463859344475797,
      "rev_growth_yoy": 0.16655971221721094,
      "rev_growth_yoy_accel": 0.00033724197195678096,
      "op_leverage_ratio": 2.014214722184875,
      "fcf_margin_change": 0.06440663241261327
    },
    {
      "date": "2025-06-30T00:00:00",
      "quarter_label": "2025-06 (Q2)",
      "revenue": 135039000,
      "gross_profit": 100957000,
      "operating_income": -4215000,
      "net_income": -528000,
      "opex": 105172000,
      "cogs": 34082000,
      "rd": 37919000,
      "sga": null,
      "fcf": 37465000,
      "ocf": 38343000,
      "capex": -878000,
      "gross_margin": 0.7476136523522834,
      "op_margin": -0.031213205074089707,
      "fcf_margin": 0.2774383696561734,
      "incr_op_margin_yoy": -0.21860330058558777,
      "rev_growth_yoy": 0.1806585297614884,
      "rev_growth_yoy_accel": 0.01409881754427747,
      "op_leverage_ratio": 1.5419688209785025,
      "fcf_margin_change": 0.005316138566894224
    },
    {
      "date": "2025-09-30T00:00:00",
      "quarter_label": "2025-09 (Q3)",
      "revenue": 139027000,
      "gross_profit": 103831000,
      "operating_income": -14455000,
      "net_income": -14353000,
      "opex": 118286000,
      "cogs": 35196000,
      "rd": 40934000,
      "sga": null,
      "fcf": 13237000,
      "ocf": 13795000,
      "capex": -558000,
      "gross_margin": 0.7468405417652686,
      "op_margin": -0.10397260963697699,
      "fcf_margin": 0.09521172146417603,
      "incr_op_margin_yoy": -0.3560973197507665,
      "rev_growth_yoy": 0.1702116914271285,
      "rev_growth_yoy_accel": -0.010446838334359915,
      "op_leverage_ratio": 0.23684318342354552,
      "fcf_margin_change": -0.18222664819199738
    },
    {
      "date": "2025-12-31T00:00:00",
      "quarter_label": "2025-12 (Q4)",
      "revenue": 140208000,
      "gross_profit": 105138000,
      "operating_income": -7177000,
      "net_income": -5934000,
      "opex": 112315000,
      "cogs": 35070000,
      "rd": 39283000,
      "sga": null,
      "fcf": 22217000,
      "ocf": 22881000,
      "capex": -664000,
      "gross_margin": 0.749871619308456,
      "op_margin": -0.05118823462284606,
      "fcf_margin": 0.15845743466849252,
      "incr_op_margin_yoy": 0.15837675667140375,
      "rev_growth_yoy": 0.15674578620399476,
      "rev_growth_yoy_accel": -0.013465905223133734,
      "fcf_margin_change": 0.06324571320431649
    }
  ],
  "signals": [
    {
      "quarter": "2025-12 (Q4)",
      "signal": "FCF MARGIN EXPANSION",
      "detail": "FCF margin: +9.5% -> +15.8% (+6.3%)",
      "severity": "MEDIUM"
    },
    {
      "quarter": "2025-06 (Q2)",
      "signal": "OPERATING LEVERAGE",
      "detail": "Rev growth +4.6% vs OpEx growth +3.0% (leverage: 1.5x)",
      "severity": "MEDIUM"
    },
    {
      "quarter": "2025-03 (Q1)",
      "signal": "FCF MARGIN EXPANSION",
      "detail": "FCF margin: +20.8% -> +27.2% (+6.4%)",
      "severity": "MEDIUM"
    },
    {
      "quarter": "2025-03 (Q1)",
      "signal": "OPERATING LEVERAGE",
      "detail": "Rev growth +6.5% vs OpEx growth +3.2% (leverage: 2.0x)",
      "severity": "MEDIUM"
    },
    {
      "quarter": "2024-06 (Q2)",
      "signal": "FCF MARGIN EXPANSION",
      "detail": "FCF margin: +14.6% -> +23.0% (+8.5%)",
      "severity": "MEDIUM"
    },
    {
      "quarter": "2024-06 (Q2)",
      "signal": "OP MARGIN TURNED POSITIVE (YoY)",
      "detail": "Op margin: -13.1% (year-ago) -> +0.3%",
      "severity": "HIGH"
    },
    {
      "quarter": "2024-06 (Q2)",
      "signal": "OP MARGIN TURNED POSITIVE (QoQ)",
      "detail": "Op margin: -6.7% -> +0.3%",
      "severity": "HIGH"
    },
    {
      "quarter": "2024-03 (Q1)",
      "signal": "OPERATING LEVERAGE",
      "detail": "Rev growth +6.5% vs OpEx growth +3.9% (leverage: 1.7x)",
      "severity": "MEDIUM"
    },
    {
      "quarter": "2023-12 (Q4)",
      "signal": "OPERATING LEVERAGE",
      "detail": "Rev growth +2.3% vs OpEx growth +0.3% (leverage: 7.0x)",
      "severity": "MEDIUM"
    },
    {
      "quarter": "2023-06 (Q2)",
      "signal": "FCF MARGIN EXPANSION",
      "detail": "FCF margin: +3.4% -> +11.1% (+7.7%)",
      "severity": "MEDIUM"
    },
    {
      "quarter": "2023-06 (Q2)",
      "signal": "YoY REVENUE GROWTH DECELERATION",
      "detail": "YoY growth: +25.3% vs prior quarter YoY: +32.1% (decel: -6.8%)",
      "severity": "WARNING"
    },
    {
      "quarter": "2023-03 (Q1)",
      "signal": "OPERATING LEVERAGE",
      "detail": "Rev growth +8.7% vs OpEx growth +5.7% (leverage: 1.5x)",
      "severity": "MEDIUM"
    },
    {
      "quarter": "2022-12 (Q4)",
      "signal": "FCF MARGIN EXPANSION",
      "detail": "FCF margin: +1.9% -> +11.9% (+10.0%)",
      "severity": "MEDIUM"
    },
    {
      "quarter": "2022-09 (Q3)",
      "signal": "OPERATING LEVERAGE",
      "detail": "Rev growth +5.3% vs OpEx growth +3.0% (leverage: 1.8x)",
      "severity": "MEDIUM"
    },
    {
      "quarter": "2022-06 (Q2)",
      "signal": "FCF TURNED POSITIVE",
      "detail": "FCF margin: -3.0% -> +12.4%",
      "severity": "HIGH"
    },
    {
      "quarter": "2021-09 (Q3)",
      "signal": "FCF TURNED POSITIVE",
      "detail": "FCF margin: -12.7% -> +7.4%",
      "severity": "HIGH"
    }
  ],
  "data_quality": {
    "n_quarters": 20,
    "coverage": {
      "revenue": [
        20,
        20
      ],
      "gross_profit": [
        20,
        20
      ],
      "op_income": [
        20,
        20
      ],
      "fcf": [
        20,
        20
      ]
    },
    "gaps": [],
    "warnings": []
  },
  "market_cap": null,
  "source": "SEC EDGAR",
  "last_updated": "2026-02-04T13:47:09.987819",
  "sector": "Technology",
  "industry": "Software - Application"
}