{
  "ticker": "INTC",
  "name": "INTEL CORPORATION",
  "quarters": [
    {
      "date": "2021-03-27T00:00:00",
      "quarter_label": "2021-03 (Q1)",
      "revenue": 19673000000,
      "gross_profit": 10854000000,
      "operating_income": 3694000000,
      "net_income": 3361000000,
      "opex": 7160000000,
      "cogs": 8819000000,
      "rd": 3623000000,
      "sga": 1328000000,
      "fcf": 1376000000,
      "ocf": 5348000000,
      "capex": -3972000000,
      "gross_margin": 0.5517206323387384,
      "op_margin": 0.18777004015655976,
      "fcf_margin": 0.0699435774919941
    },
    {
      "date": "2021-06-26T00:00:00",
      "quarter_label": "2021-06 (Q2)",
      "revenue": 19631000000,
      "gross_profit": 11206000000,
      "operating_income": 5546000000,
      "net_income": 5061000000,
      "opex": 5660000000,
      "cogs": 8425000000,
      "rd": 3715000000,
      "sga": 1599000000,
      "fcf": 5199000000,
      "ocf": 8801000000,
      "capex": -3602000000,
      "gross_margin": 0.5708318475879985,
      "op_margin": 0.28251235291121185,
      "fcf_margin": 0.26483622841424276,
      "fcf_margin_change": 0.19489265092224867
    },
    {
      "date": "2021-09-25T00:00:00",
      "quarter_label": "2021-09 (Q3)",
      "revenue": 19192000000,
      "gross_profit": 10746000000,
      "operating_income": 5227000000,
      "net_income": 6823000000,
      "opex": 5519000000,
      "cogs": 8446000000,
      "rd": 3803000000,
      "sga": 1674000000,
      "fcf": 5899000000,
      "ocf": 9904000000,
      "capex": -4005000000,
      "gross_margin": 0.5599208003334722,
      "op_margin": 0.2723530637765736,
      "fcf_margin": 0.3073676531888287,
      "fcf_margin_change": 0.042531424774585935
    },
    {
      "date": "2021-12-25T00:00:00",
      "quarter_label": "2021-12 (Q4)",
      "revenue": 20528000000,
      "gross_profit": 11009000000,
      "operating_income": 4989000000,
      "net_income": 4623000000,
      "opex": 6020000000,
      "cogs": 9519000000,
      "rd": 4049000000,
      "sga": 1942000000,
      "fcf": -1751000000,
      "ocf": 5403000000,
      "capex": -7154000000,
      "gross_margin": 0.5362918939984411,
      "op_margin": 0.24303390491036633,
      "fcf_margin": -0.08529812938425566,
      "op_leverage_ratio": 0.7668472974850632,
      "fcf_margin_change": -0.3926657825730844
    },
    {
      "date": "2022-04-02T00:00:00",
      "quarter_label": "2022-04 (Q2)",
      "revenue": 18353000000,
      "gross_profit": 9244000000,
      "operating_income": 4341000000,
      "net_income": 8113000000,
      "opex": 4903000000,
      "cogs": 9109000000,
      "rd": 4362000000,
      "sga": 1752000000,
      "fcf": 1287000000,
      "ocf": 5891000000,
      "capex": -4604000000,
      "gross_margin": 0.5036778728273307,
      "op_margin": 0.23652808805099984,
      "fcf_margin": 0.070124775241105,
      "incr_op_margin_yoy": -0.49015151515151517,
      "rev_growth_yoy": -0.06709703654755249,
      "fcf_margin_change": 0.15542290462536065
    },
    {
      "date": "2022-07-02T00:00:00",
      "quarter_label": "2022-07 (Q3)",
      "revenue": 15321000000,
      "gross_profit": 5587000000,
      "operating_income": -700000000,
      "net_income": -454000000,
      "opex": 6287000000,
      "cogs": 9734000000,
      "rd": 4400000000,
      "sga": 1800000000,
      "fcf": -6433000000,
      "ocf": 809000000,
      "capex": -7242000000,
      "gross_margin": 0.3646628810129887,
      "op_margin": -0.045688923699497425,
      "fcf_margin": -0.4198812087983813,
      "incr_op_margin_yoy": 1.4491879350348027,
      "rev_growth_yoy": -0.2195507106107687,
      "rev_growth_yoy_accel": -0.1524536740632162,
      "fcf_margin_change": -0.4900059840394863
    },
    {
      "date": "2022-10-01T00:00:00",
      "quarter_label": "2022-10 (Q4)",
      "revenue": 15338000000,
      "gross_profit": 6535000000,
      "operating_income": -175000000,
      "net_income": 1019000000,
      "opex": 6710000000,
      "cogs": 8803000000,
      "rd": 4302000000,
      "sga": 1744000000,
      "fcf": -6269000000,
      "ocf": 1030000000,
      "capex": -7299000000,
      "gross_margin": 0.426065979919155,
      "op_margin": -0.011409571000130394,
      "fcf_margin": -0.40872343199895683,
      "incr_op_margin_yoy": 1.4016606123508044,
      "rev_growth_yoy": -0.2008128386827845,
      "rev_growth_yoy_accel": 0.018737871927984207,
      "fcf_margin_change": 0.01115777679942448
    },
    {
      "date": "2022-12-31T00:00:00",
      "quarter_label": "2022-12 (Q4)",
      "revenue": 14042000000,
      "gross_profit": 5500000000,
      "operating_income": -1132000000,
      "net_income": -664000000,
      "opex": 6632000000,
      "cogs": 8542000000,
      "rd": 4464000000,
      "sga": 1706000000,
      "fcf": 2004000000,
      "ocf": 7703000000,
      "capex": -5699000000,
      "gross_margin": 0.3916820965674405,
      "op_margin": -0.08061529696624413,
      "fcf_margin": 0.1427147130038456,
      "incr_op_margin_yoy": 0.9437249460376195,
      "rev_growth_yoy": -0.31595869056897896,
      "rev_growth_yoy_accel": -0.11514585188619447,
      "fcf_margin_change": 0.5514381450028024
    },
    {
      "date": "2023-04-01T00:00:00",
      "quarter_label": "2023-04 (Q2)",
      "revenue": 11715000000,
      "gross_profit": 4008000000,
      "operating_income": -1468000000,
      "net_income": -2758000000,
      "opex": 5476000000,
      "cogs": 7707000000,
      "rd": 4109000000,
      "sga": 1303000000,
      "fcf": -9198000000,
      "ocf": -1785000000,
      "capex": -7413000000,
      "gross_margin": 0.3421254801536492,
      "op_margin": -0.12530943235168587,
      "fcf_margin": -0.7851472471190781,
      "incr_op_margin_yoy": 0.8751129858391081,
      "rev_growth_yoy": -0.3616847381899417,
      "rev_growth_yoy_accel": -0.04572604762096272,
      "fcf_margin_change": -0.9278619601229238
    },
    {
      "date": "2023-07-01T00:00:00",
      "quarter_label": "2023-07 (Q3)",
      "revenue": 12949000000,
      "gross_profit": 4638000000,
      "operating_income": -1016000000,
      "net_income": 1481000000,
      "opex": 5654000000,
      "cogs": 8311000000,
      "rd": 4080000000,
      "sga": 1374000000,
      "fcf": -3080000000,
      "ocf": 2808000000,
      "capex": -5888000000,
      "gross_margin": 0.358174376399722,
      "op_margin": -0.07846165727083172,
      "fcf_margin": -0.23785620511236388,
      "incr_op_margin_yoy": 0.13322091062394603,
      "rev_growth_yoy": -0.15482018145029697,
      "rev_growth_yoy_accel": 0.2068645567396447,
      "op_leverage_ratio": 3.24053192152575,
      "fcf_margin_change": 0.5472910420067143
    },
    {
      "date": "2023-09-30T00:00:00",
      "quarter_label": "2023-09 (Q3)",
      "revenue": 14158000000,
      "gross_profit": 6018000000,
      "operating_income": -8000000,
      "net_income": 297000000,
      "opex": 6026000000,
      "cogs": 8140000000,
      "rd": 3870000000,
      "sga": 1340000000,
      "fcf": 71000000,
      "ocf": 5824000000,
      "capex": -5753000000,
      "gross_margin": 0.42506003672835146,
      "op_margin": -0.0005650515609549371,
      "fcf_margin": 0.005014832603475067,
      "incr_op_margin_yoy": -0.14152542372881355,
      "rev_growth_yoy": -0.07693310731516495,
      "rev_growth_yoy_accel": 0.07788707413513202,
      "op_leverage_ratio": 1.4190671094292997,
      "fcf_margin_change": 0.24287103771583896
    },
    {
      "date": "2023-12-30T00:00:00",
      "quarter_label": "2023-12 (Q4)",
      "revenue": 15406000000,
      "gross_profit": 7047000000,
      "operating_income": 2585000000,
      "net_income": 2669000000,
      "opex": 4462000000,
      "cogs": 8359000000,
      "rd": 3987000000,
      "sga": 1617000000,
      "fcf": -2072000000,
      "ocf": 4624000000,
      "capex": -6696000000,
      "gross_margin": 0.45741918732961184,
      "op_margin": 0.16779176944047774,
      "fcf_margin": -0.13449305465403089,
      "incr_op_margin_yoy": 2.7250733137829912,
      "rev_growth_yoy": 0.09713715994872525,
      "rev_growth_yoy_accel": 0.1740702672638902,
      "op_leverage_ratio": Infinity,
      "fcf_margin_change": -0.13950788725750596
    },
    {
      "date": "2024-03-30T00:00:00",
      "quarter_label": "2024-03 (Q1)",
      "revenue": 12724000000,
      "gross_profit": 5217000000,
      "operating_income": -1069000000,
      "net_income": -381000000,
      "opex": 6286000000,
      "cogs": 7507000000,
      "rd": 4382000000,
      "sga": 1556000000,
      "fcf": -7193000000,
      "ocf": -1223000000,
      "capex": -5970000000,
      "gross_margin": 0.410012574662056,
      "op_margin": -0.08401446086136435,
      "fcf_margin": -0.5653096510531279,
      "incr_op_margin_yoy": 0.39544103072348863,
      "rev_growth_yoy": 0.08612889457959881,
      "rev_growth_yoy_accel": -0.011008265369126441,
      "fcf_margin_change": -0.43081659639909703
    },
    {
      "date": "2024-06-29T00:00:00",
      "quarter_label": "2024-06 (Q2)",
      "revenue": 12833000000,
      "gross_profit": 4547000000,
      "operating_income": -1964000000,
      "net_income": -1610000000,
      "opex": 6511000000,
      "cogs": 8286000000,
      "rd": 4239000000,
      "sga": 1329000000,
      "fcf": -3390000000,
      "ocf": 2292000000,
      "capex": -5682000000,
      "gross_margin": 0.354320891451726,
      "op_margin": -0.15304293618016052,
      "fcf_margin": -0.26416270552481885,
      "incr_op_margin_yoy": 8.172413793103448,
      "rev_growth_yoy": -0.008958220712024095,
      "rev_growth_yoy_accel": -0.0950871152916229,
      "fcf_margin_change": 0.30114694552830906
    },
    {
      "date": "2024-09-28T00:00:00",
      "quarter_label": "2024-09 (Q3)",
      "revenue": 13284000000,
      "gross_profit": 1997000000,
      "operating_income": -9057000000,
      "net_income": -16639000000,
      "opex": 11054000000,
      "cogs": 11287000000,
      "rd": 4049000000,
      "sga": 1383000000,
      "fcf": -2404000000,
      "ocf": 4054000000,
      "capex": -6458000000,
      "gross_margin": 0.15033122553447756,
      "op_margin": -0.6817976513098465,
      "fcf_margin": -0.18096958747365252,
      "incr_op_margin_yoy": 10.35354691075515,
      "rev_growth_yoy": -0.06173188303432688,
      "rev_growth_yoy_accel": -0.05277366232230279,
      "op_leverage_ratio": 0.05036783760994515,
      "fcf_margin_change": 0.08319311805116633
    },
    {
      "date": "2024-12-28T00:00:00",
      "quarter_label": "2024-12 (Q4)",
      "revenue": 14260000000,
      "gross_profit": 5584000000,
      "operating_income": 412000000,
      "net_income": -126000000,
      "opex": 5172000000,
      "cogs": 8676000000,
      "rd": 3876000000,
      "sga": 1239000000,
      "fcf": -2669000000,
      "ocf": 3165000000,
      "capex": -5834000000,
      "gross_margin": 0.3915848527349229,
      "op_margin": 0.028892005610098175,
      "fcf_margin": -0.18716690042075737,
      "incr_op_margin_yoy": 1.8961605584642234,
      "rev_growth_yoy": -0.07438660262235493,
      "rev_growth_yoy_accel": -0.012654719588028045,
      "op_leverage_ratio": Infinity,
      "fcf_margin_change": -0.006197312947104849
    },
    {
      "date": "2025-03-29T00:00:00",
      "quarter_label": "2025-03 (Q1)",
      "revenue": 12667000000,
      "gross_profit": 4672000000,
      "operating_income": -301000000,
      "net_income": -821000000,
      "opex": 4973000000,
      "cogs": 7995000000,
      "rd": 3640000000,
      "sga": 1177000000,
      "fcf": -4370000000,
      "ocf": 813000000,
      "capex": -5183000000,
      "gross_margin": 0.36883239914739085,
      "op_margin": -0.023762532564932503,
      "fcf_margin": -0.34499092129154496,
      "incr_op_margin_yoy": -13.473684210526315,
      "rev_growth_yoy": -0.004479723357434769,
      "rev_growth_yoy_accel": 0.06990687926492016,
      "fcf_margin_change": -0.1578240208707876
    },
    {
      "date": "2025-06-28T00:00:00",
      "quarter_label": "2025-06 (Q2)",
      "revenue": 12859000000,
      "gross_profit": 3542000000,
      "operating_income": -3176000000,
      "net_income": -2918000000,
      "opex": 6718000000,
      "cogs": 9317000000,
      "rd": 3684000000,
      "sga": 1144000000,
      "fcf": -1500000000,
      "ocf": 2050000000,
      "capex": -3550000000,
      "gross_margin": 0.2754491017964072,
      "op_margin": -0.246986546387744,
      "fcf_margin": -0.11664981724861964,
      "incr_op_margin_yoy": -46.61538461538461,
      "rev_growth_yoy": 0.0020260266500428583,
      "rev_growth_yoy_accel": 0.006505750007477627,
      "op_leverage_ratio": 0.04319669162680005,
      "fcf_margin_change": 0.22834110404292532
    },
    {
      "date": "2025-09-27T00:00:00",
      "quarter_label": "2025-09 (Q3)",
      "revenue": 13653000000,
      "gross_profit": 5218000000,
      "operating_income": 683000000,
      "net_income": 4063000000,
      "opex": 4535000000,
      "cogs": 8435000000,
      "rd": 3231000000,
      "sga": 1129000000,
      "fcf": 121000000,
      "ocf": 2546000000,
      "capex": -2425000000,
      "gross_margin": 0.3821870651138944,
      "op_margin": 0.05002563539148905,
      "fcf_margin": 0.008862521057643008,
      "incr_op_margin_yoy": 26.395663956639567,
      "rev_growth_yoy": 0.027777777777777776,
      "rev_growth_yoy_accel": 0.025751751127734916,
      "op_leverage_ratio": Infinity,
      "fcf_margin_change": 0.12551233830626266
    },
    {
      "date": "2025-12-27T00:00:00",
      "quarter_label": "2025-12 (Q4)",
      "revenue": 13674000000,
      "gross_profit": 4943000000,
      "operating_income": 580000000,
      "net_income": -591000000,
      "opex": 4363000000,
      "cogs": 8731000000,
      "rd": 3219000000,
      "sga": 1174000000,
      "fcf": 800000000,
      "ocf": 4288000000,
      "capex": -3488000000,
      "gross_margin": 0.3614889571449466,
      "op_margin": 0.04241626444346936,
      "fcf_margin": 0.05850519233581981,
      "incr_op_margin_yoy": -0.28668941979522183,
      "rev_growth_yoy": -0.04109396914446003,
      "rev_growth_yoy_accel": -0.0688717469222378,
      "fcf_margin_change": 0.0496426712781768
    }
  ],
  "signals": [
    {
      "quarter": "2025-12 (Q4)",
      "signal": "YoY REVENUE GROWTH DECELERATION",
      "detail": "YoY growth: -4.1% vs prior quarter YoY: +2.8% (decel: -6.9%)",
      "severity": "WARNING"
    },
    {
      "quarter": "2025-09 (Q3)",
      "signal": "FCF TURNED POSITIVE",
      "detail": "FCF margin: -11.7% -> +0.9%",
      "severity": "HIGH"
    },
    {
      "quarter": "2025-09 (Q3)",
      "signal": "GROSS MARGIN INFLECTION",
      "detail": "GM: +36.9% -> +27.5% -> +38.2% (reversal +10.7%)",
      "severity": "HIGH"
    },
    {
      "quarter": "2025-09 (Q3)",
      "signal": "OP MARGIN TURNED POSITIVE (YoY)",
      "detail": "Op margin: -68.2% (year-ago) -> +5.0%",
      "severity": "HIGH"
    },
    {
      "quarter": "2025-09 (Q3)",
      "signal": "OP MARGIN TURNED POSITIVE (QoQ)",
      "detail": "Op margin: -24.7% -> +5.0%",
      "severity": "HIGH"
    },
    {
      "quarter": "2025-06 (Q2)",
      "signal": "FCF MARGIN EXPANSION",
      "detail": "FCF margin: -34.5% -> -11.7% (+22.8%)",
      "severity": "MEDIUM"
    },
    {
      "quarter": "2025-03 (Q1)",
      "signal": "YoY REVENUE GROWTH ACCELERATION",
      "detail": "YoY growth: -0.4% vs prior quarter YoY: -7.4% (accel: +7.0%)",
      "severity": "MEDIUM"
    },
    {
      "quarter": "2024-12 (Q4)",
      "signal": "GROSS MARGIN INFLECTION",
      "detail": "GM: +35.4% -> +15.0% -> +39.2% (reversal +24.1%)",
      "severity": "HIGH"
    },
    {
      "quarter": "2024-12 (Q4)",
      "signal": "INCREMENTAL MARGIN (YoY)",
      "detail": "YoY Incr OPM: +189.6% vs year-ago OPM: +16.8%",
      "severity": "HIGH"
    },
    {
      "quarter": "2024-12 (Q4)",
      "signal": "OP MARGIN TURNED POSITIVE (QoQ)",
      "detail": "Op margin: -68.2% -> +2.9%",
      "severity": "HIGH"
    },
    {
      "quarter": "2024-09 (Q3)",
      "signal": "FCF MARGIN EXPANSION",
      "detail": "FCF margin: -26.4% -> -18.1% (+8.3%)",
      "severity": "MEDIUM"
    },
    {
      "quarter": "2024-09 (Q3)",
      "signal": "YoY REVENUE GROWTH DECELERATION",
      "detail": "YoY growth: -6.2% vs prior quarter YoY: -0.9% (decel: -5.3%)",
      "severity": "WARNING"
    },
    {
      "quarter": "2024-06 (Q2)",
      "signal": "FCF MARGIN EXPANSION",
      "detail": "FCF margin: -56.5% -> -26.4% (+30.1%)",
      "severity": "MEDIUM"
    },
    {
      "quarter": "2024-06 (Q2)",
      "signal": "YoY REVENUE GROWTH DECELERATION",
      "detail": "YoY growth: -0.9% vs prior quarter YoY: +8.6% (decel: -9.5%)",
      "severity": "WARNING"
    },
    {
      "quarter": "2023-12 (Q4)",
      "signal": "YoY REVENUE GROWTH ACCELERATION",
      "detail": "YoY growth: +9.7% vs prior quarter YoY: -7.7% (accel: +17.4%)",
      "severity": "HIGH"
    },
    {
      "quarter": "2023-12 (Q4)",
      "signal": "OP MARGIN TURNED POSITIVE (YoY)",
      "detail": "Op margin: -8.1% (year-ago) -> +16.8%",
      "severity": "HIGH"
    },
    {
      "quarter": "2023-12 (Q4)",
      "signal": "OP MARGIN TURNED POSITIVE (QoQ)",
      "detail": "Op margin: -0.1% -> +16.8%",
      "severity": "HIGH"
    },
    {
      "quarter": "2023-09 (Q3)",
      "signal": "FCF TURNED POSITIVE",
      "detail": "FCF margin: -23.8% -> +0.5%",
      "severity": "HIGH"
    },
    {
      "quarter": "2023-09 (Q3)",
      "signal": "YoY REVENUE GROWTH ACCELERATION",
      "detail": "YoY growth: -7.7% vs prior quarter YoY: -15.5% (accel: +7.8%)",
      "severity": "MEDIUM"
    },
    {
      "quarter": "2023-07 (Q3)",
      "signal": "FCF MARGIN EXPANSION",
      "detail": "FCF margin: -78.5% -> -23.8% (+54.7%)",
      "severity": "MEDIUM"
    },
    {
      "quarter": "2023-07 (Q3)",
      "signal": "OPERATING LEVERAGE",
      "detail": "Rev growth +10.5% vs OpEx growth +3.3% (leverage: 3.2x)",
      "severity": "MEDIUM"
    },
    {
      "quarter": "2023-07 (Q3)",
      "signal": "YoY REVENUE GROWTH ACCELERATION",
      "detail": "YoY growth: -15.5% vs prior quarter YoY: -36.2% (accel: +20.7%)",
      "severity": "HIGH"
    },
    {
      "quarter": "2022-12 (Q4)",
      "signal": "FCF TURNED POSITIVE",
      "detail": "FCF margin: -40.9% -> +14.3%",
      "severity": "HIGH"
    },
    {
      "quarter": "2022-12 (Q4)",
      "signal": "YoY REVENUE GROWTH DECELERATION",
      "detail": "YoY growth: -31.6% vs prior quarter YoY: -20.1% (decel: -11.5%)",
      "severity": "WARNING"
    },
    {
      "quarter": "2022-10 (Q4)",
      "signal": "GROSS MARGIN INFLECTION",
      "detail": "GM: +50.4% -> +36.5% -> +42.6% (reversal +6.1%)",
      "severity": "HIGH"
    },
    {
      "quarter": "2022-07 (Q3)",
      "signal": "YoY REVENUE GROWTH DECELERATION",
      "detail": "YoY growth: -22.0% vs prior quarter YoY: -6.7% (decel: -15.2%)",
      "severity": "WARNING"
    },
    {
      "quarter": "2022-04 (Q2)",
      "signal": "FCF TURNED POSITIVE",
      "detail": "FCF margin: -8.5% -> +7.0%",
      "severity": "HIGH"
    },
    {
      "quarter": "2021-06 (Q2)",
      "signal": "FCF MARGIN EXPANSION",
      "detail": "FCF margin: +7.0% -> +26.5% (+19.5%)",
      "severity": "MEDIUM"
    }
  ],
  "data_quality": {
    "n_quarters": 20,
    "coverage": {
      "revenue": [
        20,
        20
      ],
      "gross_profit": [
        20,
        20
      ],
      "op_income": [
        20,
        20
      ],
      "fcf": [
        20,
        20
      ]
    },
    "gaps": [],
    "warnings": []
  },
  "market_cap": null,
  "source": "SEC EDGAR",
  "last_updated": "2026-02-02T19:46:10.591569",
  "sector": "Technology",
  "industry": "Semiconductors"
}