{
  "ticker": "INTT",
  "name": "InTest Corporation",
  "quarters": [
    {
      "date": "2020-12-31T00:00:00",
      "quarter_label": "2020-12 (Q4)",
      "revenue": 14875000,
      "gross_profit": 6720000,
      "operating_income": -484000,
      "net_income": -380000,
      "opex": 7204000,
      "cogs": 8155000,
      "rd": 1245000,
      "sga": null,
      "fcf": 710000,
      "ocf": 848000,
      "capex": -138000,
      "gross_margin": 0.45176470588235296,
      "op_margin": -0.03253781512605042,
      "fcf_margin": 0.04773109243697479
    },
    {
      "date": "2021-03-31T00:00:00",
      "quarter_label": "2021-03 (Q1)",
      "revenue": 19556000,
      "gross_profit": 9521000,
      "operating_income": 2580000,
      "net_income": 2212000,
      "opex": 6941000,
      "cogs": 10035000,
      "rd": 1322000,
      "sga": null,
      "fcf": -725000,
      "ocf": -337000,
      "capex": -388000,
      "gross_margin": 0.4868582532215177,
      "op_margin": 0.13192881979955,
      "fcf_margin": -0.03707302106770301,
      "op_leverage_ratio": Infinity,
      "fcf_margin_change": -0.0848041135046778
    },
    {
      "date": "2021-06-30T00:00:00",
      "quarter_label": "2021-06 (Q2)",
      "revenue": 21820000,
      "gross_profit": 10962000,
      "operating_income": 3035000,
      "net_income": 2609000,
      "opex": 7927000,
      "cogs": 10858000,
      "rd": 1356000,
      "sga": null,
      "fcf": 4124000,
      "ocf": 4199000,
      "capex": -75000,
      "gross_margin": 0.5023831347387717,
      "op_margin": 0.13909257561869845,
      "fcf_margin": 0.18900091659028415,
      "op_leverage_ratio": 0.8149698146727533,
      "fcf_margin_change": 0.22607393765798717
    },
    {
      "date": "2021-09-30T00:00:00",
      "quarter_label": "2021-09 (Q3)",
      "revenue": 21144000,
      "gross_profit": 10395000,
      "operating_income": 2549000,
      "net_income": 2175000,
      "opex": 7846000,
      "cogs": 10749000,
      "rd": 1334000,
      "sga": null,
      "fcf": 4147000,
      "ocf": 4261000,
      "capex": -114000,
      "gross_margin": 0.49162883087400683,
      "op_margin": 0.1205542943624669,
      "fcf_margin": 0.1961312902005297,
      "fcf_margin_change": 0.007130373610245544
    },
    {
      "date": "2021-12-31T00:00:00",
      "quarter_label": "2021-12 (Q4)",
      "revenue": 22358000,
      "gross_profit": 10346000,
      "operating_income": 295000,
      "net_income": 287000,
      "opex": 10051000,
      "cogs": 12012000,
      "rd": 1519000,
      "sga": null,
      "fcf": 2302000,
      "ocf": 2719000,
      "capex": -417000,
      "gross_margin": 0.4627426424546024,
      "op_margin": 0.013194382324000357,
      "fcf_margin": 0.10296090884694517,
      "incr_op_margin_yoy": 0.10410263263397034,
      "rev_growth_yoy": 0.5030588235294118,
      "op_leverage_ratio": 0.20430135479592268,
      "fcf_margin_change": -0.09317038135358452
    },
    {
      "date": "2022-03-31T00:00:00",
      "quarter_label": "2022-03 (Q1)",
      "revenue": 24081000,
      "gross_profit": 11013000,
      "operating_income": 802000,
      "net_income": 577000,
      "opex": 10211000,
      "cogs": 13068000,
      "rd": 1924000,
      "sga": null,
      "fcf": -3122000,
      "ocf": -2787000,
      "capex": -335000,
      "gross_margin": 0.45733150616668744,
      "op_margin": 0.0333042647730576,
      "fcf_margin": -0.12964577882978282,
      "incr_op_margin_yoy": -0.3929281767955801,
      "rev_growth_yoy": 0.23138678666393944,
      "rev_growth_yoy_accel": -0.27167203686547237,
      "op_leverage_ratio": 4.841072826281421,
      "fcf_margin_change": -0.23260668767672799
    },
    {
      "date": "2022-06-30T00:00:00",
      "quarter_label": "2022-06 (Q2)",
      "revenue": 29571000,
      "gross_profit": 13548000,
      "operating_income": 2728000,
      "net_income": 2116000,
      "opex": 10820000,
      "cogs": 16023000,
      "rd": 1859000,
      "sga": null,
      "fcf": -2667000,
      "ocf": -2294000,
      "capex": -373000,
      "gross_margin": 0.45815156741402047,
      "op_margin": 0.09225254472287038,
      "fcf_margin": -0.09018971289438978,
      "incr_op_margin_yoy": -0.03960779254289769,
      "rev_growth_yoy": 0.35522456461961505,
      "rev_growth_yoy_accel": 0.1238377779556756,
      "op_leverage_ratio": 3.822511584977057,
      "fcf_margin_change": 0.03945606593539304
    },
    {
      "date": "2022-09-30T00:00:00",
      "quarter_label": "2022-09 (Q3)",
      "revenue": 30771000,
      "gross_profit": 13898000,
      "operating_income": 3159000,
      "net_income": 2524000,
      "opex": 10739000,
      "cogs": 16873000,
      "rd": 1866000,
      "sga": null,
      "fcf": 1088000,
      "ocf": 1423000,
      "capex": -335000,
      "gross_margin": 0.4516590296057977,
      "op_margin": 0.10266159695817491,
      "fcf_margin": 0.03535796691690228,
      "incr_op_margin_yoy": 0.06336345694401163,
      "rev_growth_yoy": 0.45530646992054485,
      "rev_growth_yoy_accel": 0.10008190530092981,
      "op_leverage_ratio": Infinity,
      "fcf_margin_change": 0.12554767981129206
    },
    {
      "date": "2022-12-31T00:00:00",
      "quarter_label": "2022-12 (Q4)",
      "revenue": 32405000,
      "gross_profit": 14981000,
      "operating_income": 4032000,
      "net_income": 3244000,
      "opex": 10949000,
      "cogs": 17424000,
      "rd": 1880000,
      "sga": null,
      "fcf": 1947000,
      "ocf": 2269000,
      "capex": -322000,
      "gross_margin": 0.4623051998148434,
      "op_margin": 0.12442524301805277,
      "fcf_margin": 0.060083320475235305,
      "incr_op_margin_yoy": 0.3719518264158455,
      "rev_growth_yoy": 0.4493693532516325,
      "rev_growth_yoy_accel": -0.0059371166689123345,
      "op_leverage_ratio": 2.7155324045057885,
      "fcf_margin_change": 0.024725353558333024
    },
    {
      "date": "2023-03-31T00:00:00",
      "quarter_label": "2023-03 (Q1)",
      "revenue": 31919000,
      "gross_profit": 15052000,
      "operating_income": 3518000,
      "net_income": 2817000,
      "opex": 11534000,
      "cogs": 16867000,
      "rd": 1904000,
      "sga": null,
      "fcf": 2150000,
      "ocf": 2484000,
      "capex": -334000,
      "gross_margin": 0.47156865816598265,
      "op_margin": 0.11021648547886839,
      "fcf_margin": 0.0673579999373414,
      "incr_op_margin_yoy": 0.3465169686144425,
      "rev_growth_yoy": 0.32548482205888457,
      "rev_growth_yoy_accel": -0.12388453119274795,
      "fcf_margin_change": 0.007274679462106096
    },
    {
      "date": "2023-06-30T00:00:00",
      "quarter_label": "2023-06 (Q2)",
      "revenue": 32558000,
      "gross_profit": 15030000,
      "operating_income": 3344000,
      "net_income": 2793000,
      "opex": 11686000,
      "cogs": 17528000,
      "rd": 1983000,
      "sga": null,
      "fcf": 2483000,
      "ocf": 2858000,
      "capex": -375000,
      "gross_margin": 0.46163769273296884,
      "op_margin": 0.10270901161004976,
      "fcf_margin": 0.07626389827384975,
      "incr_op_margin_yoy": 0.20622698359558084,
      "rev_growth_yoy": 0.1010111257651077,
      "rev_growth_yoy_accel": -0.22447369629377686,
      "op_leverage_ratio": 1.5191055154412236,
      "fcf_margin_change": 0.008905898336508344
    },
    {
      "date": "2023-09-30T00:00:00",
      "quarter_label": "2023-09 (Q3)",
      "revenue": 32663000,
      "gross_profit": 15334000,
      "operating_income": 3283000,
      "net_income": 2966000,
      "opex": 12051000,
      "cogs": 17329000,
      "rd": 1802000,
      "sga": null,
      "fcf": 5905000,
      "ocf": 6179000,
      "capex": -274000,
      "gross_margin": 0.46946085785139147,
      "op_margin": 0.1005112818785782,
      "fcf_margin": 0.18078559838349204,
      "incr_op_margin_yoy": 0.06553911205073996,
      "rev_growth_yoy": 0.061486464528289625,
      "rev_growth_yoy_accel": -0.03952466123681808,
      "fcf_margin_change": 0.10452170010964229
    },
    {
      "date": "2023-12-31T00:00:00",
      "quarter_label": "2023-12 (Q4)",
      "revenue": 27884000,
      "gross_profit": 12449000,
      "operating_income": 294000,
      "net_income": 1455000,
      "opex": 11268000,
      "cogs": 14600000,
      "rd": 1929000,
      "sga": null,
      "fcf": 4374000,
      "ocf": 4682000,
      "capex": -308000,
      "gross_margin": 0.44645674939033136,
      "op_margin": 0.010543680963993688,
      "fcf_margin": 0.1568641514847224,
      "incr_op_margin_yoy": 0.8268082282680823,
      "rev_growth_yoy": -0.13951550686622435,
      "rev_growth_yoy_accel": -0.20100197139451398,
      "fcf_margin_change": -0.023921446898769627
    },
    {
      "date": "2024-03-31T00:00:00",
      "quarter_label": "2024-03 (Q1)",
      "revenue": 29824000,
      "gross_profit": 13076000,
      "operating_income": 492000,
      "net_income": 662000,
      "opex": 12584000,
      "cogs": 16748000,
      "rd": 1982000,
      "sga": null,
      "fcf": 1735000,
      "ocf": 2075000,
      "capex": -340000,
      "gross_margin": 0.4384388412017167,
      "op_margin": 0.01649678111587983,
      "fcf_margin": 0.058174624463519314,
      "incr_op_margin_yoy": 1.4443914081145586,
      "rev_growth_yoy": -0.06563488831103731,
      "rev_growth_yoy_accel": 0.07388061855518704,
      "op_leverage_ratio": 0.5957137232451071,
      "fcf_margin_change": -0.0986895270212031
    },
    {
      "date": "2024-06-30T00:00:00",
      "quarter_label": "2024-06 (Q2)",
      "revenue": 33991000,
      "gross_profit": 13797000,
      "operating_income": 336000,
      "net_income": 230000,
      "opex": 13461000,
      "cogs": 20194000,
      "rd": 2218000,
      "sga": null,
      "fcf": -5406000,
      "ocf": -5090000,
      "capex": -316000,
      "gross_margin": 0.40590156217822365,
      "op_margin": 0.009884969550763437,
      "fcf_margin": -0.15904209937924746,
      "incr_op_margin_yoy": -2.099092812281926,
      "rev_growth_yoy": 0.04401376005897168,
      "rev_growth_yoy_accel": 0.10964864837000898,
      "op_leverage_ratio": 2.004826185151291,
      "fcf_margin_change": -0.21721672384276677
    },
    {
      "date": "2024-09-30T00:00:00",
      "quarter_label": "2024-09 (Q3)",
      "revenue": 30272000,
      "gross_profit": 14012000,
      "operating_income": 487000,
      "net_income": 495000,
      "opex": 13525000,
      "cogs": 16260000,
      "rd": 2182000,
      "sga": null,
      "fcf": 3744000,
      "ocf": 4249000,
      "capex": -505000,
      "gross_margin": 0.46286997885835096,
      "op_margin": 0.016087473572938688,
      "fcf_margin": 0.12367864693446089,
      "incr_op_margin_yoy": 1.1693851944792975,
      "rev_growth_yoy": -0.07320209411260448,
      "rev_growth_yoy_accel": -0.11721585417157615,
      "fcf_margin_change": 0.28272074631370836
    },
    {
      "date": "2024-12-31T00:00:00",
      "quarter_label": "2024-12 (Q4)",
      "revenue": 36603000,
      "gross_profit": 14539000,
      "operating_income": 2079000,
      "net_income": 1504000,
      "opex": 12460000,
      "cogs": 22064000,
      "rd": 2166000,
      "sga": null,
      "fcf": 2424000,
      "ocf": 2587000,
      "capex": -163000,
      "gross_margin": 0.39720787913558997,
      "op_margin": 0.05679862306368331,
      "fcf_margin": 0.06622407999344317,
      "incr_op_margin_yoy": 0.20472531253584125,
      "rev_growth_yoy": 0.31268828001721416,
      "rev_growth_yoy_accel": 0.38589037412981864,
      "op_leverage_ratio": Infinity,
      "fcf_margin_change": -0.05745456694101772
    },
    {
      "date": "2025-03-31T00:00:00",
      "quarter_label": "2025-03 (Q1)",
      "revenue": 26637000,
      "gross_profit": 11056000,
      "operating_income": -2881000,
      "net_income": -2329000,
      "opex": 13937000,
      "cogs": 15581000,
      "rd": 2448000,
      "sga": null,
      "fcf": 5306000,
      "ocf": 5535000,
      "capex": -229000,
      "gross_margin": 0.4150617562037767,
      "op_margin": -0.10815782558095882,
      "fcf_margin": 0.19919660622442467,
      "incr_op_margin_yoy": 1.0583620960150613,
      "rev_growth_yoy": -0.10686024678111589,
      "rev_growth_yoy_accel": -0.41954852679833005,
      "fcf_margin_change": 0.1329725262309815
    },
    {
      "date": "2025-06-30T00:00:00",
      "quarter_label": "2025-06 (Q2)",
      "revenue": 28130000,
      "gross_profit": 11973000,
      "operating_income": -927000,
      "net_income": -503000,
      "opex": 12900000,
      "cogs": 16157000,
      "rd": 2245000,
      "sga": null,
      "fcf": -1150000,
      "ocf": -688000,
      "capex": -462000,
      "gross_margin": 0.4256309989335229,
      "op_margin": -0.03295414148595805,
      "fcf_margin": -0.04088162104514753,
      "incr_op_margin_yoy": 0.21549223681965535,
      "rev_growth_yoy": -0.17242799564590627,
      "rev_growth_yoy_accel": -0.06556774886479039,
      "op_leverage_ratio": Infinity,
      "fcf_margin_change": -0.2400782272695722
    },
    {
      "date": "2025-09-30T00:00:00",
      "quarter_label": "2025-09 (Q3)",
      "revenue": 26236000,
      "gross_profit": 10992000,
      "operating_income": -1193000,
      "net_income": -938000,
      "opex": 12185000,
      "cogs": 15244000,
      "rd": 2335000,
      "sga": null,
      "fcf": 3083000,
      "ocf": 3490000,
      "capex": -407000,
      "gross_margin": 0.4189663058393048,
      "op_margin": -0.04547187071199878,
      "fcf_margin": 0.11751029120292728,
      "incr_op_margin_yoy": 0.41625371655104065,
      "rev_growth_yoy": -0.1333245243128964,
      "rev_growth_yoy_accel": 0.03910347133300987,
      "fcf_margin_change": 0.1583919122480748
    }
  ],
  "signals": [
    {
      "quarter": "2025-09 (Q3)",
      "signal": "FCF TURNED POSITIVE",
      "detail": "FCF margin: -4.1% -> +11.8%",
      "severity": "HIGH"
    },
    {
      "quarter": "2025-06 (Q2)",
      "signal": "YoY REVENUE GROWTH DECELERATION",
      "detail": "YoY growth: -17.2% vs prior quarter YoY: -10.7% (decel: -6.6%)",
      "severity": "WARNING"
    },
    {
      "quarter": "2025-03 (Q1)",
      "signal": "FCF MARGIN EXPANSION",
      "detail": "FCF margin: +6.6% -> +19.9% (+13.3%)",
      "severity": "MEDIUM"
    },
    {
      "quarter": "2025-03 (Q1)",
      "signal": "YoY REVENUE GROWTH DECELERATION",
      "detail": "YoY growth: -10.7% vs prior quarter YoY: +31.3% (decel: -42.0%)",
      "severity": "WARNING"
    },
    {
      "quarter": "2024-12 (Q4)",
      "signal": "YoY REVENUE GROWTH ACCELERATION",
      "detail": "YoY growth: +31.3% vs prior quarter YoY: -7.3% (accel: +38.6%)",
      "severity": "HIGH"
    },
    {
      "quarter": "2024-12 (Q4)",
      "signal": "INCREMENTAL MARGIN (YoY)",
      "detail": "YoY Incr OPM: +20.5% vs year-ago OPM: +1.1%",
      "severity": "MEDIUM"
    },
    {
      "quarter": "2024-09 (Q3)",
      "signal": "FCF TURNED POSITIVE",
      "detail": "FCF margin: -15.9% -> +12.4%",
      "severity": "HIGH"
    },
    {
      "quarter": "2024-09 (Q3)",
      "signal": "GROSS MARGIN INFLECTION",
      "detail": "GM: +43.8% -> +40.6% -> +46.3% (reversal +5.7%)",
      "severity": "HIGH"
    },
    {
      "quarter": "2024-09 (Q3)",
      "signal": "YoY REVENUE GROWTH DECELERATION",
      "detail": "YoY growth: -7.3% vs prior quarter YoY: +4.4% (decel: -11.7%)",
      "severity": "WARNING"
    },
    {
      "quarter": "2024-09 (Q3)",
      "signal": "INCREMENTAL MARGIN (YoY)",
      "detail": "YoY Incr OPM: +116.9% vs year-ago OPM: +10.1%",
      "severity": "HIGH"
    },
    {
      "quarter": "2024-06 (Q2)",
      "signal": "OPERATING LEVERAGE",
      "detail": "Rev growth +14.0% vs OpEx growth +7.0% (leverage: 2.0x)",
      "severity": "MEDIUM"
    },
    {
      "quarter": "2024-06 (Q2)",
      "signal": "YoY REVENUE GROWTH ACCELERATION",
      "detail": "YoY growth: +4.4% vs prior quarter YoY: -6.6% (accel: +11.0%)",
      "severity": "MEDIUM"
    },
    {
      "quarter": "2024-03 (Q1)",
      "signal": "YoY REVENUE GROWTH ACCELERATION",
      "detail": "YoY growth: -6.6% vs prior quarter YoY: -14.0% (accel: +7.4%)",
      "severity": "MEDIUM"
    },
    {
      "quarter": "2024-03 (Q1)",
      "signal": "INCREMENTAL MARGIN (YoY)",
      "detail": "YoY Incr OPM: +144.4% vs year-ago OPM: +11.0%",
      "severity": "HIGH"
    },
    {
      "quarter": "2023-12 (Q4)",
      "signal": "YoY REVENUE GROWTH DECELERATION",
      "detail": "YoY growth: -14.0% vs prior quarter YoY: +6.1% (decel: -20.1%)",
      "severity": "WARNING"
    },
    {
      "quarter": "2023-12 (Q4)",
      "signal": "INCREMENTAL MARGIN (YoY)",
      "detail": "YoY Incr OPM: +82.7% vs year-ago OPM: +12.4%",
      "severity": "HIGH"
    },
    {
      "quarter": "2023-09 (Q3)",
      "signal": "FCF MARGIN EXPANSION",
      "detail": "FCF margin: +7.6% -> +18.1% (+10.5%)",
      "severity": "MEDIUM"
    },
    {
      "quarter": "2023-06 (Q2)",
      "signal": "OPERATING LEVERAGE",
      "detail": "Rev growth +2.0% vs OpEx growth +1.3% (leverage: 1.5x)",
      "severity": "MEDIUM"
    },
    {
      "quarter": "2023-06 (Q2)",
      "signal": "YoY REVENUE GROWTH DECELERATION",
      "detail": "YoY growth: +10.1% vs prior quarter YoY: +32.5% (decel: -22.4%)",
      "severity": "WARNING"
    },
    {
      "quarter": "2023-06 (Q2)",
      "signal": "INCREMENTAL MARGIN (YoY)",
      "detail": "YoY Incr OPM: +20.6% vs year-ago OPM: +9.2%",
      "severity": "MEDIUM"
    },
    {
      "quarter": "2023-03 (Q1)",
      "signal": "YoY REVENUE GROWTH DECELERATION",
      "detail": "YoY growth: +32.5% vs prior quarter YoY: +44.9% (decel: -12.4%)",
      "severity": "WARNING"
    },
    {
      "quarter": "2023-03 (Q1)",
      "signal": "INCREMENTAL MARGIN (YoY)",
      "detail": "YoY Incr OPM: +34.7% vs year-ago OPM: +3.3%",
      "severity": "HIGH"
    },
    {
      "quarter": "2022-12 (Q4)",
      "signal": "OPERATING LEVERAGE",
      "detail": "Rev growth +5.3% vs OpEx growth +2.0% (leverage: 2.7x)",
      "severity": "MEDIUM"
    },
    {
      "quarter": "2022-12 (Q4)",
      "signal": "INCREMENTAL MARGIN (YoY)",
      "detail": "YoY Incr OPM: +37.2% vs year-ago OPM: +1.3%",
      "severity": "HIGH"
    },
    {
      "quarter": "2022-09 (Q3)",
      "signal": "FCF TURNED POSITIVE",
      "detail": "FCF margin: -9.0% -> +3.5%",
      "severity": "HIGH"
    },
    {
      "quarter": "2022-09 (Q3)",
      "signal": "YoY REVENUE GROWTH ACCELERATION",
      "detail": "YoY growth: +45.5% vs prior quarter YoY: +35.5% (accel: +10.0%)",
      "severity": "MEDIUM"
    },
    {
      "quarter": "2022-06 (Q2)",
      "signal": "OPERATING LEVERAGE",
      "detail": "Rev growth +22.8% vs OpEx growth +6.0% (leverage: 3.8x)",
      "severity": "MEDIUM"
    },
    {
      "quarter": "2022-06 (Q2)",
      "signal": "YoY REVENUE GROWTH ACCELERATION",
      "detail": "YoY growth: +35.5% vs prior quarter YoY: +23.1% (accel: +12.4%)",
      "severity": "MEDIUM"
    },
    {
      "quarter": "2022-03 (Q1)",
      "signal": "OPERATING LEVERAGE",
      "detail": "Rev growth +7.7% vs OpEx growth +1.6% (leverage: 4.8x)",
      "severity": "MEDIUM"
    },
    {
      "quarter": "2022-03 (Q1)",
      "signal": "YoY REVENUE GROWTH DECELERATION",
      "detail": "YoY growth: +23.1% vs prior quarter YoY: +50.3% (decel: -27.2%)",
      "severity": "WARNING"
    },
    {
      "quarter": "2021-12 (Q4)",
      "signal": "OP MARGIN TURNED POSITIVE (YoY)",
      "detail": "Op margin: -3.3% (year-ago) -> +1.3%",
      "severity": "HIGH"
    },
    {
      "quarter": "2021-06 (Q2)",
      "signal": "FCF TURNED POSITIVE",
      "detail": "FCF margin: -3.7% -> +18.9%",
      "severity": "HIGH"
    },
    {
      "quarter": "2021-03 (Q1)",
      "signal": "OP MARGIN TURNED POSITIVE (QoQ)",
      "detail": "Op margin: -3.3% -> +13.2%",
      "severity": "HIGH"
    }
  ],
  "data_quality": {
    "n_quarters": 20,
    "coverage": {
      "revenue": [
        20,
        20
      ],
      "gross_profit": [
        20,
        20
      ],
      "op_income": [
        20,
        20
      ],
      "fcf": [
        20,
        20
      ]
    },
    "gaps": [],
    "warnings": []
  },
  "market_cap": null,
  "source": "SEC EDGAR",
  "last_updated": "2026-02-02T23:17:08.914539"
}