{
  "ticker": "INTU",
  "name": "INTUIT INC.",
  "quarters": [
    {
      "date": "2021-01-31T00:00:00",
      "quarter_label": "2021-01 (Q1)",
      "revenue": 1576000000,
      "gross_profit": null,
      "operating_income": -25000000,
      "net_income": 20000000,
      "opex": 1601000000,
      "cogs": null,
      "rd": 368000000,
      "sga": null,
      "fcf": 246000000,
      "ocf": 279000000,
      "capex": -33000000,
      "gross_margin": null,
      "op_margin": -0.015862944162436547,
      "fcf_margin": 0.15609137055837563
    },
    {
      "date": "2021-04-30T00:00:00",
      "quarter_label": "2021-04 (Q2)",
      "revenue": 4173000000,
      "gross_profit": null,
      "operating_income": 1914000000,
      "net_income": 1464000000,
      "opex": 2259000000,
      "cogs": null,
      "rd": 464000000,
      "sga": null,
      "fcf": 2354000000,
      "ocf": 2384000000,
      "capex": -30000000,
      "gross_margin": null,
      "op_margin": 0.4586628324946082,
      "fcf_margin": 0.5641025641025641,
      "op_leverage_ratio": 4.009416513662383,
      "fcf_margin_change": 0.40801119354418847
    },
    {
      "date": "2021-07-31T00:00:00",
      "quarter_label": "2021-07 (Q3)",
      "revenue": 2561000000,
      "gross_profit": null,
      "operating_income": 402000000,
      "net_income": 380000000,
      "opex": 2159000000,
      "cogs": null,
      "rd": 521000000,
      "sga": null,
      "fcf": 590000000,
      "ocf": 542000000,
      "capex": 48000000,
      "gross_margin": null,
      "op_margin": 0.1569699336196798,
      "fcf_margin": 0.23037875829754004,
      "fcf_margin_change": -0.33372380580502403
    },
    {
      "date": "2021-10-31T00:00:00",
      "quarter_label": "2021-10 (Q4)",
      "revenue": 2007000000,
      "gross_profit": null,
      "operating_income": 195000000,
      "net_income": 228000000,
      "opex": 1812000000,
      "cogs": null,
      "rd": 530000000,
      "sga": null,
      "fcf": 103000000,
      "ocf": 145000000,
      "capex": -42000000,
      "gross_margin": null,
      "op_margin": 0.09715994020926756,
      "fcf_margin": 0.05132037867463876,
      "fcf_margin_change": -0.17905837962290128
    },
    {
      "date": "2022-01-31T00:00:00",
      "quarter_label": "2022-01 (Q1)",
      "revenue": 2673000000,
      "gross_profit": null,
      "operating_income": 56000000,
      "net_income": 100000000,
      "opex": 2617000000,
      "cogs": null,
      "rd": 590000000,
      "sga": null,
      "fcf": 20000000,
      "ocf": 85000000,
      "capex": -65000000,
      "gross_margin": null,
      "op_margin": 0.020950243172465393,
      "fcf_margin": 0.0074822297044519264,
      "incr_op_margin_yoy": 0.07383773928896992,
      "rev_growth_yoy": 0.6960659898477157,
      "op_leverage_ratio": 0.7469459376653762,
      "fcf_margin_change": -0.043838148970186834
    },
    {
      "date": "2022-04-30T00:00:00",
      "quarter_label": "2022-04 (Q2)",
      "revenue": 5632000000,
      "gross_profit": null,
      "operating_income": 2395000000,
      "net_income": 1794000000,
      "opex": 3237000000,
      "cogs": null,
      "rd": 600000000,
      "sga": null,
      "fcf": 3259000000,
      "ocf": 3320000000,
      "capex": -61000000,
      "gross_margin": null,
      "op_margin": 0.42524857954545453,
      "fcf_margin": 0.5786576704545454,
      "incr_op_margin_yoy": 0.3296778615490062,
      "rev_growth_yoy": 0.3496285645818356,
      "rev_growth_yoy_accel": -0.3464374252658801,
      "op_leverage_ratio": 4.672593920084959,
      "fcf_margin_change": 0.5711754407500935
    },
    {
      "date": "2022-07-31T00:00:00",
      "quarter_label": "2022-07 (Q3)",
      "revenue": 2414000000,
      "gross_profit": null,
      "operating_income": -75000000,
      "net_income": -56000000,
      "opex": 2489000000,
      "cogs": null,
      "rd": 627000000,
      "sga": null,
      "fcf": 350000000,
      "ocf": 339000000,
      "capex": 11000000,
      "gross_margin": null,
      "op_margin": -0.03106876553438277,
      "fcf_margin": 0.14498757249378624,
      "incr_op_margin_yoy": 3.2448979591836733,
      "rev_growth_yoy": -0.05739945333853963,
      "rev_growth_yoy_accel": -0.40702801792037524,
      "fcf_margin_change": -0.43367009796075917
    },
    {
      "date": "2022-10-31T00:00:00",
      "quarter_label": "2022-10 (Q4)",
      "revenue": 2597000000,
      "gross_profit": null,
      "operating_income": 76000000,
      "net_income": 40000000,
      "opex": 2521000000,
      "cogs": null,
      "rd": 625000000,
      "sga": null,
      "fcf": 251000000,
      "ocf": 328000000,
      "capex": -77000000,
      "gross_margin": null,
      "op_margin": 0.029264536003080478,
      "fcf_margin": 0.09664998074701579,
      "incr_op_margin_yoy": -0.2016949152542373,
      "rev_growth_yoy": 0.293971101145989,
      "rev_growth_yoy_accel": 0.35137055448452864,
      "op_leverage_ratio": 5.896424502899752,
      "fcf_margin_change": -0.04833759174677045
    },
    {
      "date": "2023-01-31T00:00:00",
      "quarter_label": "2023-01 (Q1)",
      "revenue": 3041000000,
      "gross_profit": null,
      "operating_income": 270000000,
      "net_income": 168000000,
      "opex": 2771000000,
      "cogs": null,
      "rd": 630000000,
      "sga": null,
      "fcf": 229000000,
      "ocf": 284000000,
      "capex": -55000000,
      "gross_margin": null,
      "op_margin": 0.0887865833607366,
      "fcf_margin": 0.07530417625780993,
      "incr_op_margin_yoy": 0.5815217391304348,
      "rev_growth_yoy": 0.13767302656191546,
      "rev_growth_yoy_accel": -0.15629807458407355,
      "op_leverage_ratio": 1.7240261840585291,
      "fcf_margin_change": -0.021345804489205866
    },
    {
      "date": "2023-04-30T00:00:00",
      "quarter_label": "2023-04 (Q2)",
      "revenue": 6018000000,
      "gross_profit": null,
      "operating_income": 2778000000,
      "net_income": 2087000000,
      "opex": 3240000000,
      "cogs": null,
      "rd": 604000000,
      "sga": null,
      "fcf": 3504000000,
      "ocf": 3592000000,
      "capex": -88000000,
      "gross_margin": null,
      "op_margin": 0.46161515453639085,
      "fcf_margin": 0.5822532402791625,
      "incr_op_margin_yoy": 0.9922279792746114,
      "rev_growth_yoy": 0.06853693181818182,
      "rev_growth_yoy_accel": -0.06913609474373364,
      "op_leverage_ratio": 5.783970877047095,
      "fcf_margin_change": 0.5069490640213525
    },
    {
      "date": "2023-07-31T00:00:00",
      "quarter_label": "2023-07 (Q3)",
      "revenue": 2712000000,
      "gross_profit": null,
      "operating_income": 17000000,
      "net_income": 89000000,
      "opex": 2695000000,
      "cogs": null,
      "rd": 680000000,
      "sga": null,
      "fcf": 852000000,
      "ocf": 842000000,
      "capex": 10000000,
      "gross_margin": null,
      "op_margin": 0.006268436578171091,
      "fcf_margin": 0.3141592920353982,
      "incr_op_margin_yoy": 0.3087248322147651,
      "rev_growth_yoy": 0.12344656172328086,
      "rev_growth_yoy_accel": 0.05490962990509904,
      "fcf_margin_change": -0.26809394824376426
    },
    {
      "date": "2023-10-31T00:00:00",
      "quarter_label": "2023-10 (Q4)",
      "revenue": 2978000000,
      "gross_profit": null,
      "operating_income": 307000000,
      "net_income": 241000000,
      "opex": 2671000000,
      "cogs": null,
      "rd": 680000000,
      "sga": null,
      "fcf": -181000000,
      "ocf": -97000000,
      "capex": -84000000,
      "gross_margin": null,
      "op_margin": 0.10308932169241102,
      "fcf_margin": -0.060779046339825386,
      "incr_op_margin_yoy": 0.6062992125984252,
      "rev_growth_yoy": 0.14670773969965345,
      "rev_growth_yoy_accel": 0.023261177976372588,
      "op_leverage_ratio": Infinity,
      "fcf_margin_change": -0.3749383383752236
    },
    {
      "date": "2024-01-31T00:00:00",
      "quarter_label": "2024-01 (Q1)",
      "revenue": 3386000000,
      "gross_profit": null,
      "operating_income": 369000000,
      "net_income": 353000000,
      "opex": 3017000000,
      "cogs": null,
      "rd": 678000000,
      "sga": null,
      "fcf": 550000000,
      "ocf": 613000000,
      "capex": -63000000,
      "gross_margin": null,
      "op_margin": 0.10897814530419374,
      "fcf_margin": 0.16243354991139988,
      "incr_op_margin_yoy": 0.28695652173913044,
      "rev_growth_yoy": 0.11344952318316344,
      "rev_growth_yoy_accel": -0.03325821651649001,
      "op_leverage_ratio": 1.0576287767326484,
      "fcf_margin_change": 0.22321259625122528
    },
    {
      "date": "2024-04-30T00:00:00",
      "quarter_label": "2024-04 (Q2)",
      "revenue": 6737000000,
      "gross_profit": null,
      "operating_income": 3105000000,
      "net_income": 2389000000,
      "opex": 3632000000,
      "cogs": null,
      "rd": 671000000,
      "sga": null,
      "fcf": 3890000000,
      "ocf": 3951000000,
      "capex": -61000000,
      "gross_margin": null,
      "op_margin": 0.4608876354460442,
      "fcf_margin": 0.5774083419919845,
      "incr_op_margin_yoy": 0.45479833101529904,
      "rev_growth_yoy": 0.1194749086075108,
      "rev_growth_yoy_accel": 0.006025385424347357,
      "op_leverage_ratio": 4.854982496074222,
      "fcf_margin_change": 0.41497479208058463
    },
    {
      "date": "2024-07-31T00:00:00",
      "quarter_label": "2024-07 (Q3)",
      "revenue": 3184000000,
      "gross_profit": null,
      "operating_income": -151000000,
      "net_income": -20000000,
      "opex": 3335000000,
      "cogs": null,
      "rd": 725000000,
      "sga": null,
      "fcf": 434000000,
      "ocf": 417000000,
      "capex": 17000000,
      "gross_margin": null,
      "op_margin": -0.04742462311557789,
      "fcf_margin": 0.13630653266331658,
      "incr_op_margin_yoy": -0.3559322033898305,
      "rev_growth_yoy": 0.17404129793510326,
      "rev_growth_yoy_accel": 0.05456638932759246,
      "fcf_margin_change": -0.44110180932866794
    },
    {
      "date": "2024-10-31T00:00:00",
      "quarter_label": "2024-10 (Q4)",
      "revenue": 3283000000,
      "gross_profit": null,
      "operating_income": 271000000,
      "net_income": 197000000,
      "opex": 3012000000,
      "cogs": null,
      "rd": 704000000,
      "sga": null,
      "fcf": 329000000,
      "ocf": 362000000,
      "capex": -33000000,
      "gross_margin": null,
      "op_margin": 0.08254645141638745,
      "fcf_margin": 0.10021321961620469,
      "incr_op_margin_yoy": -0.1180327868852459,
      "rev_growth_yoy": 0.10241773002014776,
      "rev_growth_yoy_accel": -0.0716235679149555,
      "op_leverage_ratio": Infinity,
      "fcf_margin_change": -0.036093313047111886
    },
    {
      "date": "2025-01-31T00:00:00",
      "quarter_label": "2025-01 (Q1)",
      "revenue": 3963000000,
      "gross_profit": null,
      "operating_income": 593000000,
      "net_income": 471000000,
      "opex": 3370000000,
      "cogs": null,
      "rd": 716000000,
      "sga": null,
      "fcf": 1038000000,
      "ocf": 1069000000,
      "capex": -31000000,
      "gross_margin": null,
      "op_margin": 0.14963411556901338,
      "fcf_margin": 0.2619227857683573,
      "incr_op_margin_yoy": 0.3882149046793761,
      "rev_growth_yoy": 0.17040756054341405,
      "rev_growth_yoy_accel": 0.06798983052326629,
      "op_leverage_ratio": 1.7426491984269734,
      "fcf_margin_change": 0.16170956615215262
    },
    {
      "date": "2025-04-30T00:00:00",
      "quarter_label": "2025-04 (Q2)",
      "revenue": 7754000000,
      "gross_profit": null,
      "operating_income": 3720000000,
      "net_income": 2820000000,
      "opex": 4034000000,
      "cogs": null,
      "rd": 707000000,
      "sga": null,
      "fcf": 4360000000,
      "ocf": 4395000000,
      "capex": -35000000,
      "gross_margin": null,
      "op_margin": 0.4797523858653598,
      "fcf_margin": 0.5622904307454217,
      "incr_op_margin_yoy": 0.6047197640117994,
      "rev_growth_yoy": 0.1509573994359507,
      "rev_growth_yoy_accel": -0.019450161107463337,
      "op_leverage_ratio": 4.855025704635347,
      "fcf_margin_change": 0.3003676449770644
    },
    {
      "date": "2025-07-31T00:00:00",
      "quarter_label": "2025-07 (Q3)",
      "revenue": 3831000000,
      "gross_profit": null,
      "operating_income": 339000000,
      "net_income": 381000000,
      "opex": 3492000000,
      "cogs": null,
      "rd": 801000000,
      "sga": null,
      "fcf": 396000000,
      "ocf": 381000000,
      "capex": 15000000,
      "gross_margin": null,
      "op_margin": 0.08848864526233359,
      "fcf_margin": 0.1033672670321065,
      "incr_op_margin_yoy": 0.7573415765069552,
      "rev_growth_yoy": 0.2032035175879397,
      "rev_growth_yoy_accel": 0.052246118151988985,
      "fcf_margin_change": -0.4589231637133152
    },
    {
      "date": "2025-10-31T00:00:00",
      "quarter_label": "2025-10 (Q4)",
      "revenue": 3885000000,
      "gross_profit": null,
      "operating_income": 534000000,
      "net_income": 446000000,
      "opex": 3351000000,
      "cogs": null,
      "rd": 843000000,
      "sga": null,
      "fcf": 599000000,
      "ocf": 637000000,
      "capex": -38000000,
      "gross_margin": null,
      "op_margin": 0.13745173745173744,
      "fcf_margin": 0.15418275418275418,
      "incr_op_margin_yoy": 0.4368770764119601,
      "rev_growth_yoy": 0.18336886993603413,
      "rev_growth_yoy_accel": -0.019834647651905568,
      "op_leverage_ratio": Infinity,
      "fcf_margin_change": 0.05081548715064768
    }
  ],
  "signals": [
    {
      "quarter": "2025-10 (Q4)",
      "signal": "FCF MARGIN EXPANSION",
      "detail": "FCF margin: +10.3% -> +15.4% (+5.1%)",
      "severity": "MEDIUM"
    },
    {
      "quarter": "2025-10 (Q4)",
      "signal": "INCREMENTAL MARGIN (YoY)",
      "detail": "YoY Incr OPM: +43.7% vs year-ago OPM: +8.3%",
      "severity": "HIGH"
    },
    {
      "quarter": "2025-07 (Q3)",
      "signal": "YoY REVENUE GROWTH ACCELERATION",
      "detail": "YoY growth: +20.3% vs prior quarter YoY: +15.1% (accel: +5.2%)",
      "severity": "MEDIUM"
    },
    {
      "quarter": "2025-07 (Q3)",
      "signal": "OP MARGIN TURNED POSITIVE (YoY)",
      "detail": "Op margin: -4.7% (year-ago) -> +8.8%",
      "severity": "HIGH"
    },
    {
      "quarter": "2025-04 (Q2)",
      "signal": "FCF MARGIN EXPANSION",
      "detail": "FCF margin: +26.2% -> +56.2% (+30.0%)",
      "severity": "MEDIUM"
    },
    {
      "quarter": "2025-04 (Q2)",
      "signal": "OPERATING LEVERAGE",
      "detail": "Rev growth +95.7% vs OpEx growth +19.7% (leverage: 4.9x)",
      "severity": "MEDIUM"
    },
    {
      "quarter": "2025-04 (Q2)",
      "signal": "INCREMENTAL MARGIN (YoY)",
      "detail": "YoY Incr OPM: +60.5% vs year-ago OPM: +46.1%",
      "severity": "MEDIUM"
    },
    {
      "quarter": "2025-01 (Q1)",
      "signal": "FCF MARGIN EXPANSION",
      "detail": "FCF margin: +10.0% -> +26.2% (+16.2%)",
      "severity": "MEDIUM"
    },
    {
      "quarter": "2025-01 (Q1)",
      "signal": "OPERATING LEVERAGE",
      "detail": "Rev growth +20.7% vs OpEx growth +11.9% (leverage: 1.7x)",
      "severity": "MEDIUM"
    },
    {
      "quarter": "2025-01 (Q1)",
      "signal": "YoY REVENUE GROWTH ACCELERATION",
      "detail": "YoY growth: +17.0% vs prior quarter YoY: +10.2% (accel: +6.8%)",
      "severity": "MEDIUM"
    },
    {
      "quarter": "2025-01 (Q1)",
      "signal": "INCREMENTAL MARGIN (YoY)",
      "detail": "YoY Incr OPM: +38.8% vs year-ago OPM: +10.9%",
      "severity": "HIGH"
    },
    {
      "quarter": "2024-10 (Q4)",
      "signal": "YoY REVENUE GROWTH DECELERATION",
      "detail": "YoY growth: +10.2% vs prior quarter YoY: +17.4% (decel: -7.2%)",
      "severity": "WARNING"
    },
    {
      "quarter": "2024-10 (Q4)",
      "signal": "OP MARGIN TURNED POSITIVE (QoQ)",
      "detail": "Op margin: -4.7% -> +8.3%",
      "severity": "HIGH"
    },
    {
      "quarter": "2024-07 (Q3)",
      "signal": "YoY REVENUE GROWTH ACCELERATION",
      "detail": "YoY growth: +17.4% vs prior quarter YoY: +11.9% (accel: +5.5%)",
      "severity": "MEDIUM"
    },
    {
      "quarter": "2024-04 (Q2)",
      "signal": "FCF MARGIN EXPANSION",
      "detail": "FCF margin: +16.2% -> +57.7% (+41.5%)",
      "severity": "MEDIUM"
    },
    {
      "quarter": "2024-04 (Q2)",
      "signal": "OPERATING LEVERAGE",
      "detail": "Rev growth +99.0% vs OpEx growth +20.4% (leverage: 4.9x)",
      "severity": "MEDIUM"
    },
    {
      "quarter": "2024-01 (Q1)",
      "signal": "FCF TURNED POSITIVE",
      "detail": "FCF margin: -6.1% -> +16.2%",
      "severity": "HIGH"
    },
    {
      "quarter": "2024-01 (Q1)",
      "signal": "INCREMENTAL MARGIN (YoY)",
      "detail": "YoY Incr OPM: +28.7% vs year-ago OPM: +8.9%",
      "severity": "MEDIUM"
    },
    {
      "quarter": "2023-10 (Q4)",
      "signal": "INCREMENTAL MARGIN (YoY)",
      "detail": "YoY Incr OPM: +60.6% vs year-ago OPM: +2.9%",
      "severity": "HIGH"
    },
    {
      "quarter": "2023-07 (Q3)",
      "signal": "YoY REVENUE GROWTH ACCELERATION",
      "detail": "YoY growth: +12.3% vs prior quarter YoY: +6.9% (accel: +5.5%)",
      "severity": "MEDIUM"
    },
    {
      "quarter": "2023-07 (Q3)",
      "signal": "OP MARGIN TURNED POSITIVE (YoY)",
      "detail": "Op margin: -3.1% (year-ago) -> +0.6%",
      "severity": "HIGH"
    },
    {
      "quarter": "2023-04 (Q2)",
      "signal": "FCF MARGIN EXPANSION",
      "detail": "FCF margin: +7.5% -> +58.2% (+50.7%)",
      "severity": "MEDIUM"
    },
    {
      "quarter": "2023-04 (Q2)",
      "signal": "OPERATING LEVERAGE",
      "detail": "Rev growth +97.9% vs OpEx growth +16.9% (leverage: 5.8x)",
      "severity": "MEDIUM"
    },
    {
      "quarter": "2023-04 (Q2)",
      "signal": "YoY REVENUE GROWTH DECELERATION",
      "detail": "YoY growth: +6.9% vs prior quarter YoY: +13.8% (decel: -6.9%)",
      "severity": "WARNING"
    },
    {
      "quarter": "2023-04 (Q2)",
      "signal": "INCREMENTAL MARGIN (YoY)",
      "detail": "YoY Incr OPM: +99.2% vs year-ago OPM: +42.5%",
      "severity": "HIGH"
    },
    {
      "quarter": "2023-01 (Q1)",
      "signal": "OPERATING LEVERAGE",
      "detail": "Rev growth +17.1% vs OpEx growth +9.9% (leverage: 1.7x)",
      "severity": "MEDIUM"
    },
    {
      "quarter": "2023-01 (Q1)",
      "signal": "YoY REVENUE GROWTH DECELERATION",
      "detail": "YoY growth: +13.8% vs prior quarter YoY: +29.4% (decel: -15.6%)",
      "severity": "WARNING"
    },
    {
      "quarter": "2023-01 (Q1)",
      "signal": "INCREMENTAL MARGIN (YoY)",
      "detail": "YoY Incr OPM: +58.2% vs year-ago OPM: +2.1%",
      "severity": "HIGH"
    },
    {
      "quarter": "2022-10 (Q4)",
      "signal": "OPERATING LEVERAGE",
      "detail": "Rev growth +7.6% vs OpEx growth +1.3% (leverage: 5.9x)",
      "severity": "MEDIUM"
    },
    {
      "quarter": "2022-10 (Q4)",
      "signal": "YoY REVENUE GROWTH ACCELERATION",
      "detail": "YoY growth: +29.4% vs prior quarter YoY: -5.7% (accel: +35.1%)",
      "severity": "HIGH"
    },
    {
      "quarter": "2022-10 (Q4)",
      "signal": "OP MARGIN TURNED POSITIVE (QoQ)",
      "detail": "Op margin: -3.1% -> +2.9%",
      "severity": "HIGH"
    },
    {
      "quarter": "2022-07 (Q3)",
      "signal": "YoY REVENUE GROWTH DECELERATION",
      "detail": "YoY growth: -5.7% vs prior quarter YoY: +35.0% (decel: -40.7%)",
      "severity": "WARNING"
    },
    {
      "quarter": "2022-04 (Q2)",
      "signal": "FCF MARGIN EXPANSION",
      "detail": "FCF margin: +0.7% -> +57.9% (+57.1%)",
      "severity": "MEDIUM"
    },
    {
      "quarter": "2022-04 (Q2)",
      "signal": "OPERATING LEVERAGE",
      "detail": "Rev growth +110.7% vs OpEx growth +23.7% (leverage: 4.7x)",
      "severity": "MEDIUM"
    },
    {
      "quarter": "2022-04 (Q2)",
      "signal": "YoY REVENUE GROWTH DECELERATION",
      "detail": "YoY growth: +35.0% vs prior quarter YoY: +69.6% (decel: -34.6%)",
      "severity": "WARNING"
    },
    {
      "quarter": "2022-01 (Q1)",
      "signal": "OP MARGIN TURNED POSITIVE (YoY)",
      "detail": "Op margin: -1.6% (year-ago) -> +2.1%",
      "severity": "HIGH"
    },
    {
      "quarter": "2021-04 (Q2)",
      "signal": "FCF MARGIN EXPANSION",
      "detail": "FCF margin: +15.6% -> +56.4% (+40.8%)",
      "severity": "MEDIUM"
    },
    {
      "quarter": "2021-04 (Q2)",
      "signal": "OPERATING LEVERAGE",
      "detail": "Rev growth +164.8% vs OpEx growth +41.1% (leverage: 4.0x)",
      "severity": "MEDIUM"
    },
    {
      "quarter": "2021-04 (Q2)",
      "signal": "OP MARGIN TURNED POSITIVE (QoQ)",
      "detail": "Op margin: -1.6% -> +45.9%",
      "severity": "HIGH"
    }
  ],
  "data_quality": {
    "n_quarters": 20,
    "coverage": {
      "revenue": [
        20,
        20
      ],
      "gross_profit": [
        0,
        20
      ],
      "op_income": [
        20,
        20
      ],
      "fcf": [
        20,
        20
      ]
    },
    "gaps": [],
    "warnings": [
      "gross_profit: no data"
    ]
  },
  "market_cap": null,
  "source": "SEC EDGAR",
  "last_updated": "2026-02-02T19:46:48.844641"
}