{
  "ticker": "INUV",
  "name": "INUVO, INC.",
  "quarters": [
    {
      "date": "2020-12-31T00:00:00",
      "quarter_label": "2020-12 (Q4)",
      "revenue": 12902487,
      "gross_profit": 10760925,
      "operating_income": -1846795,
      "net_income": -714965,
      "opex": 12607720,
      "cogs": 2141562,
      "rd": null,
      "sga": 1920769,
      "fcf": -1263704,
      "ocf": -1263704,
      "capex": null,
      "gross_margin": 0.8340194413681641,
      "op_margin": -0.14313480804127143,
      "fcf_margin": -0.09794266795231028
    },
    {
      "date": "2021-03-31T00:00:00",
      "quarter_label": "2021-03 (Q1)",
      "revenue": 10617809,
      "gross_profit": 9173750,
      "operating_income": -2594879,
      "net_income": -2147268,
      "opex": 11768629,
      "cogs": 1444059,
      "rd": null,
      "sga": 1724978,
      "fcf": -2442647,
      "ocf": -2442647,
      "capex": null,
      "gross_margin": 0.8639965175489595,
      "op_margin": -0.24438930856639068,
      "fcf_margin": -0.2300518873526544,
      "fcf_margin_change": -0.1321092194003441
    },
    {
      "date": "2021-06-30T00:00:00",
      "quarter_label": "2021-06 (Q2)",
      "revenue": 12635583,
      "gross_profit": 10371563,
      "operating_income": -2398684,
      "net_income": -2382127,
      "opex": 12770247,
      "cogs": 2264020,
      "rd": null,
      "sga": 1676890,
      "fcf": 890212,
      "ocf": 890212,
      "capex": null,
      "gross_margin": 0.8208218805574701,
      "op_margin": -0.18983564114137036,
      "fcf_margin": 0.07045278401479378,
      "op_leverage_ratio": 2.2328593354992368,
      "fcf_margin_change": 0.3005046713674482
    },
    {
      "date": "2021-09-30T00:00:00",
      "quarter_label": "2021-09 (Q3)",
      "revenue": 16841035,
      "gross_profit": 13083097,
      "operating_income": -1744927,
      "net_income": -1830268,
      "opex": 14828024,
      "cogs": 3757938,
      "rd": null,
      "sga": 1824869,
      "fcf": -3119528,
      "ocf": -3119528,
      "capex": null,
      "gross_margin": 0.7768582512891874,
      "op_margin": -0.10361162481997098,
      "fcf_margin": -0.18523374602570447,
      "op_leverage_ratio": 2.0654675875682504,
      "fcf_margin_change": -0.25568653004049824
    },
    {
      "date": "2021-12-31T00:00:00",
      "quarter_label": "2021-12 (Q4)",
      "revenue": 19736261,
      "gross_profit": 11276441,
      "operating_income": -1032151,
      "net_income": -1240986,
      "opex": 12308592,
      "cogs": 8459820,
      "rd": null,
      "sga": 1971476,
      "fcf": -604294,
      "ocf": -604294,
      "capex": null,
      "gross_margin": 0.5713564995922986,
      "op_margin": -0.05229719043541226,
      "fcf_margin": -0.030618464155900655,
      "incr_op_margin_yoy": 0.11920850762697156,
      "rev_growth_yoy": 0.5296478113095561,
      "op_leverage_ratio": Infinity,
      "fcf_margin_change": 0.1546152818698038
    },
    {
      "date": "2022-03-31T00:00:00",
      "quarter_label": "2022-03 (Q1)",
      "revenue": 18609367,
      "gross_profit": 9947861,
      "operating_income": -2105966,
      "net_income": -2089263,
      "opex": 12053827,
      "cogs": 8661506,
      "rd": null,
      "sga": null,
      "fcf": -3580762,
      "ocf": -3580762,
      "capex": null,
      "gross_margin": 0.5345620299712505,
      "op_margin": -0.1131669873564211,
      "fcf_margin": -0.1924171843136846,
      "incr_op_margin_yoy": 0.061178683806086376,
      "rev_growth_yoy": 0.7526560328971824,
      "rev_growth_yoy_accel": 0.22300822158762634,
      "fcf_margin_change": -0.16179872015778393
    },
    {
      "date": "2022-06-30T00:00:00",
      "quarter_label": "2022-06 (Q2)",
      "revenue": 22651305,
      "gross_profit": 13377716,
      "operating_income": -2837820,
      "net_income": -3229927,
      "opex": 16215536,
      "cogs": 9273589,
      "rd": null,
      "sga": null,
      "fcf": 1011778,
      "ocf": 1011778,
      "capex": null,
      "gross_margin": 0.5905936103902182,
      "op_margin": -0.12528284794187355,
      "fcf_margin": 0.04466753681520778,
      "incr_op_margin_yoy": -0.043844667413891876,
      "rev_growth_yoy": 0.7926600616687018,
      "rev_growth_yoy_accel": 0.04000402877151943,
      "op_leverage_ratio": 0.6290878407979449,
      "fcf_margin_change": 0.23708472112889237
    },
    {
      "date": "2022-09-30T00:00:00",
      "quarter_label": "2022-09 (Q3)",
      "revenue": 17072189,
      "gross_profit": 10290142,
      "operating_income": -3773552,
      "net_income": -3810562,
      "opex": 14063694,
      "cogs": 6782047,
      "rd": null,
      "sga": null,
      "fcf": -251360,
      "ocf": -251360,
      "capex": null,
      "gross_margin": 0.6027429757250228,
      "op_margin": -0.22103504125920817,
      "fcf_margin": -0.014723360899999408,
      "rev_growth_yoy": 0.013725640971591117,
      "rev_growth_yoy_accel": -0.7789344206971107,
      "fcf_margin_change": -0.05939089771520718
    },
    {
      "date": "2022-12-31T00:00:00",
      "quarter_label": "2022-12 (Q4)",
      "revenue": 17270886,
      "gross_profit": 11743642,
      "operating_income": -3932532,
      "net_income": -3976783,
      "opex": 15676174,
      "cogs": 5527244,
      "rd": null,
      "sga": null,
      "fcf": -2753647,
      "ocf": -2753647,
      "capex": null,
      "gross_margin": 0.6799675476984794,
      "op_margin": -0.2276971777823095,
      "fcf_margin": -0.15943866458269715,
      "incr_op_margin_yoy": 1.1764461795872838,
      "rev_growth_yoy": -0.12491601119381224,
      "rev_growth_yoy_accel": -0.13864165216540336,
      "op_leverage_ratio": 0.10150961291967388,
      "fcf_margin_change": -0.14471530368269775
    },
    {
      "date": "2023-03-31T00:00:00",
      "quarter_label": "2023-03 (Q1)",
      "revenue": 11847440,
      "gross_profit": 8656877,
      "operating_income": -3435403,
      "net_income": -3440105,
      "opex": 12092280,
      "cogs": 3190563,
      "rd": null,
      "sga": null,
      "fcf": -3230999,
      "ocf": -3230999,
      "capex": null,
      "gross_margin": 0.7306959984604269,
      "op_margin": -0.2899700694833652,
      "fcf_margin": -0.27271705955041764,
      "incr_op_margin_yoy": 0.19660623369640046,
      "rev_growth_yoy": -0.3633614727464937,
      "rev_growth_yoy_accel": -0.23844546155268148,
      "fcf_margin_change": -0.11327839496772049
    },
    {
      "date": "2023-06-30T00:00:00",
      "quarter_label": "2023-06 (Q2)",
      "revenue": 16651405,
      "gross_profit": 14282865,
      "operating_income": -3339052,
      "net_income": -3377238,
      "opex": 17621917,
      "cogs": 2368540,
      "rd": null,
      "sga": null,
      "fcf": 397146,
      "ocf": 397146,
      "capex": null,
      "gross_margin": 0.8577573484039335,
      "op_margin": -0.20052674233795886,
      "fcf_margin": 0.023850599994414887,
      "incr_op_margin_yoy": 0.08354005900098335,
      "rev_growth_yoy": -0.26488098588580217,
      "rev_growth_yoy_accel": 0.09848048686069155,
      "op_leverage_ratio": 0.8867207860280159,
      "fcf_margin_change": 0.29656765954483255
    },
    {
      "date": "2023-09-30T00:00:00",
      "quarter_label": "2023-09 (Q3)",
      "revenue": 24570588,
      "gross_profit": 22295962,
      "operating_income": -1191082,
      "net_income": -1170980,
      "opex": 23487044,
      "cogs": 2274626,
      "rd": null,
      "sga": null,
      "fcf": 2376137,
      "ocf": 2376137,
      "capex": null,
      "gross_margin": 0.9074248446964314,
      "op_margin": -0.04847592576946062,
      "fcf_margin": 0.09670655826388852,
      "incr_op_margin_yoy": 0.34440285186211084,
      "rev_growth_yoy": 0.4392171970448546,
      "rev_growth_yoy_accel": 0.7040981829306567,
      "op_leverage_ratio": 1.4289111524053362,
      "fcf_margin_change": 0.07285595826947364
    },
    {
      "date": "2023-12-31T00:00:00",
      "quarter_label": "2023-12 (Q4)",
      "revenue": 20842095,
      "gross_profit": 18198552,
      "operating_income": -2426978,
      "net_income": -2401330,
      "opex": 20625530,
      "cogs": 2643543,
      "rd": null,
      "sga": null,
      "fcf": -2096359,
      "ocf": -2096359,
      "capex": null,
      "gross_margin": 0.8731632784516143,
      "op_margin": -0.11644597148223343,
      "fcf_margin": -0.10058293084260483,
      "incr_op_margin_yoy": 0.42158103880226555,
      "rev_growth_yoy": 0.20677624761115324,
      "rev_growth_yoy_accel": -0.2324409494337014,
      "fcf_margin_change": -0.19728948910649335
    },
    {
      "date": "2024-03-31T00:00:00",
      "quarter_label": "2024-03 (Q1)",
      "revenue": 17023777,
      "gross_profit": 14924735,
      "operating_income": -2091278,
      "net_income": -2111658,
      "opex": 17016013,
      "cogs": 2099042,
      "rd": null,
      "sga": null,
      "fcf": -1355592,
      "ocf": -1355592,
      "capex": null,
      "gross_margin": 0.8766993952047186,
      "op_margin": -0.12284453679110106,
      "fcf_margin": -0.07962933255058499,
      "incr_op_margin_yoy": 0.25966721254817837,
      "rev_growth_yoy": 0.4369160763844341,
      "rev_growth_yoy_accel": 0.23013982877328085,
      "fcf_margin_change": 0.020953598292019843
    },
    {
      "date": "2024-06-30T00:00:00",
      "quarter_label": "2024-06 (Q2)",
      "revenue": 18209005,
      "gross_profit": 15302817,
      "operating_income": -1699387,
      "net_income": -1747191,
      "opex": 17002204,
      "cogs": 2906188,
      "rd": null,
      "sga": null,
      "fcf": 195422,
      "ocf": 195422,
      "capex": null,
      "gross_margin": 0.8403983084193782,
      "op_margin": -0.09332673586502942,
      "fcf_margin": 0.010732162465768998,
      "incr_op_margin_yoy": 1.0526868258859785,
      "rev_growth_yoy": 0.09354165609448573,
      "rev_growth_yoy_accel": -0.34337442028994836,
      "op_leverage_ratio": Infinity,
      "fcf_margin_change": 0.09036149501635399
    },
    {
      "date": "2024-09-30T00:00:00",
      "quarter_label": "2024-09 (Q3)",
      "revenue": 22371153,
      "gross_profit": 19776511,
      "operating_income": -1943262,
      "net_income": -2044293,
      "opex": 21719773,
      "cogs": 2594642,
      "rd": null,
      "sga": null,
      "fcf": 1059825,
      "ocf": 1059825,
      "capex": null,
      "gross_margin": 0.8840184053097307,
      "op_margin": -0.08686463321760841,
      "fcf_margin": 0.04737462570659635,
      "incr_op_margin_yoy": 0.3419878286923687,
      "rev_growth_yoy": -0.08951495177893179,
      "rev_growth_yoy_accel": -0.18305660787341752,
      "op_leverage_ratio": 0.823793319317271,
      "fcf_margin_change": 0.03664246324082735
    },
    {
      "date": "2024-12-31T00:00:00",
      "quarter_label": "2024-12 (Q4)",
      "revenue": 26189924,
      "gross_profit": 21756019,
      "operating_income": 220117,
      "net_income": 141341,
      "opex": 21535902,
      "cogs": 4433905,
      "rd": null,
      "sga": null,
      "fcf": 329899,
      "ocf": 329899,
      "capex": null,
      "gross_margin": 0.8307018760344628,
      "op_margin": 0.008404644473195111,
      "fcf_margin": 0.012596409214475001,
      "incr_op_margin_yoy": 0.4949849742764774,
      "rev_growth_yoy": 0.2565878814005982,
      "rev_growth_yoy_accel": 0.34610283317952995,
      "op_leverage_ratio": Infinity,
      "fcf_margin_change": -0.034778216492121344
    },
    {
      "date": "2025-03-31T00:00:00",
      "quarter_label": "2025-03 (Q1)",
      "revenue": 26708032,
      "gross_profit": 21087091,
      "operating_income": -1769787,
      "net_income": -1259821,
      "opex": 22856878,
      "cogs": 5620941,
      "rd": null,
      "sga": null,
      "fcf": -366912,
      "ocf": -366912,
      "capex": null,
      "gross_margin": 0.789541176227436,
      "op_margin": -0.06626422343660514,
      "fcf_margin": -0.013737889785364941,
      "incr_op_margin_yoy": 0.03319728776245565,
      "rev_growth_yoy": 0.5688664154846483,
      "rev_growth_yoy_accel": 0.31227853408405015,
      "op_leverage_ratio": 0.32251817902047064,
      "fcf_margin_change": -0.026334298999839943
    },
    {
      "date": "2025-06-30T00:00:00",
      "quarter_label": "2025-06 (Q2)",
      "revenue": 22671333,
      "gross_profit": 17094788,
      "operating_income": -2043557,
      "net_income": -1501263,
      "opex": 19138345,
      "cogs": 5576545,
      "rd": null,
      "sga": null,
      "fcf": 143655,
      "ocf": 143655,
      "capex": null,
      "gross_margin": 0.7540265938487164,
      "op_margin": -0.09013836989646794,
      "fcf_margin": 0.0063364161251568225,
      "incr_op_margin_yoy": -0.07712790274493493,
      "rev_growth_yoy": 0.2450616055078243,
      "rev_growth_yoy_accel": -0.32380480997682404,
      "fcf_margin_change": 0.020074305910521763
    },
    {
      "date": "2025-09-30T00:00:00",
      "quarter_label": "2025-09 (Q3)",
      "revenue": 22570572,
      "gross_profit": 16568149,
      "operating_income": -1669703,
      "net_income": -1740564,
      "opex": 18237852,
      "cogs": 6002423,
      "rd": null,
      "sga": null,
      "fcf": -1584051,
      "ocf": -1584051,
      "capex": null,
      "gross_margin": 0.7340597748253788,
      "op_margin": -0.0739769909242885,
      "fcf_margin": -0.07018213805126428,
      "rev_growth_yoy": 0.008914113635537695,
      "rev_growth_yoy_accel": -0.2361474918722866,
      "fcf_margin_change": -0.0765185541764211
    }
  ],
  "signals": [
    {
      "quarter": "2025-09 (Q3)",
      "signal": "YoY REVENUE GROWTH DECELERATION",
      "detail": "YoY growth: +0.9% vs prior quarter YoY: +24.5% (decel: -23.6%)",
      "severity": "WARNING"
    },
    {
      "quarter": "2025-06 (Q2)",
      "signal": "FCF TURNED POSITIVE",
      "detail": "FCF margin: -1.4% -> +0.6%",
      "severity": "HIGH"
    },
    {
      "quarter": "2025-06 (Q2)",
      "signal": "YoY REVENUE GROWTH DECELERATION",
      "detail": "YoY growth: +24.5% vs prior quarter YoY: +56.9% (decel: -32.4%)",
      "severity": "WARNING"
    },
    {
      "quarter": "2025-03 (Q1)",
      "signal": "YoY REVENUE GROWTH ACCELERATION",
      "detail": "YoY growth: +56.9% vs prior quarter YoY: +25.7% (accel: +31.2%)",
      "severity": "HIGH"
    },
    {
      "quarter": "2024-12 (Q4)",
      "signal": "YoY REVENUE GROWTH ACCELERATION",
      "detail": "YoY growth: +25.7% vs prior quarter YoY: -9.0% (accel: +34.6%)",
      "severity": "HIGH"
    },
    {
      "quarter": "2024-12 (Q4)",
      "signal": "OP MARGIN TURNED POSITIVE (YoY)",
      "detail": "Op margin: -11.6% (year-ago) -> +0.8%",
      "severity": "HIGH"
    },
    {
      "quarter": "2024-12 (Q4)",
      "signal": "OP MARGIN TURNED POSITIVE (QoQ)",
      "detail": "Op margin: -8.7% -> +0.8%",
      "severity": "HIGH"
    },
    {
      "quarter": "2024-09 (Q3)",
      "signal": "GROSS MARGIN INFLECTION",
      "detail": "GM: +87.7% -> +84.0% -> +88.4% (reversal +4.4%)",
      "severity": "MEDIUM"
    },
    {
      "quarter": "2024-09 (Q3)",
      "signal": "YoY REVENUE GROWTH DECELERATION",
      "detail": "YoY growth: -9.0% vs prior quarter YoY: +9.4% (decel: -18.3%)",
      "severity": "WARNING"
    },
    {
      "quarter": "2024-06 (Q2)",
      "signal": "FCF TURNED POSITIVE",
      "detail": "FCF margin: -8.0% -> +1.1%",
      "severity": "HIGH"
    },
    {
      "quarter": "2024-06 (Q2)",
      "signal": "YoY REVENUE GROWTH DECELERATION",
      "detail": "YoY growth: +9.4% vs prior quarter YoY: +43.7% (decel: -34.3%)",
      "severity": "WARNING"
    },
    {
      "quarter": "2024-03 (Q1)",
      "signal": "YoY REVENUE GROWTH ACCELERATION",
      "detail": "YoY growth: +43.7% vs prior quarter YoY: +20.7% (accel: +23.0%)",
      "severity": "HIGH"
    },
    {
      "quarter": "2023-12 (Q4)",
      "signal": "YoY REVENUE GROWTH DECELERATION",
      "detail": "YoY growth: +20.7% vs prior quarter YoY: +43.9% (decel: -23.2%)",
      "severity": "WARNING"
    },
    {
      "quarter": "2023-09 (Q3)",
      "signal": "FCF MARGIN EXPANSION",
      "detail": "FCF margin: +2.4% -> +9.7% (+7.3%)",
      "severity": "MEDIUM"
    },
    {
      "quarter": "2023-09 (Q3)",
      "signal": "YoY REVENUE GROWTH ACCELERATION",
      "detail": "YoY growth: +43.9% vs prior quarter YoY: -26.5% (accel: +70.4%)",
      "severity": "HIGH"
    },
    {
      "quarter": "2023-06 (Q2)",
      "signal": "FCF TURNED POSITIVE",
      "detail": "FCF margin: -27.3% -> +2.4%",
      "severity": "HIGH"
    },
    {
      "quarter": "2023-06 (Q2)",
      "signal": "YoY REVENUE GROWTH ACCELERATION",
      "detail": "YoY growth: -26.5% vs prior quarter YoY: -36.3% (accel: +9.8%)",
      "severity": "MEDIUM"
    },
    {
      "quarter": "2023-03 (Q1)",
      "signal": "YoY REVENUE GROWTH DECELERATION",
      "detail": "YoY growth: -36.3% vs prior quarter YoY: -12.5% (decel: -23.8%)",
      "severity": "WARNING"
    },
    {
      "quarter": "2022-12 (Q4)",
      "signal": "YoY REVENUE GROWTH DECELERATION",
      "detail": "YoY growth: -12.5% vs prior quarter YoY: +1.4% (decel: -13.9%)",
      "severity": "WARNING"
    },
    {
      "quarter": "2022-09 (Q3)",
      "signal": "YoY REVENUE GROWTH DECELERATION",
      "detail": "YoY growth: +1.4% vs prior quarter YoY: +79.3% (decel: -77.9%)",
      "severity": "WARNING"
    },
    {
      "quarter": "2022-06 (Q2)",
      "signal": "FCF TURNED POSITIVE",
      "detail": "FCF margin: -19.2% -> +4.5%",
      "severity": "HIGH"
    },
    {
      "quarter": "2022-06 (Q2)",
      "signal": "GROSS MARGIN INFLECTION",
      "detail": "GM: +57.1% -> +53.5% -> +59.1% (reversal +5.6%)",
      "severity": "HIGH"
    },
    {
      "quarter": "2022-03 (Q1)",
      "signal": "YoY REVENUE GROWTH ACCELERATION",
      "detail": "YoY growth: +75.3% vs prior quarter YoY: +53.0% (accel: +22.3%)",
      "severity": "HIGH"
    },
    {
      "quarter": "2021-12 (Q4)",
      "signal": "FCF MARGIN EXPANSION",
      "detail": "FCF margin: -18.5% -> -3.1% (+15.5%)",
      "severity": "MEDIUM"
    },
    {
      "quarter": "2021-09 (Q3)",
      "signal": "OPERATING LEVERAGE",
      "detail": "Rev growth +33.3% vs OpEx growth +16.1% (leverage: 2.1x)",
      "severity": "MEDIUM"
    },
    {
      "quarter": "2021-06 (Q2)",
      "signal": "FCF TURNED POSITIVE",
      "detail": "FCF margin: -23.0% -> +7.0%",
      "severity": "HIGH"
    },
    {
      "quarter": "2021-06 (Q2)",
      "signal": "OPERATING LEVERAGE",
      "detail": "Rev growth +19.0% vs OpEx growth +8.5% (leverage: 2.2x)",
      "severity": "MEDIUM"
    }
  ],
  "data_quality": {
    "n_quarters": 20,
    "coverage": {
      "revenue": [
        20,
        20
      ],
      "gross_profit": [
        20,
        20
      ],
      "op_income": [
        20,
        20
      ],
      "fcf": [
        20,
        20
      ]
    },
    "gaps": [],
    "warnings": []
  },
  "market_cap": null,
  "source": "SEC EDGAR",
  "last_updated": "2026-02-02T23:39:56.329250"
}