{
  "ticker": "INVX",
  "name": "INNOVEX INTERNATIONAL, INC.",
  "quarters": [
    {
      "date": "2020-12-31T00:00:00",
      "quarter_label": "2020-12 (Q4)",
      "revenue": 87234000,
      "gross_profit": 23098000,
      "operating_income": -11628000,
      "net_income": -11254000,
      "opex": 98862000,
      "cogs": 64136000,
      "rd": null,
      "sga": 26225000,
      "fcf": -18486000,
      "ocf": -16786000,
      "capex": -1700000,
      "gross_margin": 0.26478208038150264,
      "op_margin": -0.13329665038860994,
      "fcf_margin": -0.21191278629892016
    },
    {
      "date": "2021-03-31T00:00:00",
      "quarter_label": "2021-03 (Q1)",
      "revenue": 81239000,
      "gross_profit": 24452000,
      "operating_income": -31582000,
      "net_income": -34358000,
      "opex": 112821000,
      "cogs": 56787000,
      "rd": null,
      "sga": 29558000,
      "fcf": 10559000,
      "ocf": 13072000,
      "capex": -2513000,
      "gross_margin": 0.30098844151208165,
      "op_margin": -0.38875416979529537,
      "fcf_margin": 0.1299745196272726,
      "fcf_margin_change": 0.34188730592619276
    },
    {
      "date": "2021-06-30T00:00:00",
      "quarter_label": "2021-06 (Q2)",
      "revenue": 80797000,
      "gross_profit": 19258000,
      "operating_income": -14664000,
      "net_income": -19067000,
      "opex": 95461000,
      "cogs": 61539000,
      "rd": null,
      "sga": 29593000,
      "fcf": 8231000,
      "ocf": 11343000,
      "capex": -3112000,
      "gross_margin": 0.23835043380323526,
      "op_margin": -0.18149188707501515,
      "fcf_margin": 0.10187259427949058,
      "fcf_margin_change": -0.028101925347782025
    },
    {
      "date": "2021-09-30T00:00:00",
      "quarter_label": "2021-09 (Q3)",
      "revenue": 82997000,
      "gross_profit": 20163000,
      "operating_income": -6936000,
      "net_income": -11143000,
      "opex": 89933000,
      "cogs": 62834000,
      "rd": null,
      "sga": 25265000,
      "fcf": 7020000,
      "ocf": 9323000,
      "capex": -2303000,
      "gross_margin": 0.2429364916804222,
      "op_margin": -0.08356928563683025,
      "fcf_margin": 0.08458137041097871,
      "op_leverage_ratio": Infinity,
      "fcf_margin_change": -0.017291223868511868
    },
    {
      "date": "2021-12-31T00:00:00",
      "quarter_label": "2021-12 (Q4)",
      "revenue": 77912000,
      "gross_profit": 16715000,
      "operating_income": -71656000,
      "net_income": -63428000,
      "opex": 149568000,
      "cogs": 61197000,
      "rd": null,
      "sga": 30620000,
      "fcf": 2628000,
      "ocf": 4690000,
      "capex": -2062000,
      "gross_margin": 0.214536913440805,
      "op_margin": -0.9197042817537735,
      "fcf_margin": 0.03373036246021152,
      "incr_op_margin_yoy": 6.439390688693414,
      "rev_growth_yoy": -0.10686200334731871,
      "fcf_margin_change": -0.05085100795076719
    },
    {
      "date": "2022-03-31T00:00:00",
      "quarter_label": "2022-03 (Q1)",
      "revenue": 83137000,
      "gross_profit": 19142000,
      "operating_income": -5591000,
      "net_income": -8938000,
      "opex": 88728000,
      "cogs": 63995000,
      "rd": null,
      "sga": 22393000,
      "fcf": -12994000,
      "ocf": -10928000,
      "capex": -2066000,
      "gross_margin": 0.23024646066131807,
      "op_margin": -0.06725044204144966,
      "fcf_margin": -0.15629623392713232,
      "incr_op_margin_yoy": 13.693888303477344,
      "rev_growth_yoy": 0.02336316301283866,
      "rev_growth_yoy_accel": 0.13022516636015738,
      "op_leverage_ratio": Infinity,
      "fcf_margin_change": -0.19002659638734384
    },
    {
      "date": "2022-06-30T00:00:00",
      "quarter_label": "2022-06 (Q2)",
      "revenue": 93978000,
      "gross_profit": 24315000,
      "operating_income": -3869000,
      "net_income": -5570000,
      "opex": 97847000,
      "cogs": 69663000,
      "rd": null,
      "sga": 22498000,
      "fcf": -10644000,
      "ocf": -9281000,
      "capex": -1363000,
      "gross_margin": 0.2587307667752027,
      "op_margin": -0.0411692098150631,
      "fcf_margin": -0.1132605503415693,
      "incr_op_margin_yoy": 0.8189818678400729,
      "rev_growth_yoy": 0.16313724519474734,
      "rev_growth_yoy_accel": 0.13977408218190868,
      "op_leverage_ratio": 1.2687862750489478,
      "fcf_margin_change": 0.04303568358556302
    },
    {
      "date": "2022-09-30T00:00:00",
      "quarter_label": "2022-09 (Q3)",
      "revenue": 88141000,
      "gross_profit": 22431000,
      "operating_income": 14352000,
      "net_income": 15210000,
      "opex": 73789000,
      "cogs": 65710000,
      "rd": null,
      "sga": 22431000,
      "fcf": -9241000,
      "ocf": 1042000,
      "capex": -10283000,
      "gross_margin": 0.25448996494253523,
      "op_margin": 0.16283001100509412,
      "fcf_margin": -0.10484337595443664,
      "incr_op_margin_yoy": 4.138413685847589,
      "rev_growth_yoy": 0.0619781437883297,
      "rev_growth_yoy_accel": -0.10115910140641765,
      "fcf_margin_change": 0.008417174387132659
    },
    {
      "date": "2022-12-31T00:00:00",
      "quarter_label": "2022-12 (Q4)",
      "revenue": 96814000,
      "gross_profit": 30247000,
      "operating_income": -2371000,
      "net_income": -259000,
      "opex": 99185000,
      "cogs": 66567000,
      "rd": null,
      "sga": 26884000,
      "fcf": 8202000,
      "ocf": 13356000,
      "capex": -5154000,
      "gross_margin": 0.3124238230008057,
      "op_margin": -0.024490259673187763,
      "fcf_margin": 0.08471915218873304,
      "incr_op_margin_yoy": 3.66548513384827,
      "rev_growth_yoy": 0.2426070438443372,
      "rev_growth_yoy_accel": 0.1806289000560075,
      "op_leverage_ratio": 0.28590231983591186,
      "fcf_margin_change": 0.18956252814316968
    },
    {
      "date": "2023-03-31T00:00:00",
      "quarter_label": "2023-03 (Q1)",
      "revenue": 90865000,
      "gross_profit": 25363000,
      "operating_income": 3188000,
      "net_income": 2311000,
      "opex": 87677000,
      "cogs": 65502000,
      "rd": null,
      "sga": 22585000,
      "fcf": -58344000,
      "ocf": -52920000,
      "capex": -5424000,
      "gross_margin": 0.2791283772629725,
      "op_margin": 0.03508501623287295,
      "fcf_margin": -0.6420954162768943,
      "incr_op_margin_yoy": 1.1359989648033126,
      "rev_growth_yoy": 0.09295500198467589,
      "rev_growth_yoy_accel": -0.1496520418596613,
      "fcf_margin_change": -0.7268145684656273
    },
    {
      "date": "2023-06-30T00:00:00",
      "quarter_label": "2023-06 (Q2)",
      "revenue": 89607000,
      "gross_profit": 23896000,
      "operating_income": 3606000,
      "net_income": 3483000,
      "opex": 86001000,
      "cogs": 65711000,
      "rd": null,
      "sga": 23248000,
      "fcf": 1095000,
      "ocf": 11282000,
      "capex": -10187000,
      "gross_margin": 0.2666755945406051,
      "op_margin": 0.0402423917774281,
      "fcf_margin": 0.012220027453212361,
      "incr_op_margin_yoy": -1.710134980553649,
      "rev_growth_yoy": -0.046510885526399794,
      "rev_growth_yoy_accel": -0.1394658875110757,
      "fcf_margin_change": 0.6543154437301066
    },
    {
      "date": "2023-09-30T00:00:00",
      "quarter_label": "2023-09 (Q3)",
      "revenue": 117244000,
      "gross_profit": 31641000,
      "operating_income": -6071000,
      "net_income": -7034000,
      "opex": 123315000,
      "cogs": 85603000,
      "rd": null,
      "sga": 26993000,
      "fcf": 90687000,
      "ocf": 96117000,
      "capex": -5430000,
      "gross_margin": 0.2698730851898605,
      "op_margin": -0.051780901368087065,
      "fcf_margin": 0.7734894749411484,
      "incr_op_margin_yoy": -0.7017489605882555,
      "rev_growth_yoy": 0.3301868596907228,
      "rev_growth_yoy_accel": 0.3766977452171226,
      "op_leverage_ratio": 0.7108543983075312,
      "fcf_margin_change": 0.761269447487936
    },
    {
      "date": "2023-12-31T00:00:00",
      "quarter_label": "2023-12 (Q4)",
      "revenue": 126344000,
      "gross_profit": 34657000,
      "operating_income": 4557000,
      "net_income": 1844000,
      "opex": 121787000,
      "cogs": 91687000,
      "rd": null,
      "sga": 29825000,
      "fcf": 9800000,
      "ocf": 21385000,
      "capex": -11585000,
      "gross_margin": 0.27430665484708416,
      "op_margin": 0.036068194769834735,
      "fcf_margin": 0.07756601025770911,
      "incr_op_margin_yoy": 0.23460887233322045,
      "rev_growth_yoy": 0.30501786931642116,
      "rev_growth_yoy_accel": -0.025168990374301647,
      "op_leverage_ratio": Infinity,
      "fcf_margin_change": -0.6959234646834392
    },
    {
      "date": "2024-03-31T00:00:00",
      "quarter_label": "2024-03 (Q1)",
      "revenue": 110297000,
      "gross_profit": 31878000,
      "operating_income": -18802000,
      "net_income": -19984000,
      "opex": 129099000,
      "cogs": 78419000,
      "rd": null,
      "sga": 29991000,
      "fcf": 7848000,
      "ocf": 12605000,
      "capex": -4757000,
      "gross_margin": 0.2890196469532263,
      "op_margin": -0.1704670117954251,
      "fcf_margin": 0.07115334052603425,
      "incr_op_margin_yoy": -1.1316385343762865,
      "rev_growth_yoy": 0.21385572002421174,
      "rev_growth_yoy_accel": -0.09116214929220942,
      "fcf_margin_change": -0.006412669731674855
    },
    {
      "date": "2024-06-30T00:00:00",
      "quarter_label": "2024-06 (Q2)",
      "revenue": 120342000,
      "gross_profit": 37113000,
      "operating_income": -4666000,
      "net_income": -1812000,
      "opex": 125008000,
      "cogs": 83229000,
      "rd": null,
      "sga": 29771000,
      "fcf": 16611000,
      "ocf": 22767000,
      "capex": -6156000,
      "gross_margin": 0.3083960711970883,
      "op_margin": -0.038772830765651224,
      "fcf_margin": 0.1380316099117515,
      "incr_op_margin_yoy": -0.2691394176020823,
      "rev_growth_yoy": 0.342997756871673,
      "rev_growth_yoy_accel": 0.12914203684746126,
      "op_leverage_ratio": Infinity,
      "fcf_margin_change": 0.06687826938571725
    },
    {
      "date": "2024-09-30T00:00:00",
      "quarter_label": "2024-09 (Q3)",
      "revenue": 151817000,
      "gross_profit": 52679000,
      "operating_income": -13218000,
      "net_income": 82586000,
      "opex": 65897000,
      "cogs": 99138000,
      "rd": null,
      "sga": 37984000,
      "fcf": 21722000,
      "ocf": 21722000,
      "capex": null,
      "gross_margin": 0.346990126270444,
      "op_margin": -0.08706534841289183,
      "fcf_margin": 0.143080155713787,
      "incr_op_margin_yoy": -0.2067220085037457,
      "rev_growth_yoy": 0.29488076148886083,
      "rev_growth_yoy_accel": -0.04811699538281217,
      "op_leverage_ratio": Infinity,
      "fcf_margin_change": 0.005048545802035481
    },
    {
      "date": "2024-12-31T00:00:00",
      "quarter_label": "2024-12 (Q4)",
      "revenue": 250687000,
      "gross_profit": 84870000,
      "operating_income": 26912000,
      "net_income": 31788000,
      "opex": 57958000,
      "cogs": 165817000,
      "rd": null,
      "sga": 38278000,
      "fcf": 36345000,
      "ocf": 36345000,
      "capex": null,
      "gross_margin": 0.3385496655191534,
      "op_margin": 0.1073529939725634,
      "fcf_margin": 0.14498159058906127,
      "incr_op_margin_yoy": 0.17978494969560008,
      "rev_growth_yoy": 0.9841622870892167,
      "rev_growth_yoy_accel": 0.6892815256003559,
      "op_leverage_ratio": Infinity,
      "fcf_margin_change": 0.0019014348752742771
    },
    {
      "date": "2025-03-31T00:00:00",
      "quarter_label": "2025-03 (Q1)",
      "revenue": 240415000,
      "gross_profit": 76504000,
      "operating_income": 21850000,
      "net_income": 14757000,
      "opex": 54654000,
      "cogs": 163911000,
      "rd": null,
      "sga": 32349000,
      "fcf": 31090000,
      "ocf": 31090000,
      "capex": null,
      "gross_margin": 0.318216417444835,
      "op_margin": 0.09088451219765821,
      "fcf_margin": 0.12931805419794937,
      "incr_op_margin_yoy": 0.31242410734871423,
      "rev_growth_yoy": 1.1797057036909435,
      "rev_growth_yoy_accel": 0.1955434166017268,
      "fcf_margin_change": -0.0156635363911119
    },
    {
      "date": "2025-06-30T00:00:00",
      "quarter_label": "2025-06 (Q2)",
      "revenue": 224234000,
      "gross_profit": 71719000,
      "operating_income": 22695000,
      "net_income": 15345000,
      "opex": 49024000,
      "cogs": 152515000,
      "rd": null,
      "sga": 28835000,
      "fcf": 59210000,
      "ocf": 59210000,
      "capex": null,
      "gross_margin": 0.3198399885833549,
      "op_margin": 0.10121123469233033,
      "fcf_margin": 0.26405451448040884,
      "incr_op_margin_yoy": 0.26336002772109496,
      "rev_growth_yoy": 0.8633062438716325,
      "rev_growth_yoy_accel": -0.31639945981931106,
      "fcf_margin_change": 0.13473646028245947
    },
    {
      "date": "2025-09-30T00:00:00",
      "quarter_label": "2025-09 (Q3)",
      "revenue": 240000000,
      "gross_profit": 75943000,
      "operating_income": 62284000,
      "net_income": 39228000,
      "opex": 13659000,
      "cogs": 164057000,
      "rd": null,
      "sga": 35574000,
      "fcf": 48374000,
      "ocf": 48374000,
      "capex": null,
      "gross_margin": 0.31642916666666665,
      "op_margin": 0.2595166666666667,
      "fcf_margin": 0.20155833333333334,
      "incr_op_margin_yoy": 0.8561967726205731,
      "rev_growth_yoy": 0.5808506293761568,
      "rev_growth_yoy_accel": -0.2824556144954756,
      "op_leverage_ratio": Infinity,
      "fcf_margin_change": -0.0624961811470755
    }
  ],
  "signals": [
    {
      "quarter": "2025-09 (Q3)",
      "signal": "YoY REVENUE GROWTH DECELERATION",
      "detail": "YoY growth: +58.1% vs prior quarter YoY: +86.3% (decel: -28.2%)",
      "severity": "WARNING"
    },
    {
      "quarter": "2025-09 (Q3)",
      "signal": "OP MARGIN TURNED POSITIVE (YoY)",
      "detail": "Op margin: -8.7% (year-ago) -> +26.0%",
      "severity": "HIGH"
    },
    {
      "quarter": "2025-06 (Q2)",
      "signal": "FCF MARGIN EXPANSION",
      "detail": "FCF margin: +12.9% -> +26.4% (+13.5%)",
      "severity": "MEDIUM"
    },
    {
      "quarter": "2025-06 (Q2)",
      "signal": "YoY REVENUE GROWTH DECELERATION",
      "detail": "YoY growth: +86.3% vs prior quarter YoY: +118.0% (decel: -31.6%)",
      "severity": "WARNING"
    },
    {
      "quarter": "2025-06 (Q2)",
      "signal": "OP MARGIN TURNED POSITIVE (YoY)",
      "detail": "Op margin: -3.9% (year-ago) -> +10.1%",
      "severity": "HIGH"
    },
    {
      "quarter": "2025-03 (Q1)",
      "signal": "YoY REVENUE GROWTH ACCELERATION",
      "detail": "YoY growth: +118.0% vs prior quarter YoY: +98.4% (accel: +19.6%)",
      "severity": "HIGH"
    },
    {
      "quarter": "2025-03 (Q1)",
      "signal": "OP MARGIN TURNED POSITIVE (YoY)",
      "detail": "Op margin: -17.0% (year-ago) -> +9.1%",
      "severity": "HIGH"
    },
    {
      "quarter": "2024-12 (Q4)",
      "signal": "YoY REVENUE GROWTH ACCELERATION",
      "detail": "YoY growth: +98.4% vs prior quarter YoY: +29.5% (accel: +68.9%)",
      "severity": "HIGH"
    },
    {
      "quarter": "2024-12 (Q4)",
      "signal": "INCREMENTAL MARGIN (YoY)",
      "detail": "YoY Incr OPM: +18.0% vs year-ago OPM: +3.6%",
      "severity": "MEDIUM"
    },
    {
      "quarter": "2024-12 (Q4)",
      "signal": "OP MARGIN TURNED POSITIVE (QoQ)",
      "detail": "Op margin: -8.7% -> +10.7%",
      "severity": "HIGH"
    },
    {
      "quarter": "2024-06 (Q2)",
      "signal": "FCF MARGIN EXPANSION",
      "detail": "FCF margin: +7.1% -> +13.8% (+6.7%)",
      "severity": "MEDIUM"
    },
    {
      "quarter": "2024-06 (Q2)",
      "signal": "YoY REVENUE GROWTH ACCELERATION",
      "detail": "YoY growth: +34.3% vs prior quarter YoY: +21.4% (accel: +12.9%)",
      "severity": "MEDIUM"
    },
    {
      "quarter": "2024-03 (Q1)",
      "signal": "YoY REVENUE GROWTH DECELERATION",
      "detail": "YoY growth: +21.4% vs prior quarter YoY: +30.5% (decel: -9.1%)",
      "severity": "WARNING"
    },
    {
      "quarter": "2023-12 (Q4)",
      "signal": "OP MARGIN TURNED POSITIVE (YoY)",
      "detail": "Op margin: -2.4% (year-ago) -> +3.6%",
      "severity": "HIGH"
    },
    {
      "quarter": "2023-12 (Q4)",
      "signal": "OP MARGIN TURNED POSITIVE (QoQ)",
      "detail": "Op margin: -5.2% -> +3.6%",
      "severity": "HIGH"
    },
    {
      "quarter": "2023-09 (Q3)",
      "signal": "FCF MARGIN EXPANSION",
      "detail": "FCF margin: +1.2% -> +77.3% (+76.1%)",
      "severity": "MEDIUM"
    },
    {
      "quarter": "2023-09 (Q3)",
      "signal": "YoY REVENUE GROWTH ACCELERATION",
      "detail": "YoY growth: +33.0% vs prior quarter YoY: -4.7% (accel: +37.7%)",
      "severity": "HIGH"
    },
    {
      "quarter": "2023-06 (Q2)",
      "signal": "FCF TURNED POSITIVE",
      "detail": "FCF margin: -64.2% -> +1.2%",
      "severity": "HIGH"
    },
    {
      "quarter": "2023-06 (Q2)",
      "signal": "YoY REVENUE GROWTH DECELERATION",
      "detail": "YoY growth: -4.7% vs prior quarter YoY: +9.3% (decel: -13.9%)",
      "severity": "WARNING"
    },
    {
      "quarter": "2023-06 (Q2)",
      "signal": "OP MARGIN TURNED POSITIVE (YoY)",
      "detail": "Op margin: -4.1% (year-ago) -> +4.0%",
      "severity": "HIGH"
    },
    {
      "quarter": "2023-03 (Q1)",
      "signal": "YoY REVENUE GROWTH DECELERATION",
      "detail": "YoY growth: +9.3% vs prior quarter YoY: +24.3% (decel: -15.0%)",
      "severity": "WARNING"
    },
    {
      "quarter": "2023-03 (Q1)",
      "signal": "OP MARGIN TURNED POSITIVE (YoY)",
      "detail": "Op margin: -6.7% (year-ago) -> +3.5%",
      "severity": "HIGH"
    },
    {
      "quarter": "2023-03 (Q1)",
      "signal": "OP MARGIN TURNED POSITIVE (QoQ)",
      "detail": "Op margin: -2.4% -> +3.5%",
      "severity": "HIGH"
    },
    {
      "quarter": "2022-12 (Q4)",
      "signal": "FCF TURNED POSITIVE",
      "detail": "FCF margin: -10.5% -> +8.5%",
      "severity": "HIGH"
    },
    {
      "quarter": "2022-12 (Q4)",
      "signal": "GROSS MARGIN INFLECTION",
      "detail": "GM: +25.9% -> +25.4% -> +31.2% (reversal +5.8%)",
      "severity": "HIGH"
    },
    {
      "quarter": "2022-12 (Q4)",
      "signal": "YoY REVENUE GROWTH ACCELERATION",
      "detail": "YoY growth: +24.3% vs prior quarter YoY: +6.2% (accel: +18.1%)",
      "severity": "HIGH"
    },
    {
      "quarter": "2022-09 (Q3)",
      "signal": "YoY REVENUE GROWTH DECELERATION",
      "detail": "YoY growth: +6.2% vs prior quarter YoY: +16.3% (decel: -10.1%)",
      "severity": "WARNING"
    },
    {
      "quarter": "2022-09 (Q3)",
      "signal": "OP MARGIN TURNED POSITIVE (YoY)",
      "detail": "Op margin: -8.4% (year-ago) -> +16.3%",
      "severity": "HIGH"
    },
    {
      "quarter": "2022-09 (Q3)",
      "signal": "OP MARGIN TURNED POSITIVE (QoQ)",
      "detail": "Op margin: -4.1% -> +16.3%",
      "severity": "HIGH"
    },
    {
      "quarter": "2022-06 (Q2)",
      "signal": "YoY REVENUE GROWTH ACCELERATION",
      "detail": "YoY growth: +16.3% vs prior quarter YoY: +2.3% (accel: +14.0%)",
      "severity": "MEDIUM"
    },
    {
      "quarter": "2022-03 (Q1)",
      "signal": "YoY REVENUE GROWTH ACCELERATION",
      "detail": "YoY growth: +2.3% vs prior quarter YoY: -10.7% (accel: +13.0%)",
      "severity": "MEDIUM"
    },
    {
      "quarter": "2021-03 (Q1)",
      "signal": "FCF TURNED POSITIVE",
      "detail": "FCF margin: -21.2% -> +13.0%",
      "severity": "HIGH"
    }
  ],
  "data_quality": {
    "n_quarters": 20,
    "coverage": {
      "revenue": [
        20,
        20
      ],
      "gross_profit": [
        20,
        20
      ],
      "op_income": [
        20,
        20
      ],
      "fcf": [
        20,
        20
      ]
    },
    "gaps": [],
    "warnings": []
  },
  "market_cap": null,
  "source": "SEC EDGAR",
  "last_updated": "2026-02-02T21:41:01.592282",
  "sector": "Energy",
  "industry": "Oil & Gas Equipment & Services"
}