{
  "ticker": "IONQ",
  "name": "IonQ, Inc.",
  "quarters": [
    {
      "date": "2021-03-31T00:00:00",
      "quarter_label": "2021-03 (Q1)",
      "revenue": 125000,
      "gross_profit": -56000,
      "operating_income": -3869299,
      "net_income": -2027442,
      "opex": 3813299,
      "cogs": 181000,
      "rd": 3654000,
      "sga": null,
      "fcf": -5568000,
      "ocf": -3898000,
      "capex": -1670000,
      "gross_margin": -0.448,
      "op_margin": -30.954392,
      "fcf_margin": -44.544
    },
    {
      "date": "2021-06-30T00:00:00",
      "quarter_label": "2021-06 (Q2)",
      "revenue": 93000,
      "gross_profit": -234000,
      "operating_income": -426809,
      "net_income": -7930260,
      "opex": 192809,
      "cogs": 327000,
      "rd": 5477000,
      "sga": null,
      "fcf": -7247000,
      "ocf": -5923000,
      "capex": -1324000,
      "gross_margin": -2.5161290322580645,
      "op_margin": -4.589344086021505,
      "fcf_margin": -77.9247311827957,
      "fcf_margin_change": -33.3807311827957
    },
    {
      "date": "2021-09-30T00:00:00",
      "quarter_label": "2021-09 (Q3)",
      "revenue": 233000,
      "gross_profit": -1000,
      "operating_income": -10524000,
      "net_income": -14781000,
      "opex": 10523000,
      "cogs": 234000,
      "rd": 6180000,
      "sga": null,
      "fcf": -14331000,
      "ocf": -12030000,
      "capex": -2301000,
      "gross_margin": -0.004291845493562232,
      "op_margin": -45.167381974248926,
      "fcf_margin": -61.506437768240346,
      "op_leverage_ratio": 0.02809726437070541,
      "fcf_margin_change": 16.41829341455535
    },
    {
      "date": "2021-12-31T00:00:00",
      "quarter_label": "2021-12 (Q4)",
      "revenue": -1067901000,
      "gross_profit": -1068199000,
      "operating_income": -10837000,
      "net_income": -74084000,
      "opex": -1057362000,
      "cogs": 298000,
      "rd": 4917000,
      "sga": null,
      "fcf": -7174000,
      "ocf": -4686000,
      "capex": -2488000,
      "gross_margin": 1.000279052084416,
      "op_margin": 0.010147944425560048,
      "fcf_margin": 0.00671785118658003,
      "fcf_margin_change": 61.513155619426925
    },
    {
      "date": "2022-03-31T00:00:00",
      "quarter_label": "2022-03 (Q1)",
      "revenue": 1070000000,
      "gross_profit": 1069432000,
      "operating_income": -18284000,
      "net_income": -4227000,
      "opex": 1087716000,
      "cogs": 568000,
      "rd": 7338000,
      "sga": null,
      "fcf": -10996000,
      "ocf": -8324000,
      "capex": -2672000,
      "gross_margin": 0.9994691588785046,
      "op_margin": -0.01708785046728972,
      "fcf_margin": -0.010276635514018691,
      "incr_op_margin_yoy": -0.013473257156209837,
      "rev_growth_yoy": 8559.0,
      "fcf_margin_change": -0.01699448670059872
    },
    {
      "date": "2022-06-30T00:00:00",
      "quarter_label": "2022-06 (Q2)",
      "revenue": 2608000,
      "gross_profit": 1866000,
      "operating_income": -18928000,
      "net_income": -1654000,
      "opex": 20794000,
      "cogs": 742000,
      "rd": 9653000,
      "sga": null,
      "fcf": -12955000,
      "ocf": -8605000,
      "capex": -4350000,
      "gross_margin": 0.7154907975460123,
      "op_margin": -7.257668711656442,
      "fcf_margin": -4.967407975460123,
      "incr_op_margin_yoy": -7.356338369781312,
      "rev_growth_yoy": 27.043010752688172,
      "rev_growth_yoy_accel": -8531.956989247312,
      "fcf_margin_change": -4.9571313399461046
    },
    {
      "date": "2022-09-30T00:00:00",
      "quarter_label": "2022-09 (Q3)",
      "revenue": 2763000,
      "gross_profit": 2030000,
      "operating_income": -24911000,
      "net_income": -23983000,
      "opex": 26941000,
      "cogs": 733000,
      "rd": 13292000,
      "sga": null,
      "fcf": -14215000,
      "ocf": -12856000,
      "capex": -1359000,
      "gross_margin": 0.7347086500180963,
      "op_margin": -9.015924719507781,
      "fcf_margin": -5.144770177343467,
      "incr_op_margin_yoy": -5.686561264822134,
      "rev_growth_yoy": 10.858369098712446,
      "rev_growth_yoy_accel": -16.184641653975724,
      "op_leverage_ratio": 0.20104762061597206,
      "fcf_margin_change": -0.17736220188334428
    },
    {
      "date": "2022-12-31T00:00:00",
      "quarter_label": "2022-12 (Q4)",
      "revenue": 0,
      "gross_profit": -901000,
      "operating_income": -23625000,
      "net_income": -18647000,
      "opex": 22724000,
      "cogs": 901000,
      "rd": 13696000,
      "sga": null,
      "fcf": -15868000,
      "ocf": -14913000,
      "capex": -955000,
      "gross_margin": null,
      "op_margin": null,
      "fcf_margin": null,
      "incr_op_margin_yoy": -0.01197489280373368
    },
    {
      "date": "2023-03-31T00:00:00",
      "quarter_label": "2023-03 (Q1)",
      "revenue": 4285000,
      "gross_profit": 3249000,
      "operating_income": -28023000,
      "net_income": -27338000,
      "opex": 31272000,
      "cogs": 1036000,
      "rd": 16233000,
      "sga": null,
      "fcf": -15000000,
      "ocf": -13815000,
      "capex": -1185000,
      "gross_margin": 0.7582263710618437,
      "op_margin": -6.539789964994165,
      "fcf_margin": -3.500583430571762,
      "incr_op_margin_yoy": 0.009138465724888925,
      "rev_growth_yoy": -0.9959953271028037
    },
    {
      "date": "2023-06-30T00:00:00",
      "quarter_label": "2023-06 (Q2)",
      "revenue": 5515000,
      "gross_profit": 3614000,
      "operating_income": -33089000,
      "net_income": -43718000,
      "opex": 36703000,
      "cogs": 1901000,
      "rd": 19869000,
      "sga": null,
      "fcf": -17312000,
      "ocf": -16086000,
      "capex": -1226000,
      "gross_margin": 0.6553037171350862,
      "op_margin": -5.999818676337262,
      "fcf_margin": -3.1390752493200362,
      "incr_op_margin_yoy": -4.871345029239766,
      "rev_growth_yoy": 1.1146472392638036,
      "rev_growth_yoy_accel": 2.1106425663666073,
      "op_leverage_ratio": 1.652837432028888,
      "fcf_margin_change": 0.3615081812517258
    },
    {
      "date": "2023-09-30T00:00:00",
      "quarter_label": "2023-09 (Q3)",
      "revenue": 6136000,
      "gross_profit": 4128000,
      "operating_income": -42194000,
      "net_income": -44811000,
      "opex": 46322000,
      "cogs": 2008000,
      "rd": 24599000,
      "sga": null,
      "fcf": -26413000,
      "ocf": -22280000,
      "capex": -4133000,
      "gross_margin": 0.6727509778357236,
      "op_margin": -6.876466753585397,
      "fcf_margin": -4.304595827900912,
      "incr_op_margin_yoy": -5.123925289060184,
      "rev_growth_yoy": 1.2207745204487876,
      "rev_growth_yoy_accel": 0.10612728118498405,
      "op_leverage_ratio": 0.4296528751789508,
      "fcf_margin_change": -1.165520578580876
    },
    {
      "date": "2023-12-31T00:00:00",
      "quarter_label": "2023-12 (Q4)",
      "revenue": 6106000,
      "gross_profit": 2943000,
      "operating_income": -54448000,
      "net_income": -41904000,
      "opex": 57391000,
      "cogs": 3163000,
      "rd": 31620000,
      "sga": null,
      "fcf": -33789000,
      "ocf": -26630000,
      "capex": -7159000,
      "gross_margin": 0.48198493285293154,
      "op_margin": -8.917130691123486,
      "fcf_margin": -5.533737307566328,
      "incr_op_margin_yoy": -5.0479855879462825,
      "fcf_margin_change": -1.229141479665416
    },
    {
      "date": "2024-03-31T00:00:00",
      "quarter_label": "2024-03 (Q1)",
      "revenue": 7582000,
      "gross_profit": 4168000,
      "operating_income": -52876000,
      "net_income": -39592000,
      "opex": 57044000,
      "cogs": 3414000,
      "rd": 32368000,
      "sga": null,
      "fcf": -23605000,
      "ocf": -20465000,
      "capex": -3140000,
      "gross_margin": 0.5497230282247428,
      "op_margin": -6.973885518332894,
      "fcf_margin": -3.113294645212345,
      "incr_op_margin_yoy": -7.538064907491659,
      "rev_growth_yoy": 0.7694282380396733,
      "op_leverage_ratio": Infinity,
      "fcf_margin_change": 2.420442662353983
    },
    {
      "date": "2024-06-30T00:00:00",
      "quarter_label": "2024-06 (Q2)",
      "revenue": 11381000,
      "gross_profit": 5758000,
      "operating_income": -48941000,
      "net_income": -37561000,
      "opex": 54699000,
      "cogs": 5623000,
      "rd": 31204000,
      "sga": null,
      "fcf": -34068000,
      "ocf": -26579000,
      "capex": -7489000,
      "gross_margin": 0.505930937527458,
      "op_margin": -4.300237237501098,
      "fcf_margin": -2.9934100694139354,
      "incr_op_margin_yoy": -2.7023525400613706,
      "rev_growth_yoy": 1.0636446056210336,
      "rev_growth_yoy_accel": 0.29421636758136027,
      "op_leverage_ratio": Infinity,
      "fcf_margin_change": 0.11988457579840972
    },
    {
      "date": "2024-09-30T00:00:00",
      "quarter_label": "2024-09 (Q3)",
      "revenue": 12400000,
      "gross_profit": 5885000,
      "operating_income": -53135000,
      "net_income": -52496000,
      "opex": 59020000,
      "cogs": 6515000,
      "rd": 33178000,
      "sga": null,
      "fcf": -22981000,
      "ocf": -19211000,
      "capex": -3770000,
      "gross_margin": 0.4745967741935484,
      "op_margin": -4.28508064516129,
      "fcf_margin": -1.8533064516129032,
      "incr_op_margin_yoy": -1.746647509578544,
      "rev_growth_yoy": 1.0208604954367666,
      "rev_growth_yoy_accel": -0.04278411018426698,
      "op_leverage_ratio": 1.1334148045253643,
      "fcf_margin_change": 1.1401036178010322
    },
    {
      "date": "2024-12-31T00:00:00",
      "quarter_label": "2024-12 (Q4)",
      "revenue": 11710000,
      "gross_profit": 6665000,
      "operating_income": -77503000,
      "net_income": -201998000,
      "opex": 84168000,
      "cogs": 5045000,
      "rd": 40077000,
      "sga": null,
      "fcf": -43021000,
      "ocf": -39428000,
      "capex": -3593000,
      "gross_margin": 0.5691716481639624,
      "op_margin": -6.618531169940222,
      "fcf_margin": -3.673868488471392,
      "incr_op_margin_yoy": -4.114025695931478,
      "rev_growth_yoy": 0.9177857844742876,
      "rev_growth_yoy_accel": -0.103074710962479,
      "fcf_margin_change": -1.8205620368584887
    },
    {
      "date": "2025-03-31T00:00:00",
      "quarter_label": "2025-03 (Q1)",
      "revenue": 7566000,
      "gross_profit": 3251000,
      "operating_income": -75679000,
      "net_income": -32252000,
      "opex": 78930000,
      "cogs": 4315000,
      "rd": 39953000,
      "sga": null,
      "fcf": -35333000,
      "ocf": -33025000,
      "capex": -2308000,
      "gross_margin": 0.429685434840074,
      "op_margin": -10.002511234469997,
      "fcf_margin": -4.669970922548242,
      "rev_growth_yoy": -0.0021102611448166712,
      "rev_growth_yoy_accel": -0.9198960456191043,
      "fcf_margin_change": -0.9961024340768505
    },
    {
      "date": "2025-06-30T00:00:00",
      "quarter_label": "2025-06 (Q2)",
      "revenue": 20694000,
      "gross_profit": 12367000,
      "operating_income": -160592000,
      "net_income": -176838000,
      "opex": 172959000,
      "cogs": 8327000,
      "rd": 103359000,
      "sga": null,
      "fcf": -53767000,
      "ocf": -52574000,
      "capex": -1193000,
      "gross_margin": 0.5976128346380594,
      "op_margin": -7.760317000096646,
      "fcf_margin": -2.598192712863632,
      "incr_op_margin_yoy": -11.988725437560399,
      "rev_growth_yoy": 0.818293647306915,
      "rev_growth_yoy_accel": 0.8204039084517317,
      "op_leverage_ratio": 1.4565067997607402,
      "fcf_margin_change": 2.0717782096846102
    },
    {
      "date": "2025-09-30T00:00:00",
      "quarter_label": "2025-09 (Q3)",
      "revenue": 39866000,
      "gross_profit": 18613000,
      "operating_income": -168813000,
      "net_income": -1054955000,
      "opex": 187426000,
      "cogs": 21253000,
      "rd": 66298000,
      "sga": null,
      "fcf": -127205000,
      "ocf": -123078000,
      "capex": -4127000,
      "gross_margin": 0.4668890784126825,
      "op_margin": -4.2345106105453265,
      "fcf_margin": -3.19081422766267,
      "incr_op_margin_yoy": -4.211679895143086,
      "rev_growth_yoy": 2.215,
      "rev_growth_yoy_accel": 1.396706352693085,
      "op_leverage_ratio": 11.076120190193803,
      "fcf_margin_change": -0.5926215147990379
    }
  ],
  "signals": [
    {
      "quarter": "2025-09 (Q3)",
      "signal": "OPERATING LEVERAGE",
      "detail": "Rev growth +92.6% vs OpEx growth +8.4% (leverage: 11.1x)",
      "severity": "MEDIUM"
    },
    {
      "quarter": "2025-09 (Q3)",
      "signal": "YoY REVENUE GROWTH ACCELERATION",
      "detail": "YoY growth: +221.5% vs prior quarter YoY: +81.8% (accel: +139.7%)",
      "severity": "HIGH"
    },
    {
      "quarter": "2025-06 (Q2)",
      "signal": "FCF MARGIN EXPANSION",
      "detail": "FCF margin: -467.0% -> -259.8% (+207.2%)",
      "severity": "MEDIUM"
    },
    {
      "quarter": "2025-06 (Q2)",
      "signal": "GROSS MARGIN INFLECTION",
      "detail": "GM: +56.9% -> +43.0% -> +59.8% (reversal +16.8%)",
      "severity": "HIGH"
    },
    {
      "quarter": "2025-06 (Q2)",
      "signal": "YoY REVENUE GROWTH ACCELERATION",
      "detail": "YoY growth: +81.8% vs prior quarter YoY: -0.2% (accel: +82.0%)",
      "severity": "HIGH"
    },
    {
      "quarter": "2025-03 (Q1)",
      "signal": "YoY REVENUE GROWTH DECELERATION",
      "detail": "YoY growth: -0.2% vs prior quarter YoY: +91.8% (decel: -92.0%)",
      "severity": "WARNING"
    },
    {
      "quarter": "2024-12 (Q4)",
      "signal": "GROSS MARGIN INFLECTION",
      "detail": "GM: +50.6% -> +47.5% -> +56.9% (reversal +9.5%)",
      "severity": "HIGH"
    },
    {
      "quarter": "2024-12 (Q4)",
      "signal": "YoY REVENUE GROWTH DECELERATION",
      "detail": "YoY growth: +91.8% vs prior quarter YoY: +102.1% (decel: -10.3%)",
      "severity": "WARNING"
    },
    {
      "quarter": "2024-09 (Q3)",
      "signal": "FCF MARGIN EXPANSION",
      "detail": "FCF margin: -299.3% -> -185.3% (+114.0%)",
      "severity": "MEDIUM"
    },
    {
      "quarter": "2024-06 (Q2)",
      "signal": "FCF MARGIN EXPANSION",
      "detail": "FCF margin: -311.3% -> -299.3% (+12.0%)",
      "severity": "MEDIUM"
    },
    {
      "quarter": "2024-06 (Q2)",
      "signal": "YoY REVENUE GROWTH ACCELERATION",
      "detail": "YoY growth: +106.4% vs prior quarter YoY: +76.9% (accel: +29.4%)",
      "severity": "HIGH"
    },
    {
      "quarter": "2024-03 (Q1)",
      "signal": "FCF MARGIN EXPANSION",
      "detail": "FCF margin: -553.4% -> -311.3% (+242.0%)",
      "severity": "MEDIUM"
    },
    {
      "quarter": "2024-03 (Q1)",
      "signal": "GROSS MARGIN INFLECTION",
      "detail": "GM: +67.3% -> +48.2% -> +55.0% (reversal +6.8%)",
      "severity": "HIGH"
    },
    {
      "quarter": "2023-09 (Q3)",
      "signal": "YoY REVENUE GROWTH ACCELERATION",
      "detail": "YoY growth: +122.1% vs prior quarter YoY: +111.5% (accel: +10.6%)",
      "severity": "MEDIUM"
    },
    {
      "quarter": "2023-06 (Q2)",
      "signal": "FCF MARGIN EXPANSION",
      "detail": "FCF margin: -350.1% -> -313.9% (+36.2%)",
      "severity": "MEDIUM"
    },
    {
      "quarter": "2023-06 (Q2)",
      "signal": "OPERATING LEVERAGE",
      "detail": "Rev growth +28.7% vs OpEx growth +17.4% (leverage: 1.7x)",
      "severity": "MEDIUM"
    },
    {
      "quarter": "2023-06 (Q2)",
      "signal": "YoY REVENUE GROWTH ACCELERATION",
      "detail": "YoY growth: +111.5% vs prior quarter YoY: -99.6% (accel: +211.1%)",
      "severity": "HIGH"
    },
    {
      "quarter": "2022-09 (Q3)",
      "signal": "YoY REVENUE GROWTH DECELERATION",
      "detail": "YoY growth: +1085.8% vs prior quarter YoY: +2704.3% (decel: -1618.5%)",
      "severity": "WARNING"
    },
    {
      "quarter": "2022-06 (Q2)",
      "signal": "YoY REVENUE GROWTH DECELERATION",
      "detail": "YoY growth: +2704.3% vs prior quarter YoY: +855900.0% (decel: -853195.7%)",
      "severity": "WARNING"
    },
    {
      "quarter": "2021-12 (Q4)",
      "signal": "FCF TURNED POSITIVE",
      "detail": "FCF margin: -6150.6% -> +0.7%",
      "severity": "HIGH"
    },
    {
      "quarter": "2021-12 (Q4)",
      "signal": "OP MARGIN TURNED POSITIVE (QoQ)",
      "detail": "Op margin: -4516.7% -> +1.0%",
      "severity": "HIGH"
    },
    {
      "quarter": "2021-09 (Q3)",
      "signal": "FCF MARGIN EXPANSION",
      "detail": "FCF margin: -7792.5% -> -6150.6% (+1641.8%)",
      "severity": "MEDIUM"
    },
    {
      "quarter": "2021-09 (Q3)",
      "signal": "GROSS MARGIN INFLECTION",
      "detail": "GM: -44.8% -> -251.6% -> -0.4% (reversal +251.2%)",
      "severity": "HIGH"
    }
  ],
  "data_quality": {
    "n_quarters": 19,
    "coverage": {
      "revenue": [
        19,
        19
      ],
      "gross_profit": [
        19,
        19
      ],
      "op_income": [
        19,
        19
      ],
      "fcf": [
        19,
        19
      ]
    },
    "gaps": [],
    "warnings": []
  },
  "market_cap": null,
  "source": "SEC EDGAR",
  "last_updated": "2026-02-02T20:24:12.174893",
  "sector": "Technology",
  "industry": "Computer Hardware"
}