{
  "ticker": "IONS",
  "name": "IONIS PHARMACEUTICALS, INC.",
  "quarters": [
    {
      "date": "2020-12-31T00:00:00",
      "quarter_label": "2020-12 (Q4)",
      "revenue": 290281000,
      "gross_profit": 286980000,
      "operating_income": -22664000,
      "net_income": -340271000,
      "opex": 312945000,
      "cogs": 3301000,
      "rd": null,
      "sga": 138867000,
      "fcf": 92828000,
      "ocf": 97977000,
      "capex": -5149000,
      "gross_margin": 0.9886282602030446,
      "op_margin": -0.07807607111729668,
      "fcf_margin": 0.31978668944918887
    },
    {
      "date": "2021-03-31T00:00:00",
      "quarter_label": "2021-03 (Q1)",
      "revenue": 111607000,
      "gross_profit": 109029000,
      "operating_income": -91971000,
      "net_income": -89869000,
      "opex": 203578000,
      "cogs": 2578000,
      "rd": null,
      "sga": 61199000,
      "fcf": -56434000,
      "ocf": -54662000,
      "capex": -1772000,
      "gross_margin": 0.9769010904333958,
      "op_margin": -0.8240612147983549,
      "fcf_margin": -0.5056492872310877,
      "fcf_margin_change": -0.8254359766802766
    },
    {
      "date": "2021-06-30T00:00:00",
      "quarter_label": "2021-06 (Q2)",
      "revenue": 125750000,
      "gross_profit": 122792000,
      "operating_income": -72969000,
      "net_income": -80875000,
      "opex": 198719000,
      "cogs": 2958000,
      "rd": null,
      "sga": 56455000,
      "fcf": -67010000,
      "ocf": -62652000,
      "capex": -4358000,
      "gross_margin": 0.9764771371769384,
      "op_margin": -0.5802703777335985,
      "fcf_margin": -0.5328827037773359,
      "op_leverage_ratio": Infinity,
      "fcf_margin_change": -0.027233416546248224
    },
    {
      "date": "2021-09-30T00:00:00",
      "quarter_label": "2021-09 (Q3)",
      "revenue": 133093000,
      "gross_profit": 130014000,
      "operating_income": -85849000,
      "net_income": -82466000,
      "opex": 218942000,
      "cogs": 3079000,
      "rd": null,
      "sga": 31093000,
      "fcf": -58897000,
      "ocf": -55574000,
      "capex": -3323000,
      "gross_margin": 0.9768658006055916,
      "op_margin": -0.6450301668757936,
      "fcf_margin": -0.4425251515857333,
      "op_leverage_ratio": 0.5737984168371564,
      "fcf_margin_change": 0.09035755219160263
    },
    {
      "date": "2021-12-31T00:00:00",
      "quarter_label": "2021-12 (Q4)",
      "revenue": 440006000,
      "gross_profit": 437780000,
      "operating_income": 220603000,
      "net_income": 224613000,
      "opex": 219403000,
      "cogs": 2226000,
      "rd": null,
      "sga": 37600000,
      "fcf": 201185000,
      "ocf": 203687000,
      "capex": -2502000,
      "gross_margin": 0.9949409780775716,
      "op_margin": 0.5013636177688486,
      "fcf_margin": 0.45723240137634485,
      "incr_op_margin_yoy": 1.6247587243279344,
      "rev_growth_yoy": 0.5157933175095856,
      "op_leverage_ratio": 1095.1868624866604,
      "fcf_margin_change": 0.8997575529620782
    },
    {
      "date": "2022-03-31T00:00:00",
      "quarter_label": "2022-03 (Q1)",
      "revenue": 141919000,
      "gross_profit": 137749000,
      "operating_income": -57504000,
      "net_income": -65165000,
      "opex": 199423000,
      "cogs": 4170000,
      "rd": null,
      "sga": 34127000,
      "fcf": -34355000,
      "ocf": -31650000,
      "capex": -2705000,
      "gross_margin": 0.970617042115573,
      "op_margin": -0.4051888753443866,
      "fcf_margin": -0.24207470458500976,
      "incr_op_margin_yoy": 1.1370744259699128,
      "rev_growth_yoy": 0.2715958676427106,
      "rev_growth_yoy_accel": -0.24419744986687497,
      "fcf_margin_change": -0.6993071059613546
    },
    {
      "date": "2022-06-30T00:00:00",
      "quarter_label": "2022-06 (Q2)",
      "revenue": 133791000,
      "gross_profit": 129046000,
      "operating_income": -85514000,
      "net_income": -105135000,
      "opex": 219305000,
      "cogs": 4745000,
      "rd": null,
      "sga": 33802000,
      "fcf": -21431000,
      "ocf": -18096000,
      "capex": -3335000,
      "gross_margin": 0.9645342362341264,
      "op_margin": -0.6391610795942926,
      "fcf_margin": -0.16018267297501326,
      "incr_op_margin_yoy": -1.560129337147121,
      "rev_growth_yoy": 0.06394433399602385,
      "rev_growth_yoy_accel": -0.20765153364668676,
      "fcf_margin_change": 0.0818920316099965
    },
    {
      "date": "2022-09-30T00:00:00",
      "quarter_label": "2022-09 (Q3)",
      "revenue": 159767000,
      "gross_profit": 158252000,
      "operating_income": -59154000,
      "net_income": -46992000,
      "opex": 218921000,
      "cogs": 1515000,
      "rd": null,
      "sga": 34416000,
      "fcf": -29971000,
      "ocf": -24429000,
      "capex": -5542000,
      "gross_margin": 0.9905174410234905,
      "op_margin": -0.37025167900755473,
      "fcf_margin": -0.18759193074915345,
      "incr_op_margin_yoy": 1.0007872834970384,
      "rev_growth_yoy": 0.2004162502911498,
      "rev_growth_yoy_accel": 0.13647191629512595,
      "op_leverage_ratio": Infinity,
      "fcf_margin_change": -0.02740925777414019
    },
    {
      "date": "2022-12-31T00:00:00",
      "quarter_label": "2022-12 (Q4)",
      "revenue": 151890000,
      "gross_profit": 148204000,
      "operating_income": -208019000,
      "net_income": -52430000,
      "opex": 359909000,
      "cogs": 3686000,
      "rd": null,
      "sga": 47950000,
      "fcf": -204334000,
      "ocf": -200195000,
      "capex": -4139000,
      "gross_margin": 0.9757324379485154,
      "op_margin": -1.3695371650536572,
      "fcf_margin": -1.3452761867140695,
      "incr_op_margin_yoy": 1.487671632259229,
      "rev_growth_yoy": -0.6548001618159752,
      "rev_growth_yoy_accel": -0.8552164121071251,
      "fcf_margin_change": -1.157684255964916
    },
    {
      "date": "2023-03-31T00:00:00",
      "quarter_label": "2023-03 (Q1)",
      "revenue": 130524000,
      "gross_profit": 129181000,
      "operating_income": -114148000,
      "net_income": -124323000,
      "opex": 244672000,
      "cogs": 1343000,
      "rd": null,
      "sga": 45516000,
      "fcf": -144464000,
      "ocf": -133992000,
      "capex": -10472000,
      "gross_margin": 0.9897107045447581,
      "op_margin": -0.8745364837118078,
      "fcf_margin": -1.106800281940486,
      "incr_op_margin_yoy": 4.970952172005266,
      "rev_growth_yoy": -0.08029227939881199,
      "rev_growth_yoy_accel": 0.5745078824171632,
      "fcf_margin_change": 0.23847590477358338
    },
    {
      "date": "2023-06-30T00:00:00",
      "quarter_label": "2023-06 (Q2)",
      "revenue": 188411000,
      "gross_profit": 185874000,
      "operating_income": -90195000,
      "net_income": -85290000,
      "opex": 278606000,
      "cogs": 2537000,
      "rd": null,
      "sga": 46142000,
      "fcf": -109375000,
      "ocf": -97364000,
      "capex": -12011000,
      "gross_margin": 0.9865347564632638,
      "op_margin": -0.47871408781865177,
      "fcf_margin": -0.5805128150691838,
      "incr_op_margin_yoy": -0.08570120834859025,
      "rev_growth_yoy": 0.408248686383987,
      "rev_growth_yoy_accel": 0.488540965782799,
      "op_leverage_ratio": 3.197715961355143,
      "fcf_margin_change": 0.5262874668713022
    },
    {
      "date": "2023-09-30T00:00:00",
      "quarter_label": "2023-09 (Q3)",
      "revenue": 144207000,
      "gross_profit": 142016000,
      "operating_income": -143265000,
      "net_income": -147410000,
      "opex": 287472000,
      "cogs": 2191000,
      "rd": null,
      "sga": 69951000,
      "fcf": -111163000,
      "ocf": -109022000,
      "capex": -2141000,
      "gross_margin": 0.9848065627882142,
      "op_margin": -0.9934677234808297,
      "fcf_margin": -0.7708571705950474,
      "incr_op_margin_yoy": 5.405591259640103,
      "rev_growth_yoy": -0.09739182684784718,
      "rev_growth_yoy_accel": -0.5056405132318341,
      "fcf_margin_change": -0.1903443555258636
    },
    {
      "date": "2023-12-31T00:00:00",
      "quarter_label": "2023-12 (Q4)",
      "revenue": 324505000,
      "gross_profit": 321443000,
      "operating_income": -6122000,
      "net_income": -9263000,
      "opex": 330627000,
      "cogs": 3062000,
      "rd": null,
      "sga": 71011000,
      "fcf": 33684000,
      "ocf": 32865000,
      "capex": 819000,
      "gross_margin": 0.9905640899215729,
      "op_margin": -0.01886565692362213,
      "fcf_margin": 0.10380117409593073,
      "incr_op_margin_yoy": 1.1696376328824263,
      "rev_growth_yoy": 1.1364474290605042,
      "rev_growth_yoy_accel": 1.2338392559083513,
      "op_leverage_ratio": 8.328542315100142,
      "fcf_margin_change": 0.8746583446909781
    },
    {
      "date": "2024-03-31T00:00:00",
      "quarter_label": "2024-03 (Q1)",
      "revenue": 119497000,
      "gross_profit": 117346000,
      "operating_income": -149513000,
      "net_income": -142803000,
      "opex": 269010000,
      "cogs": 2151000,
      "rd": null,
      "sga": 52644000,
      "fcf": -154431000,
      "ocf": -149938000,
      "capex": -4493000,
      "gross_margin": 0.9819995481058101,
      "op_margin": -1.2511862222482573,
      "fcf_margin": -1.292342067164866,
      "incr_op_margin_yoy": 3.2071279586469577,
      "rev_growth_yoy": -0.08448254727099996,
      "rev_growth_yoy_accel": -1.2209299763315042,
      "fcf_margin_change": -1.3961432412607968
    },
    {
      "date": "2024-06-30T00:00:00",
      "quarter_label": "2024-06 (Q2)",
      "revenue": 225250000,
      "gross_profit": 221086000,
      "operating_income": -66091000,
      "net_income": -66265000,
      "opex": 291341000,
      "cogs": 4164000,
      "rd": null,
      "sga": 65113000,
      "fcf": -126114000,
      "ocf": -119880000,
      "capex": -6234000,
      "gross_margin": 0.9815138734739178,
      "op_margin": -0.29341176470588237,
      "fcf_margin": -0.5598845726970033,
      "incr_op_margin_yoy": 0.6543065772686555,
      "rev_growth_yoy": 0.19552467743390778,
      "rev_growth_yoy_accel": 0.28000722470490774,
      "op_leverage_ratio": 10.66095099016703,
      "fcf_margin_change": 0.7324574944678627
    },
    {
      "date": "2024-09-30T00:00:00",
      "quarter_label": "2024-09 (Q3)",
      "revenue": 133814000,
      "gross_profit": 132743000,
      "operating_income": -148656000,
      "net_income": -140480000,
      "opex": 282470000,
      "cogs": 1071000,
      "rd": null,
      "sga": 61638000,
      "fcf": -124046000,
      "ocf": -114990000,
      "capex": -9056000,
      "gross_margin": 0.9919963531469054,
      "op_margin": -1.1109151508810737,
      "fcf_margin": -0.9270031536311597,
      "incr_op_margin_yoy": 0.5187145193880497,
      "rev_growth_yoy": -0.07207001047105896,
      "rev_growth_yoy_accel": -0.26759468790496677,
      "fcf_margin_change": -0.3671185809341564
    },
    {
      "date": "2024-12-31T00:00:00",
      "quarter_label": "2024-12 (Q4)",
      "revenue": 226577000,
      "gross_profit": 222747000,
      "operating_income": -110821000,
      "net_income": -104349000,
      "opex": 337398000,
      "cogs": 3830000,
      "rd": null,
      "sga": 88079000,
      "fcf": -141636000,
      "ocf": -116139000,
      "capex": -25497000,
      "gross_margin": 0.9830962542535209,
      "op_margin": -0.48910966249884147,
      "fcf_margin": -0.6251119928324588,
      "incr_op_margin_yoy": 1.0691426354056042,
      "rev_growth_yoy": -0.30177655197916825,
      "rev_growth_yoy_accel": -0.2297065415081093,
      "op_leverage_ratio": 3.5649363192029755,
      "fcf_margin_change": 0.30189116079870093
    },
    {
      "date": "2025-03-31T00:00:00",
      "quarter_label": "2025-03 (Q1)",
      "revenue": 131612000,
      "gross_profit": 130149000,
      "operating_income": -146860000,
      "net_income": -146938000,
      "opex": 278472000,
      "cogs": 1463000,
      "rd": null,
      "sga": 76250000,
      "fcf": -163352000,
      "ocf": -150775000,
      "capex": -12577000,
      "gross_margin": 0.9888839923411239,
      "op_margin": -1.1158556970489013,
      "fcf_margin": -1.2411634197489592,
      "incr_op_margin_yoy": 0.2189847296739579,
      "rev_growth_yoy": 0.10138329832548097,
      "rev_growth_yoy_accel": 0.40315985030464924,
      "fcf_margin_change": -0.6160514269165004
    },
    {
      "date": "2025-06-30T00:00:00",
      "quarter_label": "2025-06 (Q2)",
      "revenue": 452049000,
      "gross_profit": 447898000,
      "operating_income": 139816000,
      "net_income": 123551000,
      "opex": 312233000,
      "cogs": 4151000,
      "rd": null,
      "sga": 90622000,
      "fcf": 139033000,
      "ocf": 151338000,
      "capex": -12305000,
      "gross_margin": 0.9908173671438273,
      "op_margin": 0.30929390397943585,
      "fcf_margin": 0.30756179086780416,
      "incr_op_margin_yoy": 0.9078831917248312,
      "rev_growth_yoy": 1.0068768035516094,
      "rev_growth_yoy_accel": 0.9054935052261284,
      "op_leverage_ratio": 20.082297680615465,
      "fcf_margin_change": 1.5487252106167633
    },
    {
      "date": "2025-09-30T00:00:00",
      "quarter_label": "2025-09 (Q3)",
      "revenue": 156719000,
      "gross_profit": 154381000,
      "operating_income": -160182000,
      "net_income": -128606000,
      "opex": 316901000,
      "cogs": 2338000,
      "rd": null,
      "sga": 96809000,
      "fcf": -136707000,
      "ocf": -131437000,
      "capex": -5270000,
      "gross_margin": 0.9850815791320772,
      "op_margin": -1.0220968740229328,
      "fcf_margin": -0.872306484855059,
      "incr_op_margin_yoy": -0.5032089063523248,
      "rev_growth_yoy": 0.17117043059769532,
      "rev_growth_yoy_accel": -0.835706372953914,
      "fcf_margin_change": -1.1798682757228631
    }
  ],
  "signals": [
    {
      "quarter": "2025-09 (Q3)",
      "signal": "YoY REVENUE GROWTH DECELERATION",
      "detail": "YoY growth: +17.1% vs prior quarter YoY: +100.7% (decel: -83.6%)",
      "severity": "WARNING"
    },
    {
      "quarter": "2025-06 (Q2)",
      "signal": "FCF TURNED POSITIVE",
      "detail": "FCF margin: -124.1% -> +30.8%",
      "severity": "HIGH"
    },
    {
      "quarter": "2025-06 (Q2)",
      "signal": "OPERATING LEVERAGE",
      "detail": "Rev growth +243.5% vs OpEx growth +12.1% (leverage: 20.1x)",
      "severity": "MEDIUM"
    },
    {
      "quarter": "2025-06 (Q2)",
      "signal": "YoY REVENUE GROWTH ACCELERATION",
      "detail": "YoY growth: +100.7% vs prior quarter YoY: +10.1% (accel: +90.5%)",
      "severity": "HIGH"
    },
    {
      "quarter": "2025-06 (Q2)",
      "signal": "OP MARGIN TURNED POSITIVE (YoY)",
      "detail": "Op margin: -29.3% (year-ago) -> +30.9%",
      "severity": "HIGH"
    },
    {
      "quarter": "2025-06 (Q2)",
      "signal": "OP MARGIN TURNED POSITIVE (QoQ)",
      "detail": "Op margin: -111.6% -> +30.9%",
      "severity": "HIGH"
    },
    {
      "quarter": "2025-03 (Q1)",
      "signal": "YoY REVENUE GROWTH ACCELERATION",
      "detail": "YoY growth: +10.1% vs prior quarter YoY: -30.2% (accel: +40.3%)",
      "severity": "HIGH"
    },
    {
      "quarter": "2024-12 (Q4)",
      "signal": "FCF MARGIN EXPANSION",
      "detail": "FCF margin: -92.7% -> -62.5% (+30.2%)",
      "severity": "MEDIUM"
    },
    {
      "quarter": "2024-12 (Q4)",
      "signal": "OPERATING LEVERAGE",
      "detail": "Rev growth +69.3% vs OpEx growth +19.4% (leverage: 3.6x)",
      "severity": "MEDIUM"
    },
    {
      "quarter": "2024-12 (Q4)",
      "signal": "YoY REVENUE GROWTH DECELERATION",
      "detail": "YoY growth: -30.2% vs prior quarter YoY: -7.2% (decel: -23.0%)",
      "severity": "WARNING"
    },
    {
      "quarter": "2024-09 (Q3)",
      "signal": "YoY REVENUE GROWTH DECELERATION",
      "detail": "YoY growth: -7.2% vs prior quarter YoY: +19.6% (decel: -26.8%)",
      "severity": "WARNING"
    },
    {
      "quarter": "2024-06 (Q2)",
      "signal": "FCF MARGIN EXPANSION",
      "detail": "FCF margin: -129.2% -> -56.0% (+73.2%)",
      "severity": "MEDIUM"
    },
    {
      "quarter": "2024-06 (Q2)",
      "signal": "OPERATING LEVERAGE",
      "detail": "Rev growth +88.5% vs OpEx growth +8.3% (leverage: 10.7x)",
      "severity": "MEDIUM"
    },
    {
      "quarter": "2024-06 (Q2)",
      "signal": "YoY REVENUE GROWTH ACCELERATION",
      "detail": "YoY growth: +19.6% vs prior quarter YoY: -8.4% (accel: +28.0%)",
      "severity": "HIGH"
    },
    {
      "quarter": "2024-03 (Q1)",
      "signal": "YoY REVENUE GROWTH DECELERATION",
      "detail": "YoY growth: -8.4% vs prior quarter YoY: +113.6% (decel: -122.1%)",
      "severity": "WARNING"
    },
    {
      "quarter": "2023-12 (Q4)",
      "signal": "FCF TURNED POSITIVE",
      "detail": "FCF margin: -77.1% -> +10.4%",
      "severity": "HIGH"
    },
    {
      "quarter": "2023-12 (Q4)",
      "signal": "OPERATING LEVERAGE",
      "detail": "Rev growth +125.0% vs OpEx growth +15.0% (leverage: 8.3x)",
      "severity": "MEDIUM"
    },
    {
      "quarter": "2023-12 (Q4)",
      "signal": "YoY REVENUE GROWTH ACCELERATION",
      "detail": "YoY growth: +113.6% vs prior quarter YoY: -9.7% (accel: +123.4%)",
      "severity": "HIGH"
    },
    {
      "quarter": "2023-09 (Q3)",
      "signal": "YoY REVENUE GROWTH DECELERATION",
      "detail": "YoY growth: -9.7% vs prior quarter YoY: +40.8% (decel: -50.6%)",
      "severity": "WARNING"
    },
    {
      "quarter": "2023-06 (Q2)",
      "signal": "FCF MARGIN EXPANSION",
      "detail": "FCF margin: -110.7% -> -58.1% (+52.6%)",
      "severity": "MEDIUM"
    },
    {
      "quarter": "2023-06 (Q2)",
      "signal": "OPERATING LEVERAGE",
      "detail": "Rev growth +44.3% vs OpEx growth +13.9% (leverage: 3.2x)",
      "severity": "MEDIUM"
    },
    {
      "quarter": "2023-06 (Q2)",
      "signal": "YoY REVENUE GROWTH ACCELERATION",
      "detail": "YoY growth: +40.8% vs prior quarter YoY: -8.0% (accel: +48.9%)",
      "severity": "HIGH"
    },
    {
      "quarter": "2023-03 (Q1)",
      "signal": "FCF MARGIN EXPANSION",
      "detail": "FCF margin: -134.5% -> -110.7% (+23.8%)",
      "severity": "MEDIUM"
    },
    {
      "quarter": "2023-03 (Q1)",
      "signal": "YoY REVENUE GROWTH ACCELERATION",
      "detail": "YoY growth: -8.0% vs prior quarter YoY: -65.5% (accel: +57.5%)",
      "severity": "HIGH"
    },
    {
      "quarter": "2022-12 (Q4)",
      "signal": "YoY REVENUE GROWTH DECELERATION",
      "detail": "YoY growth: -65.5% vs prior quarter YoY: +20.0% (decel: -85.5%)",
      "severity": "WARNING"
    },
    {
      "quarter": "2022-09 (Q3)",
      "signal": "GROSS MARGIN INFLECTION",
      "detail": "GM: +97.1% -> +96.5% -> +99.1% (reversal +2.6%)",
      "severity": "MEDIUM"
    },
    {
      "quarter": "2022-09 (Q3)",
      "signal": "YoY REVENUE GROWTH ACCELERATION",
      "detail": "YoY growth: +20.0% vs prior quarter YoY: +6.4% (accel: +13.6%)",
      "severity": "MEDIUM"
    },
    {
      "quarter": "2022-06 (Q2)",
      "signal": "FCF MARGIN EXPANSION",
      "detail": "FCF margin: -24.2% -> -16.0% (+8.2%)",
      "severity": "MEDIUM"
    },
    {
      "quarter": "2022-06 (Q2)",
      "signal": "YoY REVENUE GROWTH DECELERATION",
      "detail": "YoY growth: +6.4% vs prior quarter YoY: +27.2% (decel: -20.8%)",
      "severity": "WARNING"
    },
    {
      "quarter": "2022-03 (Q1)",
      "signal": "YoY REVENUE GROWTH DECELERATION",
      "detail": "YoY growth: +27.2% vs prior quarter YoY: +51.6% (decel: -24.4%)",
      "severity": "WARNING"
    },
    {
      "quarter": "2021-12 (Q4)",
      "signal": "FCF TURNED POSITIVE",
      "detail": "FCF margin: -44.3% -> +45.7%",
      "severity": "HIGH"
    },
    {
      "quarter": "2021-12 (Q4)",
      "signal": "OPERATING LEVERAGE",
      "detail": "Rev growth +230.6% vs OpEx growth +0.2% (leverage: 1095.2x)",
      "severity": "MEDIUM"
    },
    {
      "quarter": "2021-12 (Q4)",
      "signal": "OP MARGIN TURNED POSITIVE (YoY)",
      "detail": "Op margin: -7.8% (year-ago) -> +50.1%",
      "severity": "HIGH"
    },
    {
      "quarter": "2021-12 (Q4)",
      "signal": "OP MARGIN TURNED POSITIVE (QoQ)",
      "detail": "Op margin: -64.5% -> +50.1%",
      "severity": "HIGH"
    },
    {
      "quarter": "2021-09 (Q3)",
      "signal": "FCF MARGIN EXPANSION",
      "detail": "FCF margin: -53.3% -> -44.3% (+9.0%)",
      "severity": "MEDIUM"
    }
  ],
  "data_quality": {
    "n_quarters": 20,
    "coverage": {
      "revenue": [
        20,
        20
      ],
      "gross_profit": [
        20,
        20
      ],
      "op_income": [
        20,
        20
      ],
      "fcf": [
        20,
        20
      ]
    },
    "gaps": [],
    "warnings": []
  },
  "market_cap": null,
  "source": "SEC EDGAR",
  "last_updated": "2026-02-02T20:29:55.090396",
  "sector": "Healthcare",
  "industry": "Biotechnology"
}