{
  "ticker": "IOT",
  "name": "SAMSARA INC.",
  "quarters": [
    {
      "date": "2021-05-01T00:00:00",
      "quarter_label": "2021-05 (Q2)",
      "revenue": 87731000,
      "gross_profit": 62102000,
      "operating_income": -38598000,
      "net_income": -38438000,
      "opex": 100700000,
      "cogs": 25629000,
      "rd": 23530000,
      "sga": null,
      "fcf": -40578000,
      "ocf": -37070000,
      "capex": -3508000,
      "gross_margin": 0.7078683703593941,
      "op_margin": -0.43995850953482807,
      "fcf_margin": -0.46252749883165584
    },
    {
      "date": "2021-07-31T00:00:00",
      "quarter_label": "2021-07 (Q3)",
      "revenue": 101043000,
      "gross_profit": 72675000,
      "operating_income": -31229000,
      "net_income": -31373000,
      "opex": 103904000,
      "cogs": 28368000,
      "rd": 25451000,
      "sga": null,
      "fcf": -47605000,
      "ocf": -44844000,
      "capex": -2761000,
      "gross_margin": 0.7192482408479558,
      "op_margin": -0.3090664370614491,
      "fcf_margin": -0.47113605098819317,
      "op_leverage_ratio": 4.768998572144783,
      "fcf_margin_change": -0.00860855215653733
    },
    {
      "date": "2021-10-30T00:00:00",
      "quarter_label": "2021-10 (Q4)",
      "revenue": 113819000,
      "gross_profit": 82038000,
      "operating_income": -32284000,
      "net_income": -32446000,
      "opex": 114322000,
      "cogs": 31781000,
      "rd": 29687000,
      "sga": null,
      "fcf": -44946000,
      "ocf": -41262000,
      "capex": -3684000,
      "gross_margin": 0.7207759688628437,
      "op_margin": -0.28364332844252715,
      "fcf_margin": -0.39489013257891914,
      "op_leverage_ratio": 1.2610624232070031,
      "fcf_margin_change": 0.07624591840927403
    },
    {
      "date": "2022-01-29T00:00:00",
      "quarter_label": "2022-01 (Q1)",
      "revenue": 125752000,
      "gross_profit": 87046000,
      "operating_income": -251737000,
      "net_income": -252767000,
      "opex": 338783000,
      "cogs": 38706000,
      "rd": 126457000,
      "sga": null,
      "fcf": -57705000,
      "ocf": -48305000,
      "capex": -9400000,
      "gross_margin": 0.6922037025256059,
      "op_margin": -2.0018528532349387,
      "fcf_margin": -0.45887938164005343,
      "op_leverage_ratio": 0.053397852966640034,
      "fcf_margin_change": -0.06398924906113429
    },
    {
      "date": "2022-04-30T00:00:00",
      "quarter_label": "2022-04 (Q2)",
      "revenue": 142645000,
      "gross_profit": 103027000,
      "operating_income": -70205000,
      "net_income": -70988000,
      "opex": 173232000,
      "cogs": 39618000,
      "rd": 40985000,
      "sga": null,
      "fcf": -59450000,
      "ocf": -48782000,
      "capex": -10668000,
      "gross_margin": 0.7222615584142451,
      "op_margin": -0.4921658663114725,
      "fcf_margin": -0.4167689018192015,
      "incr_op_margin_yoy": -0.575572713697782,
      "rev_growth_yoy": 0.6259361001242434,
      "op_leverage_ratio": Infinity,
      "fcf_margin_change": 0.04211047982085192
    },
    {
      "date": "2022-07-30T00:00:00",
      "quarter_label": "2022-07 (Q3)",
      "revenue": 153523000,
      "gross_profit": 109266000,
      "operating_income": -65782000,
      "net_income": -64281000,
      "opex": 175048000,
      "cogs": 44257000,
      "rd": 41847000,
      "sga": null,
      "fcf": -43240000,
      "ocf": -36978000,
      "capex": -6262000,
      "gross_margin": 0.7117239762120334,
      "op_margin": -0.4284830286015776,
      "fcf_margin": -0.2816516092051354,
      "incr_op_margin_yoy": -0.6584032012195122,
      "rev_growth_yoy": 0.5193828370099859,
      "rev_growth_yoy_accel": -0.1065532631142575,
      "op_leverage_ratio": 7.274527272118038,
      "fcf_margin_change": 0.13511729261406613
    },
    {
      "date": "2022-10-29T00:00:00",
      "quarter_label": "2022-10 (Q4)",
      "revenue": 169800000,
      "gross_profit": 122547000,
      "operating_income": -63476000,
      "net_income": -58555000,
      "opex": 186023000,
      "cogs": 47253000,
      "rd": 49970000,
      "sga": null,
      "fcf": -23195000,
      "ocf": -12888000,
      "capex": -10307000,
      "gross_margin": 0.721713780918728,
      "op_margin": -0.37382803297997647,
      "fcf_margin": -0.13660188457008246,
      "incr_op_margin_yoy": -0.5571890462835605,
      "rev_growth_yoy": 0.4918423110377002,
      "rev_growth_yoy_accel": -0.02754052597228568,
      "op_leverage_ratio": 1.6910386712848422,
      "fcf_margin_change": 0.14504972463505292
    },
    {
      "date": "2023-01-28T00:00:00",
      "quarter_label": "2023-01 (Q1)",
      "revenue": 186577000,
      "gross_profit": 135049000,
      "operating_income": -59992000,
      "net_income": -53598000,
      "opex": 195041000,
      "cogs": 51528000,
      "rd": 54603000,
      "sga": null,
      "fcf": -10376000,
      "ocf": -4373000,
      "capex": -6003000,
      "gross_margin": 0.7238244799734158,
      "op_margin": -0.3215401684023218,
      "fcf_margin": -0.055612428112789894,
      "incr_op_margin_yoy": 3.1524044389642416,
      "rev_growth_yoy": 0.48369012023665625,
      "rev_growth_yoy_accel": -0.008152190801043957,
      "op_leverage_ratio": 2.038135397181034,
      "fcf_margin_change": 0.08098945645729257
    },
    {
      "date": "2023-04-29T00:00:00",
      "quarter_label": "2023-04 (Q2)",
      "revenue": 204320000,
      "gross_profit": 146763000,
      "operating_income": -75824000,
      "net_income": -67856000,
      "opex": 222587000,
      "cogs": 57557000,
      "rd": 60366000,
      "sga": null,
      "fcf": 7955000,
      "ocf": 10454000,
      "capex": -2499000,
      "gross_margin": 0.7182997259201253,
      "op_margin": -0.3711041503523884,
      "fcf_margin": 0.0389340250587314,
      "incr_op_margin_yoy": -0.09110660721524118,
      "rev_growth_yoy": 0.4323670650916611,
      "rev_growth_yoy_accel": -0.05132305514499513,
      "op_leverage_ratio": 0.6733429520122963,
      "fcf_margin_change": 0.0945464531715213
    },
    {
      "date": "2023-07-29T00:00:00",
      "quarter_label": "2023-07 (Q3)",
      "revenue": 219257000,
      "gross_profit": 160391000,
      "operating_income": -69754000,
      "net_income": -59968000,
      "opex": 230145000,
      "cogs": 58866000,
      "rd": 63969000,
      "sga": null,
      "fcf": 4716000,
      "ocf": 7720000,
      "capex": -3004000,
      "gross_margin": 0.7315205443839877,
      "op_margin": -0.31813807540922295,
      "fcf_margin": 0.021509005413738215,
      "incr_op_margin_yoy": -0.060425350655672866,
      "rev_growth_yoy": 0.42817037186610474,
      "rev_growth_yoy_accel": -0.0041966932255563805,
      "op_leverage_ratio": 2.1530068404184357,
      "fcf_margin_change": -0.017425019644993184
    },
    {
      "date": "2023-10-28T00:00:00",
      "quarter_label": "2023-10 (Q4)",
      "revenue": 237534000,
      "gross_profit": 175949000,
      "operating_income": -54767000,
      "net_income": -45531000,
      "opex": 230716000,
      "cogs": 61585000,
      "rd": 60820000,
      "sga": null,
      "fcf": 8534000,
      "ocf": 11889000,
      "capex": -3355000,
      "gross_margin": 0.7407318531241843,
      "op_margin": -0.2305648875529398,
      "fcf_margin": 0.035927488275362685,
      "incr_op_margin_yoy": 0.12857649038887412,
      "rev_growth_yoy": 0.398904593639576,
      "rev_growth_yoy_accel": -0.02926577822652876,
      "op_leverage_ratio": 33.598267239860796,
      "fcf_margin_change": 0.01441848286162447
    },
    {
      "date": "2024-02-03T00:00:00",
      "quarter_label": "2024-02 (Q1)",
      "revenue": 276274000,
      "gross_profit": 207250000,
      "operating_income": -123002000,
      "net_income": -113371000,
      "opex": 330252000,
      "cogs": 69024000,
      "rd": 73426000,
      "sga": null,
      "fcf": -43973000,
      "ocf": -41878000,
      "capex": -2095000,
      "gross_margin": 0.750161071979267,
      "op_margin": -0.4452174290740352,
      "fcf_margin": -0.15916445268103405,
      "incr_op_margin_yoy": -0.7024761140283399,
      "rev_growth_yoy": 0.48075057482969497,
      "rev_growth_yoy_accel": 0.08184598119011899,
      "op_leverage_ratio": 0.37803443712658524,
      "fcf_margin_change": -0.19509194095639673
    },
    {
      "date": "2024-05-04T00:00:00",
      "quarter_label": "2024-05 (Q2)",
      "revenue": 280726000,
      "gross_profit": 212101000,
      "operating_income": -65997000,
      "net_income": -56289000,
      "opex": 278098000,
      "cogs": 68625000,
      "rd": 72973000,
      "sga": null,
      "fcf": 18608000,
      "ocf": 23670000,
      "capex": -5062000,
      "gross_margin": 0.7555445523392917,
      "op_margin": -0.2350940062552097,
      "fcf_margin": 0.06628527460940561,
      "incr_op_margin_yoy": 0.12861555375232311,
      "rev_growth_yoy": 0.3739526233359436,
      "rev_growth_yoy_accel": -0.10679795149375138,
      "op_leverage_ratio": Infinity,
      "fcf_margin_change": 0.22544972729043966
    },
    {
      "date": "2024-08-03T00:00:00",
      "quarter_label": "2024-08 (Q3)",
      "revenue": 300202000,
      "gross_profit": 226837000,
      "operating_income": -58194000,
      "net_income": -49610000,
      "opex": 285031000,
      "cogs": 73365000,
      "rd": 76476000,
      "sga": null,
      "fcf": 13125000,
      "ocf": 18117000,
      "capex": -4992000,
      "gross_margin": 0.7556145528677357,
      "op_margin": -0.19384947468704405,
      "fcf_margin": 0.043720561488597674,
      "incr_op_margin_yoy": 0.14281302118722589,
      "rev_growth_yoy": 0.36917863511769294,
      "rev_growth_yoy_accel": -0.0047739882182506466,
      "op_leverage_ratio": 2.782875604671356,
      "fcf_margin_change": -0.02256471312080794
    },
    {
      "date": "2024-11-02T00:00:00",
      "quarter_label": "2024-11 (Q4)",
      "revenue": 321981000,
      "gross_profit": 245954000,
      "operating_income": -47370000,
      "net_income": -37806000,
      "opex": 293324000,
      "cogs": 76027000,
      "rd": 76990000,
      "sga": null,
      "fcf": 31237000,
      "ocf": 36013000,
      "capex": -4776000,
      "gross_margin": 0.763877371646153,
      "op_margin": -0.14712048226448143,
      "fcf_margin": 0.09701504126019858,
      "incr_op_margin_yoy": 0.08759340177863038,
      "rev_growth_yoy": 0.35551542095026395,
      "rev_growth_yoy_accel": -0.013663214167428994,
      "op_leverage_ratio": 2.49347365924461,
      "fcf_margin_change": 0.05329447977160091
    },
    {
      "date": "2025-02-01T00:00:00",
      "quarter_label": "2025-02 (Q1)",
      "revenue": 346290000,
      "gross_profit": 265986000,
      "operating_income": -18412000,
      "net_income": -11202000,
      "opex": 284398000,
      "cogs": 80304000,
      "rd": 73277000,
      "sga": null,
      "fcf": 48512000,
      "ocf": 53859000,
      "capex": -5347000,
      "gross_margin": 0.7681018799272287,
      "op_margin": -0.05316930896069768,
      "fcf_margin": 0.1400906754454359,
      "incr_op_margin_yoy": 1.4938014168190128,
      "rev_growth_yoy": 0.25342956630012237,
      "rev_growth_yoy_accel": -0.10208585465014158,
      "op_leverage_ratio": Infinity,
      "fcf_margin_change": 0.04307563418523733
    },
    {
      "date": "2025-05-03T00:00:00",
      "quarter_label": "2025-05 (Q2)",
      "revenue": 366884000,
      "gross_profit": 283715000,
      "operating_income": -33255000,
      "net_income": -22121000,
      "opex": 316970000,
      "cogs": 83169000,
      "rd": 83242000,
      "sga": null,
      "fcf": 45692000,
      "ocf": 52612000,
      "capex": -6920000,
      "gross_margin": 0.7733098199976014,
      "op_margin": -0.09064172872079458,
      "fcf_margin": 0.12454072676922406,
      "incr_op_margin_yoy": 0.3800227489031779,
      "rev_growth_yoy": 0.3069113655308023,
      "rev_growth_yoy_accel": 0.053481799230679916,
      "op_leverage_ratio": 0.5192576097248542,
      "fcf_margin_change": -0.015549948676211844
    },
    {
      "date": "2025-08-02T00:00:00",
      "quarter_label": "2025-08 (Q3)",
      "revenue": 391480000,
      "gross_profit": 300979000,
      "operating_income": -26619000,
      "net_income": -16800000,
      "opex": 327598000,
      "cogs": 90501000,
      "rd": 85612000,
      "sga": null,
      "fcf": 44192000,
      "ocf": 50161000,
      "capex": -5969000,
      "gross_margin": 0.7688234392561561,
      "op_margin": -0.06799581076938796,
      "fcf_margin": 0.11288443854092163,
      "incr_op_margin_yoy": 0.34592125156116477,
      "rev_growth_yoy": 0.30405526945190237,
      "rev_growth_yoy_accel": -0.002856096078899917,
      "op_leverage_ratio": 1.9994121464318464,
      "fcf_margin_change": -0.011656288228302433
    },
    {
      "date": "2025-11-01T00:00:00",
      "quarter_label": "2025-11 (Q4)",
      "revenue": 415975000,
      "gross_profit": 319011000,
      "operating_income": -1721000,
      "net_income": 7766000,
      "opex": 320732000,
      "cogs": 96964000,
      "rd": 86219000,
      "sga": null,
      "fcf": 55845000,
      "ocf": 63704000,
      "capex": -7859000,
      "gross_margin": 0.7668994530921329,
      "op_margin": -0.004137267864655328,
      "fcf_margin": 0.13425085642165996,
      "incr_op_margin_yoy": 0.4856586590633445,
      "rev_growth_yoy": 0.29192405763072976,
      "rev_growth_yoy_accel": -0.012131211821172605,
      "op_leverage_ratio": Infinity,
      "fcf_margin_change": 0.021366417880738328
    }
  ],
  "signals": [
    {
      "quarter": "2025-08 (Q3)",
      "signal": "OPERATING LEVERAGE",
      "detail": "Rev growth +6.7% vs OpEx growth +3.4% (leverage: 2.0x)",
      "severity": "MEDIUM"
    },
    {
      "quarter": "2025-05 (Q2)",
      "signal": "YoY REVENUE GROWTH ACCELERATION",
      "detail": "YoY growth: +30.7% vs prior quarter YoY: +25.3% (accel: +5.3%)",
      "severity": "MEDIUM"
    },
    {
      "quarter": "2025-02 (Q1)",
      "signal": "YoY REVENUE GROWTH DECELERATION",
      "detail": "YoY growth: +25.3% vs prior quarter YoY: +35.6% (decel: -10.2%)",
      "severity": "WARNING"
    },
    {
      "quarter": "2024-11 (Q4)",
      "signal": "FCF MARGIN EXPANSION",
      "detail": "FCF margin: +4.4% -> +9.7% (+5.3%)",
      "severity": "MEDIUM"
    },
    {
      "quarter": "2024-11 (Q4)",
      "signal": "OPERATING LEVERAGE",
      "detail": "Rev growth +7.3% vs OpEx growth +2.9% (leverage: 2.5x)",
      "severity": "MEDIUM"
    },
    {
      "quarter": "2024-08 (Q3)",
      "signal": "OPERATING LEVERAGE",
      "detail": "Rev growth +6.9% vs OpEx growth +2.5% (leverage: 2.8x)",
      "severity": "MEDIUM"
    },
    {
      "quarter": "2024-05 (Q2)",
      "signal": "FCF TURNED POSITIVE",
      "detail": "FCF margin: -15.9% -> +6.6%",
      "severity": "HIGH"
    },
    {
      "quarter": "2024-05 (Q2)",
      "signal": "YoY REVENUE GROWTH DECELERATION",
      "detail": "YoY growth: +37.4% vs prior quarter YoY: +48.1% (decel: -10.7%)",
      "severity": "WARNING"
    },
    {
      "quarter": "2024-02 (Q1)",
      "signal": "YoY REVENUE GROWTH ACCELERATION",
      "detail": "YoY growth: +48.1% vs prior quarter YoY: +39.9% (accel: +8.2%)",
      "severity": "MEDIUM"
    },
    {
      "quarter": "2023-10 (Q4)",
      "signal": "OPERATING LEVERAGE",
      "detail": "Rev growth +8.3% vs OpEx growth +0.2% (leverage: 33.6x)",
      "severity": "MEDIUM"
    },
    {
      "quarter": "2023-07 (Q3)",
      "signal": "OPERATING LEVERAGE",
      "detail": "Rev growth +7.3% vs OpEx growth +3.4% (leverage: 2.2x)",
      "severity": "MEDIUM"
    },
    {
      "quarter": "2023-04 (Q2)",
      "signal": "FCF TURNED POSITIVE",
      "detail": "FCF margin: -5.6% -> +3.9%",
      "severity": "HIGH"
    },
    {
      "quarter": "2023-04 (Q2)",
      "signal": "YoY REVENUE GROWTH DECELERATION",
      "detail": "YoY growth: +43.2% vs prior quarter YoY: +48.4% (decel: -5.1%)",
      "severity": "WARNING"
    },
    {
      "quarter": "2023-01 (Q1)",
      "signal": "FCF MARGIN EXPANSION",
      "detail": "FCF margin: -13.7% -> -5.6% (+8.1%)",
      "severity": "MEDIUM"
    },
    {
      "quarter": "2023-01 (Q1)",
      "signal": "OPERATING LEVERAGE",
      "detail": "Rev growth +9.9% vs OpEx growth +4.8% (leverage: 2.0x)",
      "severity": "MEDIUM"
    },
    {
      "quarter": "2022-10 (Q4)",
      "signal": "FCF MARGIN EXPANSION",
      "detail": "FCF margin: -28.2% -> -13.7% (+14.5%)",
      "severity": "MEDIUM"
    },
    {
      "quarter": "2022-10 (Q4)",
      "signal": "OPERATING LEVERAGE",
      "detail": "Rev growth +10.6% vs OpEx growth +6.3% (leverage: 1.7x)",
      "severity": "MEDIUM"
    },
    {
      "quarter": "2022-07 (Q3)",
      "signal": "FCF MARGIN EXPANSION",
      "detail": "FCF margin: -41.7% -> -28.2% (+13.5%)",
      "severity": "MEDIUM"
    },
    {
      "quarter": "2022-07 (Q3)",
      "signal": "OPERATING LEVERAGE",
      "detail": "Rev growth +7.6% vs OpEx growth +1.0% (leverage: 7.3x)",
      "severity": "MEDIUM"
    },
    {
      "quarter": "2022-07 (Q3)",
      "signal": "YoY REVENUE GROWTH DECELERATION",
      "detail": "YoY growth: +51.9% vs prior quarter YoY: +62.6% (decel: -10.7%)",
      "severity": "WARNING"
    },
    {
      "quarter": "2022-04 (Q2)",
      "signal": "GROSS MARGIN INFLECTION",
      "detail": "GM: +72.1% -> +69.2% -> +72.2% (reversal +3.0%)",
      "severity": "MEDIUM"
    },
    {
      "quarter": "2021-10 (Q4)",
      "signal": "FCF MARGIN EXPANSION",
      "detail": "FCF margin: -47.1% -> -39.5% (+7.6%)",
      "severity": "MEDIUM"
    },
    {
      "quarter": "2021-07 (Q3)",
      "signal": "OPERATING LEVERAGE",
      "detail": "Rev growth +15.2% vs OpEx growth +3.2% (leverage: 4.8x)",
      "severity": "MEDIUM"
    }
  ],
  "data_quality": {
    "n_quarters": 19,
    "coverage": {
      "revenue": [
        19,
        19
      ],
      "gross_profit": [
        19,
        19
      ],
      "op_income": [
        19,
        19
      ],
      "fcf": [
        19,
        19
      ]
    },
    "gaps": [],
    "warnings": []
  },
  "market_cap": null,
  "source": "SEC EDGAR",
  "last_updated": "2026-02-02T20:21:33.176532",
  "sector": "Technology",
  "industry": "Software - Infrastructure"
}