{
  "ticker": "IOVA",
  "name": "IOVANCE BIOTHERAPEUTICS,\u00a0INC.",
  "quarters": [
    {
      "date": "2016-12-31T00:00:00",
      "quarter_label": "2016-12 (Q4)",
      "revenue": 0,
      "gross_profit": null,
      "operating_income": null,
      "net_income": null,
      "opex": null,
      "cogs": null,
      "rd": null,
      "sga": null,
      "fcf": null,
      "ocf": null,
      "capex": null,
      "gross_margin": null,
      "op_margin": null,
      "fcf_margin": null
    },
    {
      "date": "2017-03-31T00:00:00",
      "quarter_label": "2017-03 (Q1)",
      "revenue": 0,
      "gross_profit": null,
      "operating_income": null,
      "net_income": null,
      "opex": null,
      "cogs": null,
      "rd": null,
      "sga": null,
      "fcf": null,
      "ocf": null,
      "capex": null,
      "gross_margin": null,
      "op_margin": null,
      "fcf_margin": null
    },
    {
      "date": "2017-06-30T00:00:00",
      "quarter_label": "2017-06 (Q2)",
      "revenue": 0,
      "gross_profit": null,
      "operating_income": null,
      "net_income": null,
      "opex": null,
      "cogs": null,
      "rd": null,
      "sga": null,
      "fcf": null,
      "ocf": null,
      "capex": null,
      "gross_margin": null,
      "op_margin": null,
      "fcf_margin": null
    },
    {
      "date": "2017-09-30T00:00:00",
      "quarter_label": "2017-09 (Q3)",
      "revenue": 0,
      "gross_profit": null,
      "operating_income": null,
      "net_income": null,
      "opex": null,
      "cogs": null,
      "rd": null,
      "sga": null,
      "fcf": null,
      "ocf": null,
      "capex": null,
      "gross_margin": null,
      "op_margin": null,
      "fcf_margin": null
    },
    {
      "date": "2017-12-31T00:00:00",
      "quarter_label": "2017-12 (Q4)",
      "revenue": 0,
      "gross_profit": null,
      "operating_income": null,
      "net_income": null,
      "opex": null,
      "cogs": null,
      "rd": null,
      "sga": null,
      "fcf": null,
      "ocf": null,
      "capex": null,
      "gross_margin": null,
      "op_margin": null,
      "fcf_margin": null
    },
    {
      "date": "2018-03-31T00:00:00",
      "quarter_label": "2018-03 (Q1)",
      "revenue": 0,
      "gross_profit": null,
      "operating_income": null,
      "net_income": null,
      "opex": null,
      "cogs": null,
      "rd": null,
      "sga": null,
      "fcf": null,
      "ocf": null,
      "capex": null,
      "gross_margin": null,
      "op_margin": null,
      "fcf_margin": null
    },
    {
      "date": "2018-06-30T00:00:00",
      "quarter_label": "2018-06 (Q2)",
      "revenue": 0,
      "gross_profit": null,
      "operating_income": null,
      "net_income": null,
      "opex": null,
      "cogs": null,
      "rd": null,
      "sga": null,
      "fcf": null,
      "ocf": null,
      "capex": null,
      "gross_margin": null,
      "op_margin": null,
      "fcf_margin": null
    },
    {
      "date": "2018-09-30T00:00:00",
      "quarter_label": "2018-09 (Q3)",
      "revenue": 0,
      "gross_profit": null,
      "operating_income": null,
      "net_income": null,
      "opex": null,
      "cogs": null,
      "rd": null,
      "sga": null,
      "fcf": null,
      "ocf": null,
      "capex": null,
      "gross_margin": null,
      "op_margin": null,
      "fcf_margin": null
    },
    {
      "date": "2018-12-31T00:00:00",
      "quarter_label": "2018-12 (Q4)",
      "revenue": 0,
      "gross_profit": null,
      "operating_income": null,
      "net_income": null,
      "opex": null,
      "cogs": null,
      "rd": null,
      "sga": null,
      "fcf": null,
      "ocf": null,
      "capex": null,
      "gross_margin": null,
      "op_margin": null,
      "fcf_margin": null
    },
    {
      "date": "2019-03-31T00:00:00",
      "quarter_label": "2019-03 (Q1)",
      "revenue": 0,
      "gross_profit": null,
      "operating_income": null,
      "net_income": null,
      "opex": null,
      "cogs": null,
      "rd": null,
      "sga": null,
      "fcf": null,
      "ocf": null,
      "capex": null,
      "gross_margin": null,
      "op_margin": null,
      "fcf_margin": null
    },
    {
      "date": "2023-06-30T00:00:00",
      "quarter_label": "2023-06 (Q2)",
      "revenue": 238000,
      "gross_profit": -1812000,
      "operating_income": -110086000,
      "net_income": -106528000,
      "opex": 110324000,
      "cogs": 2050000,
      "rd": 86347000,
      "sga": null,
      "fcf": -103472000,
      "ocf": -93952000,
      "capex": -9520000,
      "gross_margin": -7.61344537815126,
      "op_margin": -462.546218487395,
      "fcf_margin": -434.7563025210084
    },
    {
      "date": "2023-09-30T00:00:00",
      "quarter_label": "2023-09 (Q3)",
      "revenue": 469000,
      "gross_profit": -3871000,
      "operating_income": -118361000,
      "net_income": -113760000,
      "opex": 118830000,
      "cogs": 4340000,
      "rd": 87526000,
      "sga": null,
      "fcf": -87660000,
      "ocf": -84083000,
      "capex": -3577000,
      "gross_margin": -8.253731343283581,
      "op_margin": -252.36886993603412,
      "fcf_margin": -186.90831556503198,
      "op_leverage_ratio": 12.588664057205294,
      "fcf_margin_change": 247.84798695597644
    },
    {
      "date": "2023-12-31T00:00:00",
      "quarter_label": "2023-12 (Q4)",
      "revenue": 482000,
      "gross_profit": -3883000,
      "operating_income": -121256000,
      "net_income": -116379000,
      "opex": 121738000,
      "cogs": 4365000,
      "rd": 87470000,
      "sga": null,
      "fcf": -87499000,
      "ocf": -83970000,
      "capex": -3529000,
      "gross_margin": -8.056016597510373,
      "op_margin": -251.56846473029046,
      "fcf_margin": -181.5331950207469,
      "op_leverage_ratio": 1.132666887609506,
      "fcf_margin_change": 5.375120544285096
    },
    {
      "date": "2024-03-31T00:00:00",
      "quarter_label": "2024-03 (Q1)",
      "revenue": 715000,
      "gross_profit": -6546000,
      "operating_income": -117722000,
      "net_income": -112976000,
      "opex": 118437000,
      "cogs": 7261000,
      "rd": 79783000,
      "sga": null,
      "fcf": -126450000,
      "ocf": -122279000,
      "capex": -4171000,
      "gross_margin": -9.155244755244755,
      "op_margin": -164.64615384615385,
      "fcf_margin": -176.85314685314685,
      "op_leverage_ratio": Infinity,
      "fcf_margin_change": 4.6800481676000345
    },
    {
      "date": "2024-06-30T00:00:00",
      "quarter_label": "2024-06 (Q2)",
      "revenue": 31106000,
      "gross_profit": -262000,
      "operating_income": -101914000,
      "net_income": -97101000,
      "opex": 133020000,
      "cogs": 31368000,
      "rd": 62084000,
      "sga": null,
      "fcf": -98871000,
      "ocf": -98429000,
      "capex": -442000,
      "gross_margin": -0.00842281231916672,
      "op_margin": -3.276345399601363,
      "fcf_margin": -3.1785186137722627,
      "incr_op_margin_yoy": 0.26474018400933,
      "rev_growth_yoy": 129.69747899159663,
      "op_leverage_ratio": 345.20690266326966,
      "fcf_margin_change": 173.67462823937458
    },
    {
      "date": "2024-09-30T00:00:00",
      "quarter_label": "2024-09 (Q3)",
      "revenue": 58555000,
      "gross_profit": 18732000,
      "operating_income": -89066000,
      "net_income": -83541000,
      "opex": 147621000,
      "cogs": 39823000,
      "rd": 68245000,
      "sga": null,
      "fcf": -61261000,
      "ocf": -58973000,
      "capex": -2288000,
      "gross_margin": 0.3199043634190078,
      "op_margin": -1.5210656647596277,
      "fcf_margin": -1.0462129621723166,
      "incr_op_margin_yoy": 0.5043383947939263,
      "rev_growth_yoy": 123.85074626865672,
      "rev_growth_yoy_accel": -5.846732722939905,
      "op_leverage_ratio": 8.039271616578167,
      "fcf_margin_change": 2.132305651599946
    },
    {
      "date": "2024-12-31T00:00:00",
      "quarter_label": "2024-12 (Q4)",
      "revenue": 73694000,
      "gross_profit": 28151000,
      "operating_income": -86576000,
      "net_income": -78559000,
      "opex": 160270000,
      "cogs": 45543000,
      "rd": 72224000,
      "sga": null,
      "fcf": -77464000,
      "ocf": -73296000,
      "capex": -4168000,
      "gross_margin": 0.38199853448041904,
      "op_margin": -1.1748039189079165,
      "fcf_margin": -1.0511574890764512,
      "incr_op_margin_yoy": 0.47369283723979677,
      "rev_growth_yoy": 151.8921161825726,
      "rev_growth_yoy_accel": 28.041369913915887,
      "op_leverage_ratio": 3.017346280243181,
      "fcf_margin_change": -0.004944526904134605
    },
    {
      "date": "2025-03-31T00:00:00",
      "quarter_label": "2025-03 (Q1)",
      "revenue": 49324000,
      "gross_profit": -417000,
      "operating_income": -121221000,
      "net_income": -116163000,
      "opex": 170545000,
      "cogs": 49741000,
      "rd": 76879000,
      "sga": null,
      "fcf": -109905000,
      "ocf": -103694000,
      "capex": -6211000,
      "gross_margin": -0.008454302165274511,
      "op_margin": -2.45764739274998,
      "fcf_margin": -2.228225610250588,
      "incr_op_margin_yoy": -0.0719825546709457,
      "rev_growth_yoy": 67.98461538461538,
      "rev_growth_yoy_accel": -83.90750079795723,
      "fcf_margin_change": -1.1770681211741367
    },
    {
      "date": "2025-06-30T00:00:00",
      "quarter_label": "2025-06 (Q2)",
      "revenue": 59952000,
      "gross_profit": 3288000,
      "operating_income": -113774000,
      "net_income": -111658000,
      "opex": 173726000,
      "cogs": 56664000,
      "rd": 79363000,
      "sga": null,
      "fcf": -74908000,
      "ocf": -67447000,
      "capex": -7461000,
      "gross_margin": 0.05484387510008006,
      "op_margin": -1.8977515345609821,
      "fcf_margin": -1.2494662396583933,
      "incr_op_margin_yoy": -0.41114885946058377,
      "rev_growth_yoy": 0.9273452067125313,
      "rev_growth_yoy_accel": -67.05727017790285,
      "op_leverage_ratio": 11.552303203441303,
      "fcf_margin_change": 0.9787593705921946
    },
    {
      "date": "2025-09-30T00:00:00",
      "quarter_label": "2025-09 (Q3)",
      "revenue": 67455000,
      "gross_profit": 28978000,
      "operating_income": -94901000,
      "net_income": -91253000,
      "opex": 162356000,
      "cogs": 38477000,
      "rd": 75174000,
      "sga": null,
      "fcf": -89546000,
      "ocf": -78702000,
      "capex": -10844000,
      "gross_margin": 0.42959009710177154,
      "op_margin": -1.4068786598473055,
      "fcf_margin": -1.3274924023423023,
      "incr_op_margin_yoy": -0.6556179775280899,
      "rev_growth_yoy": 0.15199385193407908,
      "rev_growth_yoy_accel": -0.7753513547784522,
      "op_leverage_ratio": Infinity,
      "fcf_margin_change": -0.07802616268390894
    }
  ],
  "signals": [
    {
      "quarter": "2025-09 (Q3)",
      "signal": "YoY REVENUE GROWTH DECELERATION",
      "detail": "YoY growth: +15.2% vs prior quarter YoY: +92.7% (decel: -77.5%)",
      "severity": "WARNING"
    },
    {
      "quarter": "2025-06 (Q2)",
      "signal": "FCF MARGIN EXPANSION",
      "detail": "FCF margin: -222.8% -> -124.9% (+97.9%)",
      "severity": "MEDIUM"
    },
    {
      "quarter": "2025-06 (Q2)",
      "signal": "OPERATING LEVERAGE",
      "detail": "Rev growth +21.5% vs OpEx growth +1.9% (leverage: 11.6x)",
      "severity": "MEDIUM"
    },
    {
      "quarter": "2025-06 (Q2)",
      "signal": "GROSS MARGIN INFLECTION",
      "detail": "GM: +38.2% -> -0.8% -> +5.5% (reversal +6.3%)",
      "severity": "HIGH"
    },
    {
      "quarter": "2025-06 (Q2)",
      "signal": "YoY REVENUE GROWTH DECELERATION",
      "detail": "YoY growth: +92.7% vs prior quarter YoY: +6798.5% (decel: -6705.7%)",
      "severity": "WARNING"
    },
    {
      "quarter": "2025-03 (Q1)",
      "signal": "YoY REVENUE GROWTH DECELERATION",
      "detail": "YoY growth: +6798.5% vs prior quarter YoY: +15189.2% (decel: -8390.8%)",
      "severity": "WARNING"
    },
    {
      "quarter": "2024-12 (Q4)",
      "signal": "OPERATING LEVERAGE",
      "detail": "Rev growth +25.9% vs OpEx growth +8.6% (leverage: 3.0x)",
      "severity": "MEDIUM"
    },
    {
      "quarter": "2024-12 (Q4)",
      "signal": "YoY REVENUE GROWTH ACCELERATION",
      "detail": "YoY growth: +15189.2% vs prior quarter YoY: +12385.1% (accel: +2804.1%)",
      "severity": "HIGH"
    },
    {
      "quarter": "2024-09 (Q3)",
      "signal": "FCF MARGIN EXPANSION",
      "detail": "FCF margin: -317.9% -> -104.6% (+213.2%)",
      "severity": "MEDIUM"
    },
    {
      "quarter": "2024-09 (Q3)",
      "signal": "OPERATING LEVERAGE",
      "detail": "Rev growth +88.2% vs OpEx growth +11.0% (leverage: 8.0x)",
      "severity": "MEDIUM"
    },
    {
      "quarter": "2024-09 (Q3)",
      "signal": "YoY REVENUE GROWTH DECELERATION",
      "detail": "YoY growth: +12385.1% vs prior quarter YoY: +12969.7% (decel: -584.7%)",
      "severity": "WARNING"
    },
    {
      "quarter": "2024-06 (Q2)",
      "signal": "FCF MARGIN EXPANSION",
      "detail": "FCF margin: -17685.3% -> -317.9% (+17367.5%)",
      "severity": "MEDIUM"
    },
    {
      "quarter": "2024-06 (Q2)",
      "signal": "OPERATING LEVERAGE",
      "detail": "Rev growth +4250.5% vs OpEx growth +12.3% (leverage: 345.2x)",
      "severity": "MEDIUM"
    },
    {
      "quarter": "2024-06 (Q2)",
      "signal": "GROSS MARGIN INFLECTION",
      "detail": "GM: -805.6% -> -915.5% -> -0.8% (reversal +914.7%)",
      "severity": "HIGH"
    },
    {
      "quarter": "2024-03 (Q1)",
      "signal": "FCF MARGIN EXPANSION",
      "detail": "FCF margin: -18153.3% -> -17685.3% (+468.0%)",
      "severity": "MEDIUM"
    },
    {
      "quarter": "2023-12 (Q4)",
      "signal": "FCF MARGIN EXPANSION",
      "detail": "FCF margin: -18690.8% -> -18153.3% (+537.5%)",
      "severity": "MEDIUM"
    },
    {
      "quarter": "2023-12 (Q4)",
      "signal": "GROSS MARGIN INFLECTION",
      "detail": "GM: -761.3% -> -825.4% -> -805.6% (reversal +19.8%)",
      "severity": "HIGH"
    },
    {
      "quarter": "2023-09 (Q3)",
      "signal": "FCF MARGIN EXPANSION",
      "detail": "FCF margin: -43475.6% -> -18690.8% (+24784.8%)",
      "severity": "MEDIUM"
    },
    {
      "quarter": "2023-09 (Q3)",
      "signal": "OPERATING LEVERAGE",
      "detail": "Rev growth +97.1% vs OpEx growth +7.7% (leverage: 12.6x)",
      "severity": "MEDIUM"
    }
  ],
  "data_quality": {
    "n_quarters": 20,
    "coverage": {
      "revenue": [
        20,
        20
      ],
      "gross_profit": [
        10,
        20
      ],
      "op_income": [
        10,
        20
      ],
      "fcf": [
        10,
        20
      ]
    },
    "gaps": [
      [
        "2019-03 (Q1)",
        "2023-06 (Q2)",
        1552
      ]
    ],
    "warnings": [
      "gross_profit: 10/20Q",
      "op_income: 10/20Q",
      "fcf: 10/20Q",
      "gap: 16Q missing between 2019-03 (Q1) and 2023-06 (Q2)"
    ]
  },
  "market_cap": null,
  "source": "SEC EDGAR",
  "last_updated": "2026-02-02T21:56:17.610782"
}