{
  "ticker": "IPAR",
  "name": "Interparfums, Inc.",
  "quarters": [
    {
      "date": "2020-12-31T00:00:00",
      "quarter_label": "2020-12 (Q4)",
      "revenue": 184033000,
      "gross_profit": 117647000,
      "operating_income": 26470000,
      "net_income": 14739000,
      "opex": 91177000,
      "cogs": 66395000,
      "rd": null,
      "sga": 91177000,
      "fcf": 77149000,
      "ocf": 85147000,
      "capex": -7998000,
      "gross_margin": 0.6392712176620498,
      "op_margin": 0.14383289953432266,
      "fcf_margin": 0.41921285856340984
    },
    {
      "date": "2021-03-31T00:00:00",
      "quarter_label": "2021-03 (Q1)",
      "revenue": 198528000,
      "gross_profit": 125248000,
      "operating_income": 47959000,
      "net_income": 27662000,
      "opex": 77289000,
      "cogs": 73280000,
      "rd": null,
      "sga": 74896000,
      "fcf": 31311000,
      "ocf": 32516000,
      "capex": -1205000,
      "gross_margin": 0.630883301096067,
      "op_margin": 0.24157297711154094,
      "fcf_margin": 0.15771578820116053,
      "op_leverage_ratio": Infinity,
      "fcf_margin_change": -0.26149707036224934
    },
    {
      "date": "2021-06-30T00:00:00",
      "quarter_label": "2021-06 (Q2)",
      "revenue": 207573000,
      "gross_profit": 132350000,
      "operating_income": 44655000,
      "net_income": 22657000,
      "opex": 87695000,
      "cogs": 75223000,
      "rd": null,
      "sga": 87695000,
      "fcf": -113452000,
      "ocf": 5596000,
      "capex": -119048000,
      "gross_margin": 0.6376070105456876,
      "op_margin": 0.21512913529216227,
      "fcf_margin": -0.5465643412197154,
      "op_leverage_ratio": 0.3383924543955448,
      "fcf_margin_change": -0.7042801294208759
    },
    {
      "date": "2021-09-30T00:00:00",
      "quarter_label": "2021-09 (Q3)",
      "revenue": 262696000,
      "gross_profit": 167427000,
      "operating_income": 67639000,
      "net_income": 38316000,
      "opex": 99788000,
      "cogs": 95269000,
      "rd": null,
      "sga": 99788000,
      "fcf": 52080000,
      "ocf": 63149000,
      "capex": -11069000,
      "gross_margin": 0.6373412613819777,
      "op_margin": 0.25748012912263607,
      "fcf_margin": 0.19825197186101046,
      "op_leverage_ratio": 1.925762665806671,
      "fcf_margin_change": 0.7448163130807259
    },
    {
      "date": "2021-12-31T00:00:00",
      "quarter_label": "2021-12 (Q4)",
      "revenue": 210703000,
      "gross_profit": 131877000,
      "operating_income": -12203000,
      "net_income": -1224000,
      "opex": 144080000,
      "cogs": 78842000,
      "rd": null,
      "sga": 144080000,
      "fcf": 8373000,
      "ocf": 18325000,
      "capex": -9952000,
      "gross_margin": 0.6258904714218592,
      "op_margin": -0.05791564429552498,
      "fcf_margin": 0.03973839954817919,
      "incr_op_margin_yoy": -1.4500562429696289,
      "rev_growth_yoy": 0.14491966114772895,
      "fcf_margin_change": -0.15851357231283125
    },
    {
      "date": "2022-03-31T00:00:00",
      "quarter_label": "2022-03 (Q1)",
      "revenue": 250678000,
      "gross_profit": 158658000,
      "operating_income": 61217000,
      "net_income": 35299000,
      "opex": 97441000,
      "cogs": 92020000,
      "rd": null,
      "sga": 97441000,
      "fcf": -36839000,
      "ocf": -23944000,
      "capex": -12895000,
      "gross_margin": 0.6329155330743025,
      "op_margin": 0.2442057141033517,
      "fcf_margin": -0.14695745139182537,
      "incr_op_margin_yoy": 0.2542281879194631,
      "rev_growth_yoy": 0.2626833494519665,
      "rev_growth_yoy_accel": 0.11776368830423753,
      "op_leverage_ratio": Infinity,
      "fcf_margin_change": -0.18669585094000457
    },
    {
      "date": "2022-06-30T00:00:00",
      "quarter_label": "2022-06 (Q2)",
      "revenue": 244725000,
      "gross_profit": 153782000,
      "operating_income": 45397000,
      "net_income": 27617000,
      "opex": 108385000,
      "cogs": 90943000,
      "rd": null,
      "sga": 108385000,
      "fcf": -21974000,
      "ocf": -4564000,
      "capex": -17410000,
      "gross_margin": 0.6283869649606701,
      "op_margin": 0.18550209418735314,
      "fcf_margin": -0.08979058126468485,
      "incr_op_margin_yoy": 0.019972006890611543,
      "rev_growth_yoy": 0.17898281568412078,
      "rev_growth_yoy_accel": -0.0837005337678457,
      "fcf_margin_change": 0.057166870127140515
    },
    {
      "date": "2022-09-30T00:00:00",
      "quarter_label": "2022-09 (Q3)",
      "revenue": 280462000,
      "gross_profit": 181900000,
      "operating_income": 64476000,
      "net_income": 41423000,
      "opex": 117424000,
      "cogs": 98562000,
      "rd": null,
      "sga": 117424000,
      "fcf": 18023000,
      "ocf": 20333000,
      "capex": -2310000,
      "gross_margin": 0.6485727121677803,
      "op_margin": 0.22989210659554593,
      "fcf_margin": 0.06426182513139035,
      "incr_op_margin_yoy": -0.17803669931329505,
      "rev_growth_yoy": 0.06762950330419953,
      "rev_growth_yoy_accel": -0.11135331237992124,
      "op_leverage_ratio": 1.7510096943053468,
      "fcf_margin_change": 0.1540524063960752
    },
    {
      "date": "2022-12-31T00:00:00",
      "quarter_label": "2022-12 (Q4)",
      "revenue": 310835000,
      "gross_profit": 200082000,
      "operating_income": 23212000,
      "net_income": 16599000,
      "opex": 176870000,
      "cogs": 110706000,
      "rd": null,
      "sga": 169121000,
      "fcf": 80065000,
      "ocf": 81206000,
      "capex": -1141000,
      "gross_margin": 0.6436919909276626,
      "op_margin": 0.07467627519423488,
      "fcf_margin": 0.2575803883089099,
      "incr_op_margin_yoy": 0.3536831382575001,
      "rev_growth_yoy": 0.4752281647627229,
      "rev_growth_yoy_accel": 0.40759866145852336,
      "op_leverage_ratio": 0.21391827932990404,
      "fcf_margin_change": 0.19331856317751955
    },
    {
      "date": "2023-03-31T00:00:00",
      "quarter_label": "2023-03 (Q1)",
      "revenue": 311723000,
      "gross_profit": 202957000,
      "operating_income": 90279000,
      "net_income": 54068000,
      "opex": 112678000,
      "cogs": 108766000,
      "rd": null,
      "sga": 112678000,
      "fcf": -9773000,
      "ocf": -7358000,
      "capex": -2415000,
      "gross_margin": 0.6510812484160617,
      "op_margin": 0.2896128934983944,
      "fcf_margin": -0.03135155250013634,
      "incr_op_margin_yoy": 0.4760750266197068,
      "rev_growth_yoy": 0.24351957491283638,
      "rev_growth_yoy_accel": -0.23170858984988651,
      "fcf_margin_change": -0.2889319408090462
    },
    {
      "date": "2023-06-30T00:00:00",
      "quarter_label": "2023-06 (Q2)",
      "revenue": 309244000,
      "gross_profit": 188404000,
      "operating_income": 55021000,
      "net_income": 34952000,
      "opex": 133383000,
      "cogs": 120840000,
      "rd": null,
      "sga": 133383000,
      "fcf": 13336000,
      "ocf": 14123000,
      "capex": -787000,
      "gross_margin": 0.6092405996559351,
      "op_margin": 0.17792099442511414,
      "fcf_margin": 0.0431245230303579,
      "incr_op_margin_yoy": 0.1491653621413847,
      "rev_growth_yoy": 0.2636387782204515,
      "rev_growth_yoy_accel": 0.02011920330761513,
      "fcf_margin_change": 0.07447607553049423
    },
    {
      "date": "2023-09-30T00:00:00",
      "quarter_label": "2023-09 (Q3)",
      "revenue": 367969000,
      "gross_profit": 235007000,
      "operating_income": 87202000,
      "net_income": 53214000,
      "opex": 147805000,
      "cogs": 132962000,
      "rd": null,
      "sga": 147805000,
      "fcf": 16141000,
      "ocf": 17513000,
      "capex": -1372000,
      "gross_margin": 0.6386597784052461,
      "op_margin": 0.23698191967258112,
      "fcf_margin": 0.04386510820204963,
      "incr_op_margin_yoy": 0.25970493789068305,
      "rev_growth_yoy": 0.3120101831977238,
      "rev_growth_yoy_accel": 0.04837140497727227,
      "op_leverage_ratio": 1.7562920411302152,
      "fcf_margin_change": 0.0007405851716917253
    },
    {
      "date": "2023-12-31T00:00:00",
      "quarter_label": "2023-12 (Q4)",
      "revenue": 328764000,
      "gross_profit": 212710000,
      "operating_income": 18880000,
      "net_income": 10420000,
      "opex": 193830000,
      "cogs": 116029000,
      "rd": null,
      "sga": 193830000,
      "fcf": 79605000,
      "ocf": 81496000,
      "capex": -1891000,
      "gross_margin": 0.6469990631577667,
      "op_margin": 0.05742721222518281,
      "fcf_margin": 0.2421341752746651,
      "incr_op_margin_yoy": -0.24161972223771544,
      "rev_growth_yoy": 0.05768011967764248,
      "rev_growth_yoy_accel": -0.2543300635200813,
      "fcf_margin_change": 0.1982690670726155
    },
    {
      "date": "2024-03-31T00:00:00",
      "quarter_label": "2024-03 (Q1)",
      "revenue": 323963000,
      "gross_profit": 202385000,
      "operating_income": 67973000,
      "net_income": 41048000,
      "opex": 134412000,
      "cogs": 121578000,
      "rd": null,
      "sga": 134412000,
      "fcf": -53019000,
      "ocf": -51960000,
      "capex": -1059000,
      "gross_margin": 0.6247164027990851,
      "op_margin": 0.20981717047934487,
      "fcf_margin": -0.16365757818022428,
      "incr_op_margin_yoy": -1.8223856209150326,
      "rev_growth_yoy": 0.03926563006258762,
      "rev_growth_yoy_accel": -0.01841448961505486,
      "fcf_margin_change": -0.4057917534548894
    },
    {
      "date": "2024-06-30T00:00:00",
      "quarter_label": "2024-06 (Q2)",
      "revenue": 342229000,
      "gross_profit": 220757000,
      "operating_income": 64828000,
      "net_income": 36823000,
      "opex": 155929000,
      "cogs": 121472000,
      "rd": null,
      "sga": 155929000,
      "fcf": 24438000,
      "ocf": 25501000,
      "capex": -1063000,
      "gross_margin": 0.6450563803768822,
      "op_margin": 0.18942871585984822,
      "fcf_margin": 0.07140832600393304,
      "incr_op_margin_yoy": 0.2973169622555707,
      "rev_growth_yoy": 0.10666334674237819,
      "rev_growth_yoy_accel": 0.06739771667979058,
      "op_leverage_ratio": 0.352212175375395,
      "fcf_margin_change": 0.23506590418415732
    },
    {
      "date": "2024-09-30T00:00:00",
      "quarter_label": "2024-09 (Q3)",
      "revenue": 424629000,
      "gross_profit": 271160000,
      "operating_income": 105994000,
      "net_income": 62259000,
      "opex": 165166000,
      "cogs": 153469000,
      "rd": null,
      "sga": 165166000,
      "fcf": 75373000,
      "ocf": 76140000,
      "capex": -767000,
      "gross_margin": 0.6385809730376399,
      "op_margin": 0.24961554674786696,
      "fcf_margin": 0.17750318513337526,
      "incr_op_margin_yoy": 0.3316625485351218,
      "rev_growth_yoy": 0.15398036247618685,
      "rev_growth_yoy_accel": 0.04731701573380866,
      "op_leverage_ratio": 4.064492752647352,
      "fcf_margin_change": 0.10609485912944222
    },
    {
      "date": "2024-12-31T00:00:00",
      "quarter_label": "2024-12 (Q4)",
      "revenue": 361504000,
      "gross_profit": 233039000,
      "operating_income": 36000000,
      "net_income": 24228000,
      "opex": 197039000,
      "cogs": 128465000,
      "rd": null,
      "sga": 193034000,
      "fcf": 136110000,
      "ocf": 137961000,
      "capex": -1851000,
      "gross_margin": 0.644637403735505,
      "op_margin": 0.09958396034345401,
      "fcf_margin": 0.3765103567318757,
      "incr_op_margin_yoy": 0.5229077580940745,
      "rev_growth_yoy": 0.09958511272523755,
      "rev_growth_yoy_accel": -0.054395249750949295,
      "fcf_margin_change": 0.19900717159850045
    },
    {
      "date": "2025-03-31T00:00:00",
      "quarter_label": "2025-03 (Q1)",
      "revenue": 338819000,
      "gross_profit": 215977000,
      "operating_income": 75077000,
      "net_income": 42492000,
      "opex": 140900000,
      "cogs": 122842000,
      "rd": null,
      "sga": 140900000,
      "fcf": -8798000,
      "ocf": -7358000,
      "capex": -1440000,
      "gross_margin": 0.6374406393974363,
      "op_margin": 0.22158438576349024,
      "fcf_margin": -0.025966666568285723,
      "incr_op_margin_yoy": 0.4781906300484653,
      "rev_growth_yoy": 0.045857088618144665,
      "rev_growth_yoy_accel": -0.05372802410709289,
      "fcf_margin_change": -0.40247702330016144
    },
    {
      "date": "2025-06-30T00:00:00",
      "quarter_label": "2025-06 (Q2)",
      "revenue": 333936000,
      "gross_profit": 221089000,
      "operating_income": 59176000,
      "net_income": 31988000,
      "opex": 161913000,
      "cogs": 112847000,
      "rd": null,
      "sga": 161913000,
      "fcf": -3323000,
      "ocf": 11868000,
      "capex": -15191000,
      "gross_margin": 0.6620699774807148,
      "op_margin": 0.17720760864357243,
      "fcf_margin": -0.009951008576493699,
      "incr_op_margin_yoy": 0.6815386470517304,
      "rev_growth_yoy": -0.02423231228212688,
      "rev_growth_yoy_accel": -0.07008940090027155,
      "fcf_margin_change": 0.016015657991792026
    },
    {
      "date": "2025-09-30T00:00:00",
      "quarter_label": "2025-09 (Q3)",
      "revenue": 429579000,
      "gross_profit": 272817000,
      "operating_income": 108556000,
      "net_income": 65809000,
      "opex": 164261000,
      "cogs": 156762000,
      "rd": null,
      "sga": 164261000,
      "fcf": 57628000,
      "ocf": 63863000,
      "capex": -6235000,
      "gross_margin": 0.6350799270914081,
      "op_margin": 0.2527032280442014,
      "fcf_margin": 0.13414994680838682,
      "incr_op_margin_yoy": 0.5175757575757576,
      "rev_growth_yoy": 0.011657234903880799,
      "rev_growth_yoy_accel": 0.035889547186007675,
      "op_leverage_ratio": 19.7502945241443,
      "fcf_margin_change": 0.14410095538488052
    }
  ],
  "signals": [
    {
      "quarter": "2025-09 (Q3)",
      "signal": "FCF TURNED POSITIVE",
      "detail": "FCF margin: -1.0% -> +13.4%",
      "severity": "HIGH"
    },
    {
      "quarter": "2025-09 (Q3)",
      "signal": "OPERATING LEVERAGE",
      "detail": "Rev growth +28.6% vs OpEx growth +1.5% (leverage: 19.8x)",
      "severity": "MEDIUM"
    },
    {
      "quarter": "2025-09 (Q3)",
      "signal": "INCREMENTAL MARGIN (YoY)",
      "detail": "YoY Incr OPM: +51.8% vs year-ago OPM: +25.0%",
      "severity": "HIGH"
    },
    {
      "quarter": "2025-06 (Q2)",
      "signal": "GROSS MARGIN INFLECTION",
      "detail": "GM: +64.5% -> +63.7% -> +66.2% (reversal +2.5%)",
      "severity": "MEDIUM"
    },
    {
      "quarter": "2025-06 (Q2)",
      "signal": "YoY REVENUE GROWTH DECELERATION",
      "detail": "YoY growth: -2.4% vs prior quarter YoY: +4.6% (decel: -7.0%)",
      "severity": "WARNING"
    },
    {
      "quarter": "2025-06 (Q2)",
      "signal": "INCREMENTAL MARGIN (YoY)",
      "detail": "YoY Incr OPM: +68.2% vs year-ago OPM: +18.9%",
      "severity": "HIGH"
    },
    {
      "quarter": "2025-03 (Q1)",
      "signal": "YoY REVENUE GROWTH DECELERATION",
      "detail": "YoY growth: +4.6% vs prior quarter YoY: +10.0% (decel: -5.4%)",
      "severity": "WARNING"
    },
    {
      "quarter": "2025-03 (Q1)",
      "signal": "INCREMENTAL MARGIN (YoY)",
      "detail": "YoY Incr OPM: +47.8% vs year-ago OPM: +21.0%",
      "severity": "HIGH"
    },
    {
      "quarter": "2024-12 (Q4)",
      "signal": "FCF MARGIN EXPANSION",
      "detail": "FCF margin: +17.8% -> +37.7% (+19.9%)",
      "severity": "MEDIUM"
    },
    {
      "quarter": "2024-12 (Q4)",
      "signal": "YoY REVENUE GROWTH DECELERATION",
      "detail": "YoY growth: +10.0% vs prior quarter YoY: +15.4% (decel: -5.4%)",
      "severity": "WARNING"
    },
    {
      "quarter": "2024-12 (Q4)",
      "signal": "INCREMENTAL MARGIN (YoY)",
      "detail": "YoY Incr OPM: +52.3% vs year-ago OPM: +5.7%",
      "severity": "HIGH"
    },
    {
      "quarter": "2024-09 (Q3)",
      "signal": "FCF MARGIN EXPANSION",
      "detail": "FCF margin: +7.1% -> +17.8% (+10.6%)",
      "severity": "MEDIUM"
    },
    {
      "quarter": "2024-09 (Q3)",
      "signal": "OPERATING LEVERAGE",
      "detail": "Rev growth +24.1% vs OpEx growth +5.9% (leverage: 4.1x)",
      "severity": "MEDIUM"
    },
    {
      "quarter": "2024-06 (Q2)",
      "signal": "FCF TURNED POSITIVE",
      "detail": "FCF margin: -16.4% -> +7.1%",
      "severity": "HIGH"
    },
    {
      "quarter": "2024-06 (Q2)",
      "signal": "GROSS MARGIN INFLECTION",
      "detail": "GM: +64.7% -> +62.5% -> +64.5% (reversal +2.0%)",
      "severity": "MEDIUM"
    },
    {
      "quarter": "2024-06 (Q2)",
      "signal": "YoY REVENUE GROWTH ACCELERATION",
      "detail": "YoY growth: +10.7% vs prior quarter YoY: +3.9% (accel: +6.7%)",
      "severity": "MEDIUM"
    },
    {
      "quarter": "2024-06 (Q2)",
      "signal": "INCREMENTAL MARGIN (YoY)",
      "detail": "YoY Incr OPM: +29.7% vs year-ago OPM: +17.8%",
      "severity": "MEDIUM"
    },
    {
      "quarter": "2023-12 (Q4)",
      "signal": "FCF MARGIN EXPANSION",
      "detail": "FCF margin: +4.4% -> +24.2% (+19.8%)",
      "severity": "MEDIUM"
    },
    {
      "quarter": "2023-12 (Q4)",
      "signal": "YoY REVENUE GROWTH DECELERATION",
      "detail": "YoY growth: +5.8% vs prior quarter YoY: +31.2% (decel: -25.4%)",
      "severity": "WARNING"
    },
    {
      "quarter": "2023-09 (Q3)",
      "signal": "OPERATING LEVERAGE",
      "detail": "Rev growth +19.0% vs OpEx growth +10.8% (leverage: 1.8x)",
      "severity": "MEDIUM"
    },
    {
      "quarter": "2023-09 (Q3)",
      "signal": "GROSS MARGIN INFLECTION",
      "detail": "GM: +65.1% -> +60.9% -> +63.9% (reversal +2.9%)",
      "severity": "MEDIUM"
    },
    {
      "quarter": "2023-06 (Q2)",
      "signal": "FCF TURNED POSITIVE",
      "detail": "FCF margin: -3.1% -> +4.3%",
      "severity": "HIGH"
    },
    {
      "quarter": "2023-03 (Q1)",
      "signal": "YoY REVENUE GROWTH DECELERATION",
      "detail": "YoY growth: +24.4% vs prior quarter YoY: +47.5% (decel: -23.2%)",
      "severity": "WARNING"
    },
    {
      "quarter": "2023-03 (Q1)",
      "signal": "INCREMENTAL MARGIN (YoY)",
      "detail": "YoY Incr OPM: +47.6% vs year-ago OPM: +24.4%",
      "severity": "HIGH"
    },
    {
      "quarter": "2022-12 (Q4)",
      "signal": "FCF MARGIN EXPANSION",
      "detail": "FCF margin: +6.4% -> +25.8% (+19.3%)",
      "severity": "MEDIUM"
    },
    {
      "quarter": "2022-12 (Q4)",
      "signal": "YoY REVENUE GROWTH ACCELERATION",
      "detail": "YoY growth: +47.5% vs prior quarter YoY: +6.8% (accel: +40.8%)",
      "severity": "HIGH"
    },
    {
      "quarter": "2022-12 (Q4)",
      "signal": "OP MARGIN TURNED POSITIVE (YoY)",
      "detail": "Op margin: -5.8% (year-ago) -> +7.5%",
      "severity": "HIGH"
    },
    {
      "quarter": "2022-09 (Q3)",
      "signal": "FCF TURNED POSITIVE",
      "detail": "FCF margin: -9.0% -> +6.4%",
      "severity": "HIGH"
    },
    {
      "quarter": "2022-09 (Q3)",
      "signal": "OPERATING LEVERAGE",
      "detail": "Rev growth +14.6% vs OpEx growth +8.3% (leverage: 1.8x)",
      "severity": "MEDIUM"
    },
    {
      "quarter": "2022-09 (Q3)",
      "signal": "GROSS MARGIN INFLECTION",
      "detail": "GM: +63.3% -> +62.8% -> +64.9% (reversal +2.0%)",
      "severity": "MEDIUM"
    },
    {
      "quarter": "2022-09 (Q3)",
      "signal": "YoY REVENUE GROWTH DECELERATION",
      "detail": "YoY growth: +6.8% vs prior quarter YoY: +17.9% (decel: -11.1%)",
      "severity": "WARNING"
    },
    {
      "quarter": "2022-06 (Q2)",
      "signal": "FCF MARGIN EXPANSION",
      "detail": "FCF margin: -14.7% -> -9.0% (+5.7%)",
      "severity": "MEDIUM"
    },
    {
      "quarter": "2022-06 (Q2)",
      "signal": "YoY REVENUE GROWTH DECELERATION",
      "detail": "YoY growth: +17.9% vs prior quarter YoY: +26.3% (decel: -8.4%)",
      "severity": "WARNING"
    },
    {
      "quarter": "2022-03 (Q1)",
      "signal": "YoY REVENUE GROWTH ACCELERATION",
      "detail": "YoY growth: +26.3% vs prior quarter YoY: +14.5% (accel: +11.8%)",
      "severity": "MEDIUM"
    },
    {
      "quarter": "2022-03 (Q1)",
      "signal": "OP MARGIN TURNED POSITIVE (QoQ)",
      "detail": "Op margin: -5.8% -> +24.4%",
      "severity": "HIGH"
    },
    {
      "quarter": "2021-09 (Q3)",
      "signal": "FCF TURNED POSITIVE",
      "detail": "FCF margin: -54.7% -> +19.8%",
      "severity": "HIGH"
    },
    {
      "quarter": "2021-09 (Q3)",
      "signal": "OPERATING LEVERAGE",
      "detail": "Rev growth +26.6% vs OpEx growth +13.8% (leverage: 1.9x)",
      "severity": "MEDIUM"
    }
  ],
  "data_quality": {
    "n_quarters": 20,
    "coverage": {
      "revenue": [
        20,
        20
      ],
      "gross_profit": [
        20,
        20
      ],
      "op_income": [
        20,
        20
      ],
      "fcf": [
        20,
        20
      ]
    },
    "gaps": [],
    "warnings": []
  },
  "market_cap": null,
  "source": "SEC EDGAR",
  "last_updated": "2026-02-02T21:21:27.897557"
}