{
  "ticker": "IPGP",
  "name": "IPG PHOTONICS CORP",
  "quarters": [
    {
      "date": "2020-12-31T00:00:00",
      "quarter_label": "2020-12 (Q4)",
      "revenue": 336630000,
      "gross_profit": 146879000,
      "operating_income": 65241000,
      "net_income": 49339000,
      "opex": 81638000,
      "cogs": 189751000,
      "rd": 31766000,
      "sga": null,
      "fcf": 59493000,
      "ocf": 85318000,
      "capex": -25825000,
      "gross_margin": 0.4363217776193447,
      "op_margin": 0.1938062561269049,
      "fcf_margin": 0.17673112913287586
    },
    {
      "date": "2021-03-31T00:00:00",
      "quarter_label": "2021-03 (Q1)",
      "revenue": 345585000,
      "gross_profit": 163991000,
      "operating_income": 88842000,
      "net_income": 68127000,
      "opex": 75149000,
      "cogs": 181594000,
      "rd": 33339000,
      "sga": null,
      "fcf": 60122000,
      "ocf": 87543000,
      "capex": -27421000,
      "gross_margin": 0.4745315913595787,
      "op_margin": 0.257077130083771,
      "fcf_margin": 0.17397167122415613,
      "op_leverage_ratio": Infinity,
      "fcf_margin_change": -0.0027594579087197313
    },
    {
      "date": "2021-06-30T00:00:00",
      "quarter_label": "2021-06 (Q2)",
      "revenue": 371658000,
      "gross_profit": 180528000,
      "operating_income": 92252000,
      "net_income": 69800000,
      "opex": 88276000,
      "cogs": 191130000,
      "rd": 35191000,
      "sga": null,
      "fcf": 88724000,
      "ocf": 115647000,
      "capex": -26923000,
      "gross_margin": 0.4857368871381754,
      "op_margin": 0.24821744722298458,
      "fcf_margin": 0.23872484918930845,
      "op_leverage_ratio": 0.43191057887134404,
      "fcf_margin_change": 0.06475317796515231
    },
    {
      "date": "2021-09-30T00:00:00",
      "quarter_label": "2021-09 (Q3)",
      "revenue": 379150000,
      "gross_profit": 185874000,
      "operating_income": 101986000,
      "net_income": 75402000,
      "opex": 83888000,
      "cogs": 193276000,
      "rd": 34277000,
      "sga": null,
      "fcf": 62453000,
      "ocf": 101966000,
      "capex": -39513000,
      "gross_margin": 0.490238691810629,
      "op_margin": 0.2689858894896479,
      "fcf_margin": 0.16471844916260056,
      "op_leverage_ratio": Infinity,
      "fcf_margin_change": -0.07400640002670789
    },
    {
      "date": "2021-12-31T00:00:00",
      "quarter_label": "2021-12 (Q4)",
      "revenue": 364467000,
      "gross_profit": 166005000,
      "operating_income": 84803000,
      "net_income": 65087000,
      "opex": 81202000,
      "cogs": 198462000,
      "rd": 36766000,
      "sga": null,
      "fcf": 55293000,
      "ocf": 84544000,
      "capex": -29251000,
      "gross_margin": 0.4554733350344476,
      "op_margin": 0.2326767581152752,
      "fcf_margin": 0.1517092082410753,
      "incr_op_margin_yoy": 0.702733771598951,
      "rev_growth_yoy": 0.08269316460208538,
      "fcf_margin_change": -0.01300924092152525
    },
    {
      "date": "2022-03-31T00:00:00",
      "quarter_label": "2022-03 (Q1)",
      "revenue": 369979000,
      "gross_profit": 171821000,
      "operating_income": 93143000,
      "net_income": 69572000,
      "opex": 78678000,
      "cogs": 198158000,
      "rd": 33450000,
      "sga": null,
      "fcf": -8754000,
      "ocf": 16423000,
      "capex": -25177000,
      "gross_margin": 0.4644074393411518,
      "op_margin": 0.251752126472043,
      "fcf_margin": -0.023660802369864235,
      "incr_op_margin_yoy": 0.17631384766745922,
      "rev_growth_yoy": 0.07058755443667983,
      "rev_growth_yoy_accel": -0.012105610165405553,
      "op_leverage_ratio": Infinity,
      "fcf_margin_change": -0.17537001061093954
    },
    {
      "date": "2022-06-30T00:00:00",
      "quarter_label": "2022-06 (Q2)",
      "revenue": 377023000,
      "gross_profit": 172344000,
      "operating_income": 71675000,
      "net_income": 56968000,
      "opex": 100669000,
      "cogs": 204679000,
      "rd": 30608000,
      "sga": null,
      "fcf": 44012000,
      "ocf": 78738000,
      "capex": -34726000,
      "gross_margin": 0.4571180007585744,
      "op_margin": 0.19010776530874773,
      "fcf_margin": 0.11673558377075138,
      "incr_op_margin_yoy": -3.8354147250698976,
      "rev_growth_yoy": 0.014435314186698524,
      "rev_growth_yoy_accel": -0.056152240249981306,
      "op_leverage_ratio": 0.06811623045109373,
      "fcf_margin_change": 0.14039638614061561
    },
    {
      "date": "2022-09-30T00:00:00",
      "quarter_label": "2022-09 (Q3)",
      "revenue": 349006000,
      "gross_profit": 150424000,
      "operating_income": 93162000,
      "net_income": 76264000,
      "opex": 57262000,
      "cogs": 198582000,
      "rd": 25436000,
      "sga": null,
      "fcf": 51216000,
      "ocf": 75865000,
      "capex": -24649000,
      "gross_margin": 0.4310069167865309,
      "op_margin": 0.2669352389357203,
      "fcf_margin": 0.14674819344080045,
      "incr_op_margin_yoy": 0.2927282377919321,
      "rev_growth_yoy": -0.07950415402874851,
      "rev_growth_yoy_accel": -0.09393946821544703,
      "fcf_margin_change": 0.030012609670049067
    },
    {
      "date": "2022-12-31T00:00:00",
      "quarter_label": "2022-12 (Q4)",
      "revenue": 333539000,
      "gross_profit": 60824000,
      "operating_income": -88480000,
      "net_income": -92895000,
      "opex": 149304000,
      "cogs": 272715000,
      "rd": 26620000,
      "sga": null,
      "fcf": 16034000,
      "ocf": 41623000,
      "capex": -25589000,
      "gross_margin": 0.18235948419824968,
      "op_margin": -0.2652763245077787,
      "fcf_margin": 0.0480723393666108,
      "incr_op_margin_yoy": 5.602787118468702,
      "rev_growth_yoy": -0.08485816274175714,
      "rev_growth_yoy_accel": -0.005354008713008632,
      "fcf_margin_change": -0.09867585407418965
    },
    {
      "date": "2023-03-31T00:00:00",
      "quarter_label": "2023-03 (Q1)",
      "revenue": 347174000,
      "gross_profit": 146938000,
      "operating_income": 75426000,
      "net_income": 60135000,
      "opex": 71512000,
      "cogs": 200236000,
      "rd": 22770000,
      "sga": null,
      "fcf": 3876000,
      "ocf": 37280000,
      "capex": -33404000,
      "gross_margin": 0.4232402196016983,
      "op_margin": 0.21725705265947334,
      "fcf_margin": 0.011164430516110078,
      "incr_op_margin_yoy": 0.7768910326682745,
      "rev_growth_yoy": -0.06163863354406601,
      "rev_growth_yoy_accel": 0.02321952919769113,
      "op_leverage_ratio": Infinity,
      "fcf_margin_change": -0.03690790885050073
    },
    {
      "date": "2023-06-30T00:00:00",
      "quarter_label": "2023-06 (Q2)",
      "revenue": 339971000,
      "gross_profit": 147691000,
      "operating_income": 72063000,
      "net_income": 62321000,
      "opex": 75628000,
      "cogs": 192280000,
      "rd": 23512000,
      "sga": null,
      "fcf": 40931000,
      "ocf": 66666000,
      "capex": -25735000,
      "gross_margin": 0.4344223477884878,
      "op_margin": 0.2119680796303214,
      "fcf_margin": 0.12039556315097465,
      "incr_op_margin_yoy": -0.010471769405160316,
      "rev_growth_yoy": -0.09827517154125875,
      "rev_growth_yoy_accel": -0.03663653799719274,
      "fcf_margin_change": 0.10923113263486457
    },
    {
      "date": "2023-09-30T00:00:00",
      "quarter_label": "2023-09 (Q3)",
      "revenue": 301401000,
      "gross_profit": 132902000,
      "operating_income": 55706000,
      "net_income": 54994000,
      "opex": 77196000,
      "cogs": 168499000,
      "rd": 24708000,
      "sga": null,
      "fcf": 59861000,
      "ocf": 85978000,
      "capex": -26117000,
      "gross_margin": 0.4409474421120036,
      "op_margin": 0.1848235407314508,
      "fcf_margin": 0.19860916188068387,
      "incr_op_margin_yoy": 0.7868081083919757,
      "rev_growth_yoy": -0.13640166644699517,
      "rev_growth_yoy_accel": -0.03812649490573641,
      "fcf_margin_change": 0.07821359872970922
    },
    {
      "date": "2023-12-31T00:00:00",
      "quarter_label": "2023-12 (Q4)",
      "revenue": 298893000,
      "gross_profit": 114167000,
      "operating_income": 28778000,
      "net_income": 41428000,
      "opex": 85389000,
      "cogs": 184726000,
      "rd": 27714000,
      "sga": null,
      "fcf": 80835000,
      "ocf": 106062000,
      "capex": -25227000,
      "gross_margin": 0.38196612165557575,
      "op_margin": 0.09628194705128591,
      "fcf_margin": 0.27044795294637214,
      "incr_op_margin_yoy": -3.3844599665185013,
      "rev_growth_yoy": -0.10387390979765485,
      "rev_growth_yoy_accel": 0.03252775664934032,
      "fcf_margin_change": 0.07183879106568827
    },
    {
      "date": "2024-03-31T00:00:00",
      "quarter_label": "2024-03 (Q1)",
      "revenue": 252009000,
      "gross_profit": 97536000,
      "operating_income": 19100000,
      "net_income": 24099000,
      "opex": 78436000,
      "cogs": 154473000,
      "rd": 29381000,
      "sga": null,
      "fcf": 26544000,
      "ocf": 54596000,
      "capex": -28052000,
      "gross_margin": 0.3870337964120329,
      "op_margin": 0.07579094397422315,
      "fcf_margin": 0.10532957156292037,
      "incr_op_margin_yoy": 0.5918772658015027,
      "rev_growth_yoy": -0.27411326885077797,
      "rev_growth_yoy_accel": -0.17023935905312312,
      "fcf_margin_change": -0.16511838138345175
    },
    {
      "date": "2024-06-30T00:00:00",
      "quarter_label": "2024-06 (Q2)",
      "revenue": 257645000,
      "gross_profit": 96186000,
      "operating_income": 12040000,
      "net_income": 20154000,
      "opex": 84146000,
      "cogs": 161459000,
      "rd": 27487000,
      "sga": null,
      "fcf": 29240000,
      "ocf": 53458000,
      "capex": -24218000,
      "gross_margin": 0.3733276407459877,
      "op_margin": 0.04673096702827534,
      "fcf_margin": 0.11348949135438297,
      "incr_op_margin_yoy": 0.7290892306197313,
      "rev_growth_yoy": -0.2421559485956155,
      "rev_growth_yoy_accel": 0.03195732025516246,
      "op_leverage_ratio": 0.3072092322836245,
      "fcf_margin_change": 0.008159919791462591
    },
    {
      "date": "2024-09-30T00:00:00",
      "quarter_label": "2024-09 (Q3)",
      "revenue": 233143000,
      "gross_profit": 54089000,
      "operating_income": -253346000,
      "net_income": -233594000,
      "opex": 307435000,
      "cogs": 179054000,
      "rd": 27177000,
      "sga": null,
      "fcf": 42970000,
      "ocf": 66058000,
      "capex": -23088000,
      "gross_margin": 0.23199924509850178,
      "op_margin": -1.086654971412395,
      "fcf_margin": 0.18430748510570766,
      "incr_op_margin_yoy": 4.527703712385361,
      "rev_growth_yoy": -0.22646905617433252,
      "rev_growth_yoy_accel": 0.01568689242128299,
      "fcf_margin_change": 0.07081799375132469
    },
    {
      "date": "2024-12-31T00:00:00",
      "quarter_label": "2024-12 (Q4)",
      "revenue": 234337000,
      "gross_profit": 90344000,
      "operating_income": 13952000,
      "net_income": 7815000,
      "opex": 76392000,
      "cogs": 143993000,
      "rd": 25738000,
      "sga": null,
      "fcf": 50618000,
      "ocf": 73784000,
      "capex": -23166000,
      "gross_margin": 0.3855302406363485,
      "op_margin": 0.05953818645796438,
      "fcf_margin": 0.21600515496912567,
      "incr_op_margin_yoy": 0.2296610694590743,
      "rev_growth_yoy": -0.21598364632159334,
      "rev_growth_yoy_accel": 0.010485409852739186,
      "fcf_margin_change": 0.031697669863418015
    },
    {
      "date": "2025-03-31T00:00:00",
      "quarter_label": "2025-03 (Q1)",
      "revenue": 227793000,
      "gross_profit": 89812000,
      "operating_income": 1827000,
      "net_income": 3758000,
      "opex": 87985000,
      "cogs": 137981000,
      "rd": 28336000,
      "sga": null,
      "fcf": -11373000,
      "ocf": 13445000,
      "capex": -24818000,
      "gross_margin": 0.39427023657443383,
      "op_margin": 0.008020439609645599,
      "fcf_margin": -0.04992690732375446,
      "incr_op_margin_yoy": 0.7132887347208458,
      "rev_growth_yoy": -0.09609180624501507,
      "rev_growth_yoy_accel": 0.11989184007657827,
      "fcf_margin_change": -0.26593206229288013
    },
    {
      "date": "2025-06-30T00:00:00",
      "quarter_label": "2025-06 (Q2)",
      "revenue": 250721000,
      "gross_profit": 93573000,
      "operating_income": 104000,
      "net_income": 6605000,
      "opex": 93469000,
      "cogs": 157148000,
      "rd": 29937000,
      "sga": null,
      "fcf": -17574000,
      "ocf": -2216000,
      "capex": -15358000,
      "gross_margin": 0.37321564607671476,
      "op_margin": 0.0004148037061115742,
      "fcf_margin": -0.07009384933850775,
      "incr_op_margin_yoy": 1.7238590410167534,
      "rev_growth_yoy": -0.026874187350812165,
      "rev_growth_yoy_accel": 0.0692176188942029,
      "op_leverage_ratio": 1.614867860103695,
      "fcf_margin_change": -0.02016694201475329
    },
    {
      "date": "2025-09-30T00:00:00",
      "quarter_label": "2025-09 (Q3)",
      "revenue": 250792000,
      "gross_profit": 99005000,
      "operating_income": 7855000,
      "net_income": 7463000,
      "opex": 91150000,
      "cogs": 151787000,
      "rd": 30358000,
      "sga": null,
      "fcf": 14575000,
      "ocf": 35306000,
      "capex": -20731000,
      "gross_margin": 0.394769370633832,
      "op_margin": 0.031320775782321605,
      "fcf_margin": 0.0581158888640786,
      "incr_op_margin_yoy": 14.79976202617712,
      "rev_growth_yoy": 0.07570032126205806,
      "rev_growth_yoy_accel": 0.10257450861287022,
      "fcf_margin_change": 0.12820973820258635
    }
  ],
  "signals": [
    {
      "quarter": "2025-09 (Q3)",
      "signal": "FCF TURNED POSITIVE",
      "detail": "FCF margin: -7.0% -> +5.8%",
      "severity": "HIGH"
    },
    {
      "quarter": "2025-09 (Q3)",
      "signal": "GROSS MARGIN INFLECTION",
      "detail": "GM: +39.4% -> +37.3% -> +39.5% (reversal +2.2%)",
      "severity": "MEDIUM"
    },
    {
      "quarter": "2025-09 (Q3)",
      "signal": "YoY REVENUE GROWTH ACCELERATION",
      "detail": "YoY growth: +7.6% vs prior quarter YoY: -2.7% (accel: +10.3%)",
      "severity": "MEDIUM"
    },
    {
      "quarter": "2025-09 (Q3)",
      "signal": "OP MARGIN TURNED POSITIVE (YoY)",
      "detail": "Op margin: -108.7% (year-ago) -> +3.1%",
      "severity": "HIGH"
    },
    {
      "quarter": "2025-06 (Q2)",
      "signal": "OPERATING LEVERAGE",
      "detail": "Rev growth +10.1% vs OpEx growth +6.2% (leverage: 1.6x)",
      "severity": "MEDIUM"
    },
    {
      "quarter": "2025-06 (Q2)",
      "signal": "YoY REVENUE GROWTH ACCELERATION",
      "detail": "YoY growth: -2.7% vs prior quarter YoY: -9.6% (accel: +6.9%)",
      "severity": "MEDIUM"
    },
    {
      "quarter": "2025-06 (Q2)",
      "signal": "INCREMENTAL MARGIN (YoY)",
      "detail": "YoY Incr OPM: +172.4% vs year-ago OPM: +4.7%",
      "severity": "HIGH"
    },
    {
      "quarter": "2025-03 (Q1)",
      "signal": "YoY REVENUE GROWTH ACCELERATION",
      "detail": "YoY growth: -9.6% vs prior quarter YoY: -21.6% (accel: +12.0%)",
      "severity": "MEDIUM"
    },
    {
      "quarter": "2025-03 (Q1)",
      "signal": "INCREMENTAL MARGIN (YoY)",
      "detail": "YoY Incr OPM: +71.3% vs year-ago OPM: +7.6%",
      "severity": "HIGH"
    },
    {
      "quarter": "2024-12 (Q4)",
      "signal": "GROSS MARGIN INFLECTION",
      "detail": "GM: +37.3% -> +23.2% -> +38.6% (reversal +15.4%)",
      "severity": "HIGH"
    },
    {
      "quarter": "2024-12 (Q4)",
      "signal": "INCREMENTAL MARGIN (YoY)",
      "detail": "YoY Incr OPM: +23.0% vs year-ago OPM: +9.6%",
      "severity": "MEDIUM"
    },
    {
      "quarter": "2024-12 (Q4)",
      "signal": "OP MARGIN TURNED POSITIVE (QoQ)",
      "detail": "Op margin: -108.7% -> +6.0%",
      "severity": "HIGH"
    },
    {
      "quarter": "2024-09 (Q3)",
      "signal": "FCF MARGIN EXPANSION",
      "detail": "FCF margin: +11.3% -> +18.4% (+7.1%)",
      "severity": "MEDIUM"
    },
    {
      "quarter": "2024-06 (Q2)",
      "signal": "INCREMENTAL MARGIN (YoY)",
      "detail": "YoY Incr OPM: +72.9% vs year-ago OPM: +21.2%",
      "severity": "HIGH"
    },
    {
      "quarter": "2024-03 (Q1)",
      "signal": "YoY REVENUE GROWTH DECELERATION",
      "detail": "YoY growth: -27.4% vs prior quarter YoY: -10.4% (decel: -17.0%)",
      "severity": "WARNING"
    },
    {
      "quarter": "2024-03 (Q1)",
      "signal": "INCREMENTAL MARGIN (YoY)",
      "detail": "YoY Incr OPM: +59.2% vs year-ago OPM: +21.7%",
      "severity": "HIGH"
    },
    {
      "quarter": "2023-12 (Q4)",
      "signal": "FCF MARGIN EXPANSION",
      "detail": "FCF margin: +19.9% -> +27.0% (+7.2%)",
      "severity": "MEDIUM"
    },
    {
      "quarter": "2023-12 (Q4)",
      "signal": "OP MARGIN TURNED POSITIVE (YoY)",
      "detail": "Op margin: -26.5% (year-ago) -> +9.6%",
      "severity": "HIGH"
    },
    {
      "quarter": "2023-09 (Q3)",
      "signal": "FCF MARGIN EXPANSION",
      "detail": "FCF margin: +12.0% -> +19.9% (+7.8%)",
      "severity": "MEDIUM"
    },
    {
      "quarter": "2023-09 (Q3)",
      "signal": "INCREMENTAL MARGIN (YoY)",
      "detail": "YoY Incr OPM: +78.7% vs year-ago OPM: +26.7%",
      "severity": "HIGH"
    },
    {
      "quarter": "2023-06 (Q2)",
      "signal": "FCF MARGIN EXPANSION",
      "detail": "FCF margin: +1.1% -> +12.0% (+10.9%)",
      "severity": "MEDIUM"
    },
    {
      "quarter": "2023-03 (Q1)",
      "signal": "GROSS MARGIN INFLECTION",
      "detail": "GM: +43.1% -> +18.2% -> +42.3% (reversal +24.1%)",
      "severity": "HIGH"
    },
    {
      "quarter": "2023-03 (Q1)",
      "signal": "INCREMENTAL MARGIN (YoY)",
      "detail": "YoY Incr OPM: +77.7% vs year-ago OPM: +25.2%",
      "severity": "HIGH"
    },
    {
      "quarter": "2023-03 (Q1)",
      "signal": "OP MARGIN TURNED POSITIVE (QoQ)",
      "detail": "Op margin: -26.5% -> +21.7%",
      "severity": "HIGH"
    },
    {
      "quarter": "2022-09 (Q3)",
      "signal": "YoY REVENUE GROWTH DECELERATION",
      "detail": "YoY growth: -8.0% vs prior quarter YoY: +1.4% (decel: -9.4%)",
      "severity": "WARNING"
    },
    {
      "quarter": "2022-06 (Q2)",
      "signal": "FCF TURNED POSITIVE",
      "detail": "FCF margin: -2.4% -> +11.7%",
      "severity": "HIGH"
    },
    {
      "quarter": "2022-06 (Q2)",
      "signal": "YoY REVENUE GROWTH DECELERATION",
      "detail": "YoY growth: +1.4% vs prior quarter YoY: +7.1% (decel: -5.6%)",
      "severity": "WARNING"
    },
    {
      "quarter": "2021-12 (Q4)",
      "signal": "INCREMENTAL MARGIN (YoY)",
      "detail": "YoY Incr OPM: +70.3% vs year-ago OPM: +19.4%",
      "severity": "HIGH"
    },
    {
      "quarter": "2021-06 (Q2)",
      "signal": "FCF MARGIN EXPANSION",
      "detail": "FCF margin: +17.4% -> +23.9% (+6.5%)",
      "severity": "MEDIUM"
    }
  ],
  "data_quality": {
    "n_quarters": 20,
    "coverage": {
      "revenue": [
        20,
        20
      ],
      "gross_profit": [
        20,
        20
      ],
      "op_income": [
        20,
        20
      ],
      "fcf": [
        20,
        20
      ]
    },
    "gaps": [],
    "warnings": []
  },
  "market_cap": null,
  "source": "SEC EDGAR",
  "last_updated": "2026-02-02T21:14:35.955263"
}