{
  "ticker": "IPM",
  "name": "INTELLIGENT PROTECTION MANAGEMENT CORP.",
  "quarters": [
    {
      "date": "2020-12-31T00:00:00",
      "quarter_label": "2020-12 (Q4)",
      "revenue": 3422200,
      "gross_profit": 2789733,
      "operating_income": 531843,
      "net_income": 531257,
      "opex": 2890357,
      "cogs": 632467,
      "rd": 1295084,
      "sga": null,
      "fcf": 522739,
      "ocf": 522739,
      "capex": null,
      "gross_margin": 0.815187014201391,
      "op_margin": 0.15540967798492197,
      "fcf_margin": 0.15274940097013617
    },
    {
      "date": "2021-03-31T00:00:00",
      "quarter_label": "2021-03 (Q1)",
      "revenue": 3372002,
      "gross_profit": 2725287,
      "operating_income": 408862,
      "net_income": 916729,
      "opex": 2963140,
      "cogs": 646715,
      "rd": 1297264,
      "sga": null,
      "fcf": 96055,
      "ocf": 96055,
      "capex": null,
      "gross_margin": 0.8082103747269427,
      "op_margin": 0.1212520040023701,
      "fcf_margin": 0.028486044788822783,
      "fcf_margin_change": -0.12426335618131339
    },
    {
      "date": "2021-06-30T00:00:00",
      "quarter_label": "2021-06 (Q2)",
      "revenue": 3415803,
      "gross_profit": 2785221,
      "operating_income": 577011,
      "net_income": 821684,
      "opex": 2838792,
      "cogs": 630582,
      "rd": 1298767,
      "sga": null,
      "fcf": 515933,
      "ocf": 515933,
      "capex": null,
      "gross_margin": 0.8153927495233185,
      "op_margin": 0.1689239689759626,
      "fcf_margin": 0.15104296120121682,
      "op_leverage_ratio": Infinity,
      "fcf_margin_change": 0.12255691641239404
    },
    {
      "date": "2021-09-30T00:00:00",
      "quarter_label": "2021-09 (Q3)",
      "revenue": 3377647,
      "gross_profit": 2633081,
      "operating_income": -456542,
      "net_income": -409036,
      "opex": 3834189,
      "cogs": 744566,
      "rd": 1334732,
      "sga": null,
      "fcf": 478067,
      "ocf": 478067,
      "capex": null,
      "gross_margin": 0.7795607415458158,
      "op_margin": -0.1351656937507087,
      "fcf_margin": 0.14153847338102532,
      "fcf_margin_change": -0.009504487820191504
    },
    {
      "date": "2021-12-31T00:00:00",
      "quarter_label": "2021-12 (Q4)",
      "revenue": 3108397,
      "gross_profit": 2410071,
      "operating_income": -9841,
      "net_income": -5271,
      "opex": 3118238,
      "cogs": 698326,
      "rd": 1461056,
      "sga": null,
      "fcf": 175409,
      "ocf": 175409,
      "capex": null,
      "gross_margin": 0.775342081465141,
      "op_margin": -0.003165940515320276,
      "fcf_margin": 0.056430694020101035,
      "rev_growth_yoy": -0.09169627724855356,
      "fcf_margin_change": -0.08510777936092428
    },
    {
      "date": "2022-03-31T00:00:00",
      "quarter_label": "2022-03 (Q1)",
      "revenue": 2926701,
      "gross_profit": 2274605,
      "operating_income": -713166,
      "net_income": -738945,
      "opex": 3639867,
      "cogs": 652096,
      "rd": 1530141,
      "sga": null,
      "fcf": -1232954,
      "ocf": -1232954,
      "capex": null,
      "gross_margin": 0.7771907687187725,
      "op_margin": -0.24367572908882731,
      "fcf_margin": -0.42127774583054434,
      "rev_growth_yoy": -0.13205834397488495,
      "rev_growth_yoy_accel": -0.040362066726331386,
      "fcf_margin_change": -0.47770843985064537
    },
    {
      "date": "2022-06-30T00:00:00",
      "quarter_label": "2022-06 (Q2)",
      "revenue": 2644468,
      "gross_profit": 1982920,
      "operating_income": -1083586,
      "net_income": -1128706,
      "opex": 3728054,
      "cogs": 661548,
      "rd": 1521764,
      "sga": null,
      "fcf": -410980,
      "ocf": -410980,
      "capex": null,
      "gross_margin": 0.7498370182584928,
      "op_margin": -0.40975576183943235,
      "fcf_margin": -0.15541122070677355,
      "rev_growth_yoy": -0.22581366665466363,
      "rev_growth_yoy_accel": -0.09375532267977868,
      "fcf_margin_change": 0.2658665251237708
    },
    {
      "date": "2022-09-30T00:00:00",
      "quarter_label": "2022-09 (Q3)",
      "revenue": 2623467,
      "gross_profit": 1848137,
      "operating_income": -1060403,
      "net_income": -1050365,
      "opex": 3683870,
      "cogs": 775330,
      "rd": 1485479,
      "sga": null,
      "fcf": -979748,
      "ocf": -979748,
      "capex": null,
      "gross_margin": 0.7044635972169652,
      "op_margin": -0.40419909989338537,
      "fcf_margin": -0.3734554313052156,
      "rev_growth_yoy": -0.22328561865701183,
      "rev_growth_yoy_accel": 0.0025280479976518,
      "fcf_margin_change": -0.21804421059844203
    },
    {
      "date": "2022-12-31T00:00:00",
      "quarter_label": "2022-12 (Q4)",
      "revenue": 2794909,
      "gross_profit": 2060313,
      "operating_income": -801655,
      "net_income": -494234,
      "opex": 3596564,
      "cogs": 734596,
      "rd": 1397049,
      "sga": null,
      "fcf": -333042,
      "ocf": -333042,
      "capex": null,
      "gross_margin": 0.7371663979041894,
      "op_margin": -0.2868268698551545,
      "fcf_margin": -0.11916023026152193,
      "rev_growth_yoy": -0.10085198254920462,
      "rev_growth_yoy_accel": 0.1224336361078072,
      "op_leverage_ratio": Infinity,
      "fcf_margin_change": 0.25429520104369363
    },
    {
      "date": "2023-03-31T00:00:00",
      "quarter_label": "2023-03 (Q1)",
      "revenue": 2564017,
      "gross_profit": 1761542,
      "operating_income": -909019,
      "net_income": -738298,
      "opex": 3473036,
      "cogs": 802475,
      "rd": 1248582,
      "sga": null,
      "fcf": -802991,
      "ocf": -802991,
      "capex": null,
      "gross_margin": 0.6870243060010912,
      "op_margin": -0.3545292406407602,
      "fcf_margin": -0.31317694071451163,
      "rev_growth_yoy": -0.12392246423532845,
      "rev_growth_yoy_accel": -0.023070481686123828,
      "fcf_margin_change": -0.19401671045298968
    },
    {
      "date": "2023-06-30T00:00:00",
      "quarter_label": "2023-06 (Q2)",
      "revenue": 2956002,
      "gross_profit": 2181974,
      "operating_income": -277698,
      "net_income": 135629,
      "opex": 3233700,
      "cogs": 774028,
      "rd": 1163640,
      "sga": null,
      "fcf": -193787,
      "ocf": -193787,
      "capex": null,
      "gross_margin": 0.7381503801418267,
      "op_margin": -0.09394377946970266,
      "fcf_margin": -0.06555712749856056,
      "rev_growth_yoy": 0.11780592542621049,
      "rev_growth_yoy_accel": 0.24172838966153892,
      "op_leverage_ratio": Infinity,
      "fcf_margin_change": 0.24761981321595106
    },
    {
      "date": "2023-09-30T00:00:00",
      "quarter_label": "2023-09 (Q3)",
      "revenue": 2767939,
      "gross_profit": 1941277,
      "operating_income": -389416,
      "net_income": -181576,
      "opex": 3157355,
      "cogs": 826662,
      "rd": 1193430,
      "sga": null,
      "fcf": 16058,
      "ocf": 16058,
      "capex": null,
      "gross_margin": 0.7013438518695679,
      "op_margin": -0.14068807152180737,
      "fcf_margin": 0.00580142842743283,
      "rev_growth_yoy": 0.05506911274279417,
      "rev_growth_yoy_accel": -0.06273681268341633,
      "fcf_margin_change": 0.0713585559259934
    },
    {
      "date": "2023-12-31T00:00:00",
      "quarter_label": "2023-12 (Q4)",
      "revenue": 2691886,
      "gross_profit": 1856808,
      "operating_income": -494110,
      "net_income": -283090,
      "opex": 3185996,
      "cogs": 835078,
      "rd": 1254955,
      "sga": null,
      "fcf": -98951,
      "ocf": -98951,
      "capex": null,
      "gross_margin": 0.6897795820476795,
      "op_margin": -0.18355532143634612,
      "fcf_margin": -0.03675898607890527,
      "rev_growth_yoy": -0.03686094967671577,
      "rev_growth_yoy_accel": -0.09193006241950993,
      "fcf_margin_change": -0.0425604145063381
    },
    {
      "date": "2024-03-31T00:00:00",
      "quarter_label": "2024-03 (Q1)",
      "revenue": 2597730,
      "gross_profit": 1778655,
      "operating_income": -762191,
      "net_income": -492307,
      "opex": 3359921,
      "cogs": 819075,
      "rd": 1211701,
      "sga": null,
      "fcf": -520794,
      "ocf": -520794,
      "capex": null,
      "gross_margin": 0.6846958690857018,
      "op_margin": -0.2934065511042333,
      "fcf_margin": -0.2004804194431292,
      "rev_growth_yoy": 0.013148508765737513,
      "rev_growth_yoy_accel": 0.05000945844245328,
      "fcf_margin_change": -0.16372143336422393
    },
    {
      "date": "2024-06-30T00:00:00",
      "quarter_label": "2024-06 (Q2)",
      "revenue": 271409,
      "gross_profit": -539084,
      "operating_income": -1174060,
      "net_income": -934151,
      "opex": 3398685,
      "cogs": 810493,
      "rd": 1212220,
      "sga": null,
      "fcf": -251251,
      "ocf": -251251,
      "capex": null,
      "gross_margin": -1.9862421658824874,
      "op_margin": -4.325796123194146,
      "fcf_margin": -0.9257283288321316,
      "incr_op_margin_yoy": 0.3338912080900159,
      "rev_growth_yoy": -0.9081837563032772,
      "rev_growth_yoy_accel": -0.9213322650690147,
      "fcf_margin_change": -0.7252479093890024
    },
    {
      "date": "2024-09-30T00:00:00",
      "quarter_label": "2024-09 (Q3)",
      "revenue": 2121234,
      "gross_profit": 1361068,
      "operating_income": -1687534,
      "net_income": -1509250,
      "opex": 3808768,
      "cogs": 760166,
      "rd": 1209326,
      "sga": null,
      "fcf": -779691,
      "ocf": -779691,
      "capex": null,
      "gross_margin": 0.6416397248016956,
      "op_margin": -0.7955435373938,
      "fcf_margin": -0.36756482311711014,
      "rev_growth_yoy": -0.2336413483100603,
      "rev_growth_yoy_accel": 0.6745424079932169,
      "op_leverage_ratio": 56.486614784576666,
      "fcf_margin_change": 0.5581635057150215
    },
    {
      "date": "2024-12-31T00:00:00",
      "quarter_label": "2024-12 (Q4)",
      "revenue": -5845309,
      "gross_profit": -3718463,
      "operating_income": -1497764,
      "net_income": -5490501,
      "opex": -4347545,
      "cogs": -2126846,
      "rd": -3417709,
      "sga": null,
      "fcf": -1467551,
      "ocf": -1467551,
      "capex": null,
      "gross_margin": 0.6361448128747342,
      "op_margin": 0.25623350279685814,
      "fcf_margin": 0.25106474268511725,
      "incr_op_margin_yoy": 0.11756250150078568,
      "rev_growth_yoy": -3.171454883304865,
      "rev_growth_yoy_accel": -2.9378135349948047,
      "fcf_margin_change": 0.6186295658022274
    },
    {
      "date": "2025-03-31T00:00:00",
      "quarter_label": "2025-03 (Q1)",
      "revenue": 5518038,
      "gross_profit": 3053375,
      "operating_income": -1333927,
      "net_income": 808530,
      "opex": 6851965,
      "cogs": 2464663,
      "rd": 765364,
      "sga": null,
      "fcf": 1744783,
      "ocf": 1744783,
      "capex": null,
      "gross_margin": 0.5533443227465994,
      "op_margin": -0.24173936460749273,
      "fcf_margin": 0.3161962639619372,
      "incr_op_margin_yoy": -0.19577934930151203,
      "rev_growth_yoy": 1.1241768775045906,
      "rev_growth_yoy_accel": 4.295631760809456,
      "fcf_margin_change": 0.06513152127681993
    },
    {
      "date": "2025-06-30T00:00:00",
      "quarter_label": "2025-06 (Q2)",
      "revenue": 5722599,
      "gross_profit": 2865150,
      "operating_income": -1129699,
      "net_income": -1050028,
      "opex": 6852298,
      "cogs": 2857449,
      "rd": null,
      "sga": null,
      "fcf": -888678,
      "ocf": -888678,
      "capex": null,
      "gross_margin": 0.5006728586084749,
      "op_margin": -0.19741012781080763,
      "fcf_margin": -0.15529272625951948,
      "incr_op_margin_yoy": 0.008137856137834125,
      "rev_growth_yoy": 20.08477979728012,
      "rev_growth_yoy_accel": 18.96060291977553,
      "op_leverage_ratio": Infinity,
      "fcf_margin_change": -0.4714889902214566
    },
    {
      "date": "2025-09-30T00:00:00",
      "quarter_label": "2025-09 (Q3)",
      "revenue": 6238019,
      "gross_profit": 3161686,
      "operating_income": -1435762,
      "net_income": -1083070,
      "opex": 7673781,
      "cogs": 3076333,
      "rd": null,
      "sga": null,
      "fcf": 133037,
      "ocf": 133037,
      "capex": null,
      "gross_margin": 0.50684135460312,
      "op_margin": -0.23016313352043333,
      "fcf_margin": 0.021326802627564936,
      "incr_op_margin_yoy": 0.06115743231672288,
      "rev_growth_yoy": 1.9407500539780147,
      "rev_growth_yoy_accel": -18.144029743302106,
      "op_leverage_ratio": 0.7512865489319274,
      "fcf_margin_change": 0.17661952888708443
    }
  ],
  "signals": [
    {
      "quarter": "2025-09 (Q3)",
      "signal": "FCF TURNED POSITIVE",
      "detail": "FCF margin: -15.5% -> +2.1%",
      "severity": "HIGH"
    },
    {
      "quarter": "2025-09 (Q3)",
      "signal": "YoY REVENUE GROWTH DECELERATION",
      "detail": "YoY growth: +194.1% vs prior quarter YoY: +2008.5% (decel: -1814.4%)",
      "severity": "WARNING"
    },
    {
      "quarter": "2025-06 (Q2)",
      "signal": "OPERATING LEVERAGE",
      "detail": "Rev growth +3.7% vs OpEx growth +0.0% (leverage: 762.8x)",
      "severity": "MEDIUM"
    },
    {
      "quarter": "2025-06 (Q2)",
      "signal": "YoY REVENUE GROWTH ACCELERATION",
      "detail": "YoY growth: +2008.5% vs prior quarter YoY: +112.4% (accel: +1896.1%)",
      "severity": "HIGH"
    },
    {
      "quarter": "2025-03 (Q1)",
      "signal": "FCF MARGIN EXPANSION",
      "detail": "FCF margin: +25.1% -> +31.6% (+6.5%)",
      "severity": "MEDIUM"
    },
    {
      "quarter": "2025-03 (Q1)",
      "signal": "YoY REVENUE GROWTH ACCELERATION",
      "detail": "YoY growth: +112.4% vs prior quarter YoY: -317.1% (accel: +429.6%)",
      "severity": "HIGH"
    },
    {
      "quarter": "2024-12 (Q4)",
      "signal": "FCF TURNED POSITIVE",
      "detail": "FCF margin: -36.8% -> +25.1%",
      "severity": "HIGH"
    },
    {
      "quarter": "2024-12 (Q4)",
      "signal": "YoY REVENUE GROWTH DECELERATION",
      "detail": "YoY growth: -317.1% vs prior quarter YoY: -23.4% (decel: -293.8%)",
      "severity": "WARNING"
    },
    {
      "quarter": "2024-12 (Q4)",
      "signal": "OP MARGIN TURNED POSITIVE (YoY)",
      "detail": "Op margin: -18.4% (year-ago) -> +25.6%",
      "severity": "HIGH"
    },
    {
      "quarter": "2024-12 (Q4)",
      "signal": "OP MARGIN TURNED POSITIVE (QoQ)",
      "detail": "Op margin: -79.6% -> +25.6%",
      "severity": "HIGH"
    },
    {
      "quarter": "2024-09 (Q3)",
      "signal": "FCF MARGIN EXPANSION",
      "detail": "FCF margin: -92.6% -> -36.8% (+55.8%)",
      "severity": "MEDIUM"
    },
    {
      "quarter": "2024-09 (Q3)",
      "signal": "OPERATING LEVERAGE",
      "detail": "Rev growth +681.6% vs OpEx growth +12.1% (leverage: 56.5x)",
      "severity": "MEDIUM"
    },
    {
      "quarter": "2024-09 (Q3)",
      "signal": "GROSS MARGIN INFLECTION",
      "detail": "GM: +68.5% -> -198.6% -> +64.2% (reversal +262.8%)",
      "severity": "HIGH"
    },
    {
      "quarter": "2024-09 (Q3)",
      "signal": "YoY REVENUE GROWTH ACCELERATION",
      "detail": "YoY growth: -23.4% vs prior quarter YoY: -90.8% (accel: +67.5%)",
      "severity": "HIGH"
    },
    {
      "quarter": "2024-06 (Q2)",
      "signal": "YoY REVENUE GROWTH DECELERATION",
      "detail": "YoY growth: -90.8% vs prior quarter YoY: +1.3% (decel: -92.1%)",
      "severity": "WARNING"
    },
    {
      "quarter": "2024-03 (Q1)",
      "signal": "YoY REVENUE GROWTH ACCELERATION",
      "detail": "YoY growth: +1.3% vs prior quarter YoY: -3.7% (accel: +5.0%)",
      "severity": "MEDIUM"
    },
    {
      "quarter": "2023-12 (Q4)",
      "signal": "YoY REVENUE GROWTH DECELERATION",
      "detail": "YoY growth: -3.7% vs prior quarter YoY: +5.5% (decel: -9.2%)",
      "severity": "WARNING"
    },
    {
      "quarter": "2023-09 (Q3)",
      "signal": "FCF TURNED POSITIVE",
      "detail": "FCF margin: -6.6% -> +0.6%",
      "severity": "HIGH"
    },
    {
      "quarter": "2023-09 (Q3)",
      "signal": "YoY REVENUE GROWTH DECELERATION",
      "detail": "YoY growth: +5.5% vs prior quarter YoY: +11.8% (decel: -6.3%)",
      "severity": "WARNING"
    },
    {
      "quarter": "2023-06 (Q2)",
      "signal": "FCF MARGIN EXPANSION",
      "detail": "FCF margin: -31.3% -> -6.6% (+24.8%)",
      "severity": "MEDIUM"
    },
    {
      "quarter": "2023-06 (Q2)",
      "signal": "GROSS MARGIN INFLECTION",
      "detail": "GM: +73.7% -> +68.7% -> +73.8% (reversal +5.1%)",
      "severity": "HIGH"
    },
    {
      "quarter": "2023-06 (Q2)",
      "signal": "YoY REVENUE GROWTH ACCELERATION",
      "detail": "YoY growth: +11.8% vs prior quarter YoY: -12.4% (accel: +24.2%)",
      "severity": "HIGH"
    },
    {
      "quarter": "2022-12 (Q4)",
      "signal": "FCF MARGIN EXPANSION",
      "detail": "FCF margin: -37.3% -> -11.9% (+25.4%)",
      "severity": "MEDIUM"
    },
    {
      "quarter": "2022-12 (Q4)",
      "signal": "GROSS MARGIN INFLECTION",
      "detail": "GM: +75.0% -> +70.4% -> +73.7% (reversal +3.3%)",
      "severity": "MEDIUM"
    },
    {
      "quarter": "2022-12 (Q4)",
      "signal": "YoY REVENUE GROWTH ACCELERATION",
      "detail": "YoY growth: -10.1% vs prior quarter YoY: -22.3% (accel: +12.2%)",
      "severity": "MEDIUM"
    },
    {
      "quarter": "2022-06 (Q2)",
      "signal": "FCF MARGIN EXPANSION",
      "detail": "FCF margin: -42.1% -> -15.5% (+26.6%)",
      "severity": "MEDIUM"
    },
    {
      "quarter": "2022-06 (Q2)",
      "signal": "YoY REVENUE GROWTH DECELERATION",
      "detail": "YoY growth: -22.6% vs prior quarter YoY: -13.2% (decel: -9.4%)",
      "severity": "WARNING"
    },
    {
      "quarter": "2021-06 (Q2)",
      "signal": "FCF MARGIN EXPANSION",
      "detail": "FCF margin: +2.8% -> +15.1% (+12.3%)",
      "severity": "MEDIUM"
    }
  ],
  "data_quality": {
    "n_quarters": 20,
    "coverage": {
      "revenue": [
        20,
        20
      ],
      "gross_profit": [
        20,
        20
      ],
      "op_income": [
        20,
        20
      ],
      "fcf": [
        20,
        20
      ]
    },
    "gaps": [],
    "warnings": []
  },
  "market_cap": null,
  "source": "SEC EDGAR",
  "last_updated": "2026-02-02T23:56:01.207078"
}