{
  "ticker": "IPW",
  "name": "iPower Inc.",
  "quarters": [
    {
      "date": "2020-12-31T00:00:00",
      "quarter_label": "2020-12 (Q4)",
      "revenue": 11254317,
      "gross_profit": 4947591,
      "operating_income": 853106,
      "net_income": 575476,
      "opex": 4094485,
      "cogs": 6306726,
      "rd": null,
      "sga": 1309736,
      "fcf": null,
      "ocf": null,
      "capex": null,
      "gross_margin": 0.439617170904285,
      "op_margin": 0.07580255647677242,
      "fcf_margin": null
    },
    {
      "date": "2021-03-31T00:00:00",
      "quarter_label": "2021-03 (Q1)",
      "revenue": 13133902,
      "gross_profit": 5764775,
      "operating_income": 788734,
      "net_income": -206823,
      "opex": 4976041,
      "cogs": 7369127,
      "rd": null,
      "sga": 1904144,
      "fcf": -3324757,
      "ocf": -3319010,
      "capex": -5747,
      "gross_margin": 0.43892325372916596,
      "op_margin": 0.06005328804798452,
      "fcf_margin": -0.2531431253255887,
      "op_leverage_ratio": 0.7756971673481166
    },
    {
      "date": "2021-06-30T00:00:00",
      "quarter_label": "2021-06 (Q2)",
      "revenue": 14727768,
      "gross_profit": 6543410,
      "operating_income": 242351,
      "net_income": -1906398,
      "opex": 6301059,
      "cogs": 8184358,
      "rd": null,
      "sga": 1897777,
      "fcf": -7970872,
      "ocf": -7970872,
      "capex": null,
      "gross_margin": 0.4442906759530704,
      "op_margin": 0.016455378710473985,
      "fcf_margin": -0.5412138485614385,
      "op_leverage_ratio": 0.4557432100699024,
      "fcf_margin_change": -0.2880707232358498
    },
    {
      "date": "2021-09-30T00:00:00",
      "quarter_label": "2021-09 (Q3)",
      "revenue": 17366765,
      "gross_profit": 7313702,
      "operating_income": 1290315,
      "net_income": 887528,
      "opex": 6023387,
      "cogs": 10053063,
      "rd": null,
      "sga": 2357466,
      "fcf": -5259608,
      "ocf": -5209185,
      "capex": -50423,
      "gross_margin": 0.42113208763981086,
      "op_margin": 0.07429794783311687,
      "fcf_margin": -0.3028547918970516,
      "op_leverage_ratio": Infinity,
      "fcf_margin_change": 0.2383590566643869
    },
    {
      "date": "2021-12-31T00:00:00",
      "quarter_label": "2021-12 (Q4)",
      "revenue": 17125663,
      "gross_profit": 7557612,
      "operating_income": 1135285,
      "net_income": 797861,
      "opex": 6422327,
      "cogs": 9568051,
      "rd": null,
      "sga": 2780488,
      "fcf": -7039859,
      "ocf": -7033858,
      "capex": -6001,
      "gross_margin": 0.441303323555999,
      "op_margin": 0.06629144810335226,
      "fcf_margin": -0.4110707421954992,
      "incr_op_margin_yoy": 0.048060359583645726,
      "rev_growth_yoy": 0.5216972296053151,
      "fcf_margin_change": -0.1082159502984476
    },
    {
      "date": "2022-03-31T00:00:00",
      "quarter_label": "2022-03 (Q1)",
      "revenue": 22808214,
      "gross_profit": 9209651,
      "operating_income": 1376989,
      "net_income": 1181757,
      "opex": 7832662,
      "cogs": 13598563,
      "rd": null,
      "sga": 2802395,
      "fcf": -2502222,
      "ocf": -2517226,
      "capex": 15004,
      "gross_margin": 0.4037865919707698,
      "op_margin": 0.060372504396880876,
      "fcf_margin": -0.1097070555370973,
      "incr_op_margin_yoy": 0.06080587436088478,
      "rev_growth_yoy": 0.7365908471069755,
      "rev_growth_yoy_accel": 0.21489361750166047,
      "op_leverage_ratio": 1.5110056177187072,
      "fcf_margin_change": 0.3013636866584019
    },
    {
      "date": "2022-06-30T00:00:00",
      "quarter_label": "2022-06 (Q2)",
      "revenue": 22117831,
      "gross_profit": 9118928,
      "operating_income": -1490552,
      "net_income": -1349271,
      "opex": 10609480,
      "cogs": 12998903,
      "rd": null,
      "sga": 3767117,
      "fcf": -2285488,
      "ocf": -1842736,
      "capex": -442752,
      "gross_margin": 0.412288528653646,
      "op_margin": -0.06739141826339119,
      "fcf_margin": -0.10333237467995844,
      "incr_op_margin_yoy": -0.23449096442073633,
      "rev_growth_yoy": 0.5017775266421904,
      "rev_growth_yoy_accel": -0.2348133204647851,
      "fcf_margin_change": 0.006374680857138854
    },
    {
      "date": "2022-09-30T00:00:00",
      "quarter_label": "2022-09 (Q3)",
      "revenue": 26022673,
      "gross_profit": 9985716,
      "operating_income": -4593306,
      "net_income": -4182376,
      "opex": 14579022,
      "cogs": 16036957,
      "rd": null,
      "sga": 3100176,
      "fcf": 321036,
      "ocf": 379025,
      "capex": -57989,
      "gross_margin": 0.383731371485166,
      "op_margin": -0.17651169040167394,
      "fcf_margin": 0.012336780314612569,
      "incr_op_margin_yoy": -0.679723144007538,
      "rev_growth_yoy": 0.4984179840056568,
      "rev_growth_yoy_accel": -0.0033595426365336523,
      "op_leverage_ratio": 0.4718615909037913,
      "fcf_margin_change": 0.115669154994571
    },
    {
      "date": "2022-12-31T00:00:00",
      "quarter_label": "2022-12 (Q4)",
      "revenue": 19254590,
      "gross_profit": 7969526,
      "operating_income": -4082566,
      "net_income": -3290439,
      "opex": 12052092,
      "cogs": 11285064,
      "rd": null,
      "sga": 2713355,
      "fcf": 7329805,
      "ocf": 7399183,
      "capex": -69378,
      "gross_margin": 0.41390265905428264,
      "op_margin": -0.21203079369646408,
      "fcf_margin": 0.3806783213768769,
      "incr_op_margin_yoy": -2.4509299755228806,
      "rev_growth_yoy": 0.12431209232600221,
      "rev_growth_yoy_accel": -0.3741058916796546,
      "fcf_margin_change": 0.36834154106226435
    },
    {
      "date": "2023-03-31T00:00:00",
      "quarter_label": "2023-03 (Q1)",
      "revenue": 20225619,
      "gross_profit": 7791721,
      "operating_income": -1811198,
      "net_income": -1530534,
      "opex": 9602919,
      "cogs": 12433898,
      "rd": null,
      "sga": 3065795,
      "fcf": -9894,
      "ocf": 7624,
      "capex": -17518,
      "gross_margin": 0.38524017484953116,
      "op_margin": -0.08954969437523766,
      "fcf_margin": -0.0004891815671995008,
      "incr_op_margin_yoy": 1.2344897283546201,
      "rev_growth_yoy": -0.11323091759837048,
      "rev_growth_yoy_accel": -0.2375430099243727,
      "op_leverage_ratio": Infinity,
      "fcf_margin_change": -0.3811675029440764
    },
    {
      "date": "2023-06-30T00:00:00",
      "quarter_label": "2023-06 (Q2)",
      "revenue": 23399166,
      "gross_profit": 9050498,
      "operating_income": -2996473,
      "net_income": -2962041,
      "opex": 12046971,
      "cogs": 14348668,
      "rd": null,
      "sga": 3913672,
      "fcf": 1429509,
      "ocf": 1425437,
      "capex": 4072,
      "gross_margin": 0.38678720429608476,
      "op_margin": -0.12805896586228757,
      "fcf_margin": 0.061092305597558474,
      "incr_op_margin_yoy": -1.1752750061459338,
      "rev_growth_yoy": 0.05793221767541311,
      "rev_growth_yoy_accel": 0.17116313527378357,
      "op_leverage_ratio": 0.6165040535588676,
      "fcf_margin_change": 0.061581487164757975
    },
    {
      "date": "2023-09-30T00:00:00",
      "quarter_label": "2023-09 (Q3)",
      "revenue": 26508374,
      "gross_profit": 11758845,
      "operating_income": -1268677,
      "net_income": -1286515,
      "opex": 13027522,
      "cogs": 14749529,
      "rd": null,
      "sga": 2964051,
      "fcf": 4052341,
      "ocf": 4052341,
      "capex": null,
      "gross_margin": 0.4435898256151056,
      "op_margin": -0.047859480177848704,
      "fcf_margin": 0.15287022131195221,
      "rev_growth_yoy": 0.018664531502970507,
      "rev_growth_yoy_accel": -0.0392676861724426,
      "op_leverage_ratio": 1.6325146076295598,
      "fcf_margin_change": 0.09177791571439374
    },
    {
      "date": "2023-12-31T00:00:00",
      "quarter_label": "2023-12 (Q4)",
      "revenue": 16800122,
      "gross_profit": 7318240,
      "operating_income": -2552347,
      "net_income": -1914828,
      "opex": 9870587,
      "cogs": 9481882,
      "rd": null,
      "sga": 2933607,
      "fcf": 993390,
      "ocf": 993390,
      "capex": null,
      "gross_margin": 0.43560636047762036,
      "op_margin": -0.15192431340677168,
      "fcf_margin": 0.05912992774695327,
      "incr_op_margin_yoy": -0.6234422286214365,
      "rev_growth_yoy": -0.12747443596565805,
      "rev_growth_yoy_accel": -0.14613896746862856,
      "fcf_margin_change": -0.09374029356499894
    },
    {
      "date": "2024-03-31T00:00:00",
      "quarter_label": "2024-03 (Q1)",
      "revenue": 23308508,
      "gross_profit": 10948338,
      "operating_income": 1601276,
      "net_income": 1016082,
      "opex": 9347062,
      "cogs": 12360170,
      "rd": null,
      "sga": 3321184,
      "fcf": 106225,
      "ocf": 106225,
      "capex": null,
      "gross_margin": 0.46971423481932006,
      "op_margin": 0.06869920631556511,
      "fcf_margin": 0.004557348758659285,
      "incr_op_margin_yoy": 1.106907838718812,
      "rev_growth_yoy": 0.1524249517406612,
      "rev_growth_yoy_accel": 0.2798993877063193,
      "op_leverage_ratio": Infinity,
      "fcf_margin_change": -0.054572578988293985
    },
    {
      "date": "2024-06-30T00:00:00",
      "quarter_label": "2024-06 (Q2)",
      "revenue": 19454481,
      "gross_profit": 9227830,
      "operating_income": 1256856,
      "net_income": 657102,
      "opex": 7970974,
      "cogs": 10226651,
      "rd": null,
      "sga": 2902127,
      "fcf": 1012121,
      "ocf": 1012121,
      "capex": null,
      "gross_margin": 0.4743292817731812,
      "op_margin": 0.06460496170522359,
      "fcf_margin": 0.05202508357843111,
      "incr_op_margin_yoy": -1.078243002926723,
      "rev_growth_yoy": -0.16858229049702028,
      "rev_growth_yoy_accel": -0.3210072422376815,
      "fcf_margin_change": 0.047467734819771824
    },
    {
      "date": "2024-09-30T00:00:00",
      "quarter_label": "2024-09 (Q3)",
      "revenue": 19008521,
      "gross_profit": 8487897,
      "operating_income": -2746434,
      "net_income": -2029281,
      "opex": 11234331,
      "cogs": 10520624,
      "rd": null,
      "sga": 5319523,
      "fcf": -1415643,
      "ocf": -1415643,
      "capex": null,
      "gross_margin": 0.44653116357658756,
      "op_margin": -0.14448436046128996,
      "fcf_margin": -0.07447412662984143,
      "incr_op_margin_yoy": 0.1970381286139875,
      "rev_growth_yoy": -0.2829239167970091,
      "rev_growth_yoy_accel": -0.11434162629998884,
      "fcf_margin_change": -0.12649921020827254
    },
    {
      "date": "2024-12-31T00:00:00",
      "quarter_label": "2024-12 (Q4)",
      "revenue": 19072571,
      "gross_profit": 8389886,
      "operating_income": 683607,
      "net_income": 218819,
      "opex": 7706279,
      "cogs": 10682685,
      "rd": null,
      "sga": 3077365,
      "fcf": 27717,
      "ocf": 27717,
      "capex": null,
      "gross_margin": 0.43989276537494604,
      "op_margin": 0.035842414743140816,
      "fcf_margin": 0.0014532387898831258,
      "incr_op_margin_yoy": 1.4239941138392984,
      "rev_growth_yoy": 0.13526383915545376,
      "rev_growth_yoy_accel": 0.4181877559524629,
      "fcf_margin_change": 0.07592736541972456
    },
    {
      "date": "2025-03-31T00:00:00",
      "quarter_label": "2025-03 (Q1)",
      "revenue": 16569678,
      "gross_profit": 7176974,
      "operating_income": -269003,
      "net_income": null,
      "opex": 7445977,
      "cogs": 9392704,
      "rd": null,
      "sga": 1914226,
      "fcf": 887712,
      "ocf": 887712,
      "capex": null,
      "gross_margin": 0.43313901453003495,
      "op_margin": -0.01623465465050075,
      "fcf_margin": 0.0535744870841787,
      "incr_op_margin_yoy": 0.277537643774958,
      "rev_growth_yoy": -0.2891146014150713,
      "rev_growth_yoy_accel": -0.42437844057052504,
      "fcf_margin_change": 0.052121248294295576
    },
    {
      "date": "2025-06-30T00:00:00",
      "quarter_label": "2025-06 (Q2)",
      "revenue": 11492009,
      "gross_profit": 4938937,
      "operating_income": -3533932,
      "net_income": null,
      "opex": 8472869,
      "cogs": 6553072,
      "rd": null,
      "sga": 2346514,
      "fcf": -78973,
      "ocf": -78973,
      "capex": null,
      "gross_margin": 0.42977141768684657,
      "op_margin": -0.30751211559266967,
      "fcf_margin": -0.006871992529765683,
      "incr_op_margin_yoy": 0.6016709383719026,
      "rev_growth_yoy": -0.40928729992848434,
      "rev_growth_yoy_accel": -0.12017269851341306,
      "fcf_margin_change": -0.060446479613944386
    },
    {
      "date": "2025-09-30T00:00:00",
      "quarter_label": "2025-09 (Q3)",
      "revenue": 12017467,
      "gross_profit": 4806524,
      "operating_income": -1695179,
      "net_income": null,
      "opex": 6501703,
      "cogs": 7210943,
      "rd": null,
      "sga": 1321513,
      "fcf": 1686463,
      "ocf": 1686463,
      "capex": null,
      "gross_margin": 0.39996148938873727,
      "op_margin": -0.14105959267456278,
      "fcf_margin": 0.1403343150432616,
      "incr_op_margin_yoy": -0.15037146044072897,
      "rev_growth_yoy": -0.36778526851194787,
      "rev_growth_yoy_accel": 0.04150203141653647,
      "op_leverage_ratio": Infinity,
      "fcf_margin_change": 0.14720630757302727
    }
  ],
  "signals": [
    {
      "quarter": "2025-09 (Q3)",
      "signal": "FCF TURNED POSITIVE",
      "detail": "FCF margin: -0.7% -> +14.0%",
      "severity": "HIGH"
    },
    {
      "quarter": "2025-06 (Q2)",
      "signal": "YoY REVENUE GROWTH DECELERATION",
      "detail": "YoY growth: -40.9% vs prior quarter YoY: -28.9% (decel: -12.0%)",
      "severity": "WARNING"
    },
    {
      "quarter": "2025-03 (Q1)",
      "signal": "FCF MARGIN EXPANSION",
      "detail": "FCF margin: +0.1% -> +5.4% (+5.2%)",
      "severity": "MEDIUM"
    },
    {
      "quarter": "2025-03 (Q1)",
      "signal": "YoY REVENUE GROWTH DECELERATION",
      "detail": "YoY growth: -28.9% vs prior quarter YoY: +13.5% (decel: -42.4%)",
      "severity": "WARNING"
    },
    {
      "quarter": "2024-12 (Q4)",
      "signal": "FCF TURNED POSITIVE",
      "detail": "FCF margin: -7.4% -> +0.1%",
      "severity": "HIGH"
    },
    {
      "quarter": "2024-12 (Q4)",
      "signal": "YoY REVENUE GROWTH ACCELERATION",
      "detail": "YoY growth: +13.5% vs prior quarter YoY: -28.3% (accel: +41.8%)",
      "severity": "HIGH"
    },
    {
      "quarter": "2024-12 (Q4)",
      "signal": "OP MARGIN TURNED POSITIVE (YoY)",
      "detail": "Op margin: -15.2% (year-ago) -> +3.6%",
      "severity": "HIGH"
    },
    {
      "quarter": "2024-12 (Q4)",
      "signal": "OP MARGIN TURNED POSITIVE (QoQ)",
      "detail": "Op margin: -14.4% -> +3.6%",
      "severity": "HIGH"
    },
    {
      "quarter": "2024-09 (Q3)",
      "signal": "YoY REVENUE GROWTH DECELERATION",
      "detail": "YoY growth: -28.3% vs prior quarter YoY: -16.9% (decel: -11.4%)",
      "severity": "WARNING"
    },
    {
      "quarter": "2024-06 (Q2)",
      "signal": "YoY REVENUE GROWTH DECELERATION",
      "detail": "YoY growth: -16.9% vs prior quarter YoY: +15.2% (decel: -32.1%)",
      "severity": "WARNING"
    },
    {
      "quarter": "2024-06 (Q2)",
      "signal": "OP MARGIN TURNED POSITIVE (YoY)",
      "detail": "Op margin: -12.8% (year-ago) -> +6.5%",
      "severity": "HIGH"
    },
    {
      "quarter": "2024-03 (Q1)",
      "signal": "GROSS MARGIN INFLECTION",
      "detail": "GM: +44.4% -> +43.6% -> +47.0% (reversal +3.4%)",
      "severity": "MEDIUM"
    },
    {
      "quarter": "2024-03 (Q1)",
      "signal": "YoY REVENUE GROWTH ACCELERATION",
      "detail": "YoY growth: +15.2% vs prior quarter YoY: -12.7% (accel: +28.0%)",
      "severity": "HIGH"
    },
    {
      "quarter": "2024-03 (Q1)",
      "signal": "OP MARGIN TURNED POSITIVE (YoY)",
      "detail": "Op margin: -9.0% (year-ago) -> +6.9%",
      "severity": "HIGH"
    },
    {
      "quarter": "2024-03 (Q1)",
      "signal": "OP MARGIN TURNED POSITIVE (QoQ)",
      "detail": "Op margin: -15.2% -> +6.9%",
      "severity": "HIGH"
    },
    {
      "quarter": "2023-12 (Q4)",
      "signal": "YoY REVENUE GROWTH DECELERATION",
      "detail": "YoY growth: -12.7% vs prior quarter YoY: +1.9% (decel: -14.6%)",
      "severity": "WARNING"
    },
    {
      "quarter": "2023-09 (Q3)",
      "signal": "FCF MARGIN EXPANSION",
      "detail": "FCF margin: +6.1% -> +15.3% (+9.2%)",
      "severity": "MEDIUM"
    },
    {
      "quarter": "2023-09 (Q3)",
      "signal": "OPERATING LEVERAGE",
      "detail": "Rev growth +13.3% vs OpEx growth +8.1% (leverage: 1.6x)",
      "severity": "MEDIUM"
    },
    {
      "quarter": "2023-06 (Q2)",
      "signal": "FCF TURNED POSITIVE",
      "detail": "FCF margin: -0.0% -> +6.1%",
      "severity": "HIGH"
    },
    {
      "quarter": "2023-06 (Q2)",
      "signal": "YoY REVENUE GROWTH ACCELERATION",
      "detail": "YoY growth: +5.8% vs prior quarter YoY: -11.3% (accel: +17.1%)",
      "severity": "HIGH"
    },
    {
      "quarter": "2023-03 (Q1)",
      "signal": "YoY REVENUE GROWTH DECELERATION",
      "detail": "YoY growth: -11.3% vs prior quarter YoY: +12.4% (decel: -23.8%)",
      "severity": "WARNING"
    },
    {
      "quarter": "2022-12 (Q4)",
      "signal": "FCF MARGIN EXPANSION",
      "detail": "FCF margin: +1.2% -> +38.1% (+36.8%)",
      "severity": "MEDIUM"
    },
    {
      "quarter": "2022-12 (Q4)",
      "signal": "GROSS MARGIN INFLECTION",
      "detail": "GM: +41.2% -> +38.4% -> +41.4% (reversal +3.0%)",
      "severity": "MEDIUM"
    },
    {
      "quarter": "2022-12 (Q4)",
      "signal": "YoY REVENUE GROWTH DECELERATION",
      "detail": "YoY growth: +12.4% vs prior quarter YoY: +49.8% (decel: -37.4%)",
      "severity": "WARNING"
    },
    {
      "quarter": "2022-09 (Q3)",
      "signal": "FCF TURNED POSITIVE",
      "detail": "FCF margin: -10.3% -> +1.2%",
      "severity": "HIGH"
    },
    {
      "quarter": "2022-06 (Q2)",
      "signal": "YoY REVENUE GROWTH DECELERATION",
      "detail": "YoY growth: +50.2% vs prior quarter YoY: +73.7% (decel: -23.5%)",
      "severity": "WARNING"
    },
    {
      "quarter": "2022-03 (Q1)",
      "signal": "FCF MARGIN EXPANSION",
      "detail": "FCF margin: -41.1% -> -11.0% (+30.1%)",
      "severity": "MEDIUM"
    },
    {
      "quarter": "2022-03 (Q1)",
      "signal": "OPERATING LEVERAGE",
      "detail": "Rev growth +33.2% vs OpEx growth +22.0% (leverage: 1.5x)",
      "severity": "MEDIUM"
    },
    {
      "quarter": "2022-03 (Q1)",
      "signal": "YoY REVENUE GROWTH ACCELERATION",
      "detail": "YoY growth: +73.7% vs prior quarter YoY: +52.2% (accel: +21.5%)",
      "severity": "HIGH"
    },
    {
      "quarter": "2021-12 (Q4)",
      "signal": "GROSS MARGIN INFLECTION",
      "detail": "GM: +44.4% -> +42.1% -> +44.1% (reversal +2.0%)",
      "severity": "MEDIUM"
    },
    {
      "quarter": "2021-09 (Q3)",
      "signal": "FCF MARGIN EXPANSION",
      "detail": "FCF margin: -54.1% -> -30.3% (+23.8%)",
      "severity": "MEDIUM"
    }
  ],
  "data_quality": {
    "n_quarters": 20,
    "coverage": {
      "revenue": [
        20,
        20
      ],
      "gross_profit": [
        20,
        20
      ],
      "op_income": [
        20,
        20
      ],
      "fcf": [
        19,
        20
      ]
    },
    "gaps": [],
    "warnings": []
  },
  "market_cap": null,
  "source": "SEC EDGAR",
  "last_updated": "2026-02-03T00:20:33.549110"
}