{
  "ticker": "IQST",
  "name": "IQSTEL Inc.",
  "quarters": [
    {
      "date": "2020-12-31T00:00:00",
      "quarter_label": "2020-12 (Q4)",
      "revenue": 44910006,
      "gross_profit": 962352,
      "operating_income": -3212015,
      "net_income": -3025419,
      "opex": 1013037,
      "cogs": 43947654,
      "rd": null,
      "sga": null,
      "fcf": -1700545,
      "ocf": -1625668,
      "capex": -74877,
      "gross_margin": 0.02142845405097474,
      "op_margin": -0.07152114386268396,
      "fcf_margin": -0.03786561507028077
    },
    {
      "date": "2021-03-31T00:00:00",
      "quarter_label": "2021-03 (Q1)",
      "revenue": 14197611,
      "gross_profit": 487370,
      "operating_income": -1010741,
      "net_income": -1942391,
      "opex": 1498111,
      "cogs": 13710241,
      "rd": null,
      "sga": null,
      "fcf": -1060538,
      "ocf": -1042192,
      "capex": -18346,
      "gross_margin": 0.034327606243050326,
      "op_margin": -0.0711909207823767,
      "fcf_margin": -0.07469834185483741,
      "fcf_margin_change": -0.03683272678455664
    },
    {
      "date": "2021-06-30T00:00:00",
      "quarter_label": "2021-06 (Q2)",
      "revenue": 16128367,
      "gross_profit": 44565,
      "operating_income": -1164602,
      "net_income": -987376,
      "opex": 1209167,
      "cogs": 16083802,
      "rd": null,
      "sga": null,
      "fcf": -1101704,
      "ocf": -1051206,
      "capex": -50498,
      "gross_margin": 0.0027631439686361305,
      "op_margin": -0.07220830230363681,
      "fcf_margin": -0.06830846545096599,
      "op_leverage_ratio": Infinity,
      "fcf_margin_change": 0.006389876403871425
    },
    {
      "date": "2021-09-30T00:00:00",
      "quarter_label": "2021-09 (Q3)",
      "revenue": 16516739,
      "gross_profit": 841052,
      "operating_income": -116143,
      "net_income": -198954,
      "opex": 957195,
      "cogs": 15675687,
      "rd": null,
      "sga": null,
      "fcf": -398602,
      "ocf": -392647,
      "capex": -5955,
      "gross_margin": 0.05092118970942145,
      "op_margin": -0.007031836005884697,
      "fcf_margin": -0.024133214189556426,
      "op_leverage_ratio": Infinity,
      "fcf_margin_change": 0.04417525126140956
    },
    {
      "date": "2021-12-31T00:00:00",
      "quarter_label": "2021-12 (Q4)",
      "revenue": 64702018,
      "gross_profit": 1533715,
      "operating_income": -2983916,
      "net_income": -709052,
      "opex": 853158,
      "cogs": 63168303,
      "rd": null,
      "sga": null,
      "fcf": -744520,
      "ocf": -666136,
      "capex": -78384,
      "gross_margin": 0.023704283844748087,
      "op_margin": -0.0461178196945882,
      "fcf_margin": -0.011506905395130025,
      "incr_op_margin_yoy": 0.011524801015682488,
      "rev_growth_yoy": 0.44070383780398514,
      "op_leverage_ratio": Infinity,
      "fcf_margin_change": 0.0126263087944264
    },
    {
      "date": "2022-03-31T00:00:00",
      "quarter_label": "2022-03 (Q1)",
      "revenue": 19419311,
      "gross_profit": 484060,
      "operating_income": -505438,
      "net_income": -554970,
      "opex": 989498,
      "cogs": 18935251,
      "rd": null,
      "sga": null,
      "fcf": -472570,
      "ocf": -447652,
      "capex": -24918,
      "gross_margin": 0.02492673401234472,
      "op_margin": -0.026027596962631683,
      "fcf_margin": -0.024335054935780163,
      "incr_op_margin_yoy": 0.09676982591876208,
      "rev_growth_yoy": 0.36778722842878286,
      "rev_growth_yoy_accel": -0.07291660937520228,
      "fcf_margin_change": -0.012828149540650138
    },
    {
      "date": "2022-06-30T00:00:00",
      "quarter_label": "2022-06 (Q2)",
      "revenue": 23699716,
      "gross_profit": 846274,
      "operating_income": -298178,
      "net_income": -351180,
      "opex": 1144452,
      "cogs": 22853442,
      "rd": null,
      "sga": null,
      "fcf": -1102822,
      "ocf": -1041249,
      "capex": -61573,
      "gross_margin": 0.035708191608709576,
      "op_margin": -0.012581500976636175,
      "fcf_margin": -0.04653313145187056,
      "incr_op_margin_yoy": 0.11443456113302927,
      "rev_growth_yoy": 0.46944300064600464,
      "rev_growth_yoy_accel": 0.10165577221722177,
      "op_leverage_ratio": 1.4075478727683304,
      "fcf_margin_change": -0.022198076516090397
    },
    {
      "date": "2022-09-30T00:00:00",
      "quarter_label": "2022-09 (Q3)",
      "revenue": 21936634,
      "gross_profit": 1314960,
      "operating_income": 58813,
      "net_income": -68863,
      "opex": 1256147,
      "cogs": 20621674,
      "rd": null,
      "sga": null,
      "fcf": 0,
      "ocf": 0,
      "capex": null,
      "gross_margin": 0.0599435629003064,
      "op_margin": 0.0026810403091012047,
      "fcf_margin": 0.0,
      "incr_op_margin_yoy": 0.03228033015399745,
      "rev_growth_yoy": 0.3281455861232656,
      "rev_growth_yoy_accel": -0.14129741452273903,
      "fcf_margin_change": 0.04653313145187056
    },
    {
      "date": "2022-12-31T00:00:00",
      "quarter_label": "2022-12 (Q4)",
      "revenue": 28147871,
      "gross_profit": -853778,
      "operating_income": -2446857,
      "net_income": -4992461,
      "opex": 1593079,
      "cogs": 29001649,
      "rd": null,
      "sga": null,
      "fcf": -301742,
      "ocf": -276159,
      "capex": -25583,
      "gross_margin": -0.030331885491446227,
      "op_margin": -0.08692867037794795,
      "fcf_margin": -0.010719887127520231,
      "incr_op_margin_yoy": -0.014692149703288112,
      "rev_growth_yoy": -0.5649614668896417,
      "rev_growth_yoy_accel": -0.8931070530129073,
      "op_leverage_ratio": 1.0556168575018983,
      "fcf_margin_change": -0.010719887127520231
    },
    {
      "date": "2023-03-31T00:00:00",
      "quarter_label": "2023-03 (Q1)",
      "revenue": 24666529,
      "gross_profit": 1216736,
      "operating_income": -317530,
      "net_income": -363185,
      "opex": 1534266,
      "cogs": 23449793,
      "rd": null,
      "sga": null,
      "fcf": 133916,
      "ocf": 197163,
      "capex": -63247,
      "gross_margin": 0.04932741043541229,
      "op_margin": -0.012872909682590526,
      "fcf_margin": 0.005429057327036163,
      "incr_op_margin_yoy": 0.03581097640692649,
      "rev_growth_yoy": 0.2702061880568265,
      "rev_growth_yoy_accel": 0.8351676549464682,
      "fcf_margin_change": 0.016148944454556394
    },
    {
      "date": "2023-06-30T00:00:00",
      "quarter_label": "2023-06 (Q2)",
      "revenue": 32824829,
      "gross_profit": 784466,
      "operating_income": -252718,
      "net_income": -213945,
      "opex": 1037184,
      "cogs": 32040363,
      "rd": null,
      "sga": null,
      "fcf": -987565,
      "ocf": -918563,
      "capex": -69002,
      "gross_margin": 0.02389855557206406,
      "op_margin": -0.007698989079272888,
      "fcf_margin": -0.0300859145374375,
      "incr_op_margin_yoy": 0.004981856115096876,
      "rev_growth_yoy": 0.3850304788462444,
      "rev_growth_yoy_accel": 0.11482429078941792,
      "op_leverage_ratio": Infinity,
      "fcf_margin_change": -0.035514971864473666
    },
    {
      "date": "2023-09-30T00:00:00",
      "quarter_label": "2023-09 (Q3)",
      "revenue": 39757203,
      "gross_profit": 1028521,
      "operating_income": 70753,
      "net_income": -62013,
      "opex": 957768,
      "cogs": 38728682,
      "rd": null,
      "sga": null,
      "fcf": 254233,
      "ocf": 286699,
      "capex": -32466,
      "gross_margin": 0.02587005428928187,
      "op_margin": 0.0017796272036541404,
      "fcf_margin": 0.006394639985111629,
      "incr_op_margin_yoy": 0.0006700122762634571,
      "rev_growth_yoy": 0.8123656984020429,
      "rev_growth_yoy_accel": 0.42733521955579845,
      "op_leverage_ratio": Infinity,
      "fcf_margin_change": 0.03648055452254913
    },
    {
      "date": "2023-12-31T00:00:00",
      "quarter_label": "2023-12 (Q4)",
      "revenue": 47253790,
      "gross_profit": 1642290,
      "operating_income": 183992,
      "net_income": -124115,
      "opex": 1458298,
      "cogs": 45611500,
      "rd": null,
      "sga": null,
      "fcf": -1104430,
      "ocf": -1049100,
      "capex": -55330,
      "gross_margin": 0.034754672588167,
      "op_margin": 0.0038936982620864907,
      "fcf_margin": -0.023372305163247224,
      "incr_op_margin_yoy": 0.13769811334382817,
      "rev_growth_yoy": 0.6787695950432627,
      "rev_growth_yoy_accel": -0.13359610335878014,
      "op_leverage_ratio": 0.3608095069517605,
      "fcf_margin_change": -0.029766945148358852
    },
    {
      "date": "2024-03-31T00:00:00",
      "quarter_label": "2024-03 (Q1)",
      "revenue": 51414878,
      "gross_profit": 1379026,
      "operating_income": -183452,
      "net_income": -580216,
      "opex": 1562478,
      "cogs": 50035852,
      "rd": null,
      "sga": null,
      "fcf": -608550,
      "ocf": -536888,
      "capex": -71662,
      "gross_margin": 0.02682153597641523,
      "op_margin": -0.003568072261106989,
      "fcf_margin": -0.011836068151323825,
      "incr_op_margin_yoy": 0.005012571056254724,
      "rev_growth_yoy": 1.0843985791434214,
      "rev_growth_yoy_accel": 0.4056289841001587,
      "op_leverage_ratio": 1.2326284309518305,
      "fcf_margin_change": 0.0115362370119234
    },
    {
      "date": "2024-06-30T00:00:00",
      "quarter_label": "2024-06 (Q2)",
      "revenue": 78635764,
      "gross_profit": 2163624,
      "operating_income": -342103,
      "net_income": -1963887,
      "opex": 2505727,
      "cogs": 76472140,
      "rd": null,
      "sga": null,
      "fcf": -2646612,
      "ocf": -2614800,
      "capex": -31812,
      "gross_margin": 0.02751450345163557,
      "op_margin": -0.004350475948831628,
      "fcf_margin": -0.03365659421837626,
      "incr_op_margin_yoy": -0.0019511717016908736,
      "rev_growth_yoy": 1.3956183899693735,
      "rev_growth_yoy_accel": 0.31121981082595207,
      "op_leverage_ratio": 0.8770028501681457,
      "fcf_margin_change": -0.021820526067052433
    },
    {
      "date": "2024-09-30T00:00:00",
      "quarter_label": "2024-09 (Q3)",
      "revenue": 54249614,
      "gross_profit": 2019919,
      "operating_income": -56553,
      "net_income": -773004,
      "opex": 2076472,
      "cogs": 52229695,
      "rd": null,
      "sga": null,
      "fcf": 594495,
      "ocf": 625037,
      "capex": -30542,
      "gross_margin": 0.03723379488008892,
      "op_margin": -0.0010424590302154039,
      "fcf_margin": 0.01095851115180285,
      "incr_op_margin_yoy": -0.008784321670148604,
      "rev_growth_yoy": 0.3645229016739432,
      "rev_growth_yoy_accel": -1.0310954882954304,
      "fcf_margin_change": 0.04461510537017911
    },
    {
      "date": "2024-12-31T00:00:00",
      "quarter_label": "2024-12 (Q4)",
      "revenue": 98874030,
      "gross_profit": 2663024,
      "operating_income": -298112,
      "net_income": -2674460,
      "opex": 2961136,
      "cogs": 96211006,
      "rd": null,
      "sga": null,
      "fcf": -421259,
      "ocf": -403655,
      "capex": -17604,
      "gross_margin": 0.026933503165593634,
      "op_margin": -0.003015068769827628,
      "fcf_margin": -0.004260562657352997,
      "incr_op_margin_yoy": -0.009339437398973735,
      "rev_growth_yoy": 1.0924042283169244,
      "rev_growth_yoy_accel": 0.7278813266429812,
      "op_leverage_ratio": 1.9307392155835965,
      "fcf_margin_change": -0.015219073809155848
    },
    {
      "date": "2025-03-31T00:00:00",
      "quarter_label": "2025-03 (Q1)",
      "revenue": 57632816,
      "gross_profit": 1934958,
      "operating_income": -604226,
      "net_income": -1144461,
      "opex": 2539184,
      "cogs": 55697858,
      "rd": null,
      "sga": null,
      "fcf": -1956152,
      "ocf": -1906969,
      "capex": -49183,
      "gross_margin": 0.03357389304038172,
      "op_margin": -0.010484061719281599,
      "fcf_margin": -0.03394163491855057,
      "incr_op_margin_yoy": -0.06767098674834005,
      "rev_growth_yoy": 0.12093655070036342,
      "rev_growth_yoy_accel": -0.9714676776165609,
      "fcf_margin_change": -0.02968107226119757
    },
    {
      "date": "2025-06-30T00:00:00",
      "quarter_label": "2025-06 (Q2)",
      "revenue": 72183236,
      "gross_profit": 1871487,
      "operating_income": -656229,
      "net_income": -2348914,
      "opex": 2527716,
      "cogs": 70311749,
      "rd": null,
      "sga": null,
      "fcf": 211680,
      "ocf": 257686,
      "capex": -46006,
      "gross_margin": 0.02592689249897303,
      "op_margin": -0.00909115518179318,
      "fcf_margin": 0.0029325368566186197,
      "incr_op_margin_yoy": 0.04868262485649036,
      "rev_growth_yoy": -0.08205589507593516,
      "rev_growth_yoy_accel": -0.2029924457762986,
      "op_leverage_ratio": Infinity,
      "fcf_margin_change": 0.03687417177516919
    },
    {
      "date": "2025-09-30T00:00:00",
      "quarter_label": "2025-09 (Q3)",
      "revenue": 102867553,
      "gross_profit": 2740715,
      "operating_income": -559083,
      "net_income": -2325869,
      "opex": 3299798,
      "cogs": 100126838,
      "rd": null,
      "sga": null,
      "fcf": -969248,
      "ocf": -953037,
      "capex": -16211,
      "gross_margin": 0.026643143732601474,
      "op_margin": -0.005434979093942285,
      "fcf_margin": -0.009422290817008159,
      "incr_op_margin_yoy": -0.010336308168061177,
      "rev_growth_yoy": 0.8961895839480074,
      "rev_growth_yoy_accel": 0.9782454790239425,
      "op_leverage_ratio": 1.3916978711558425,
      "fcf_margin_change": -0.012354827673626778
    }
  ],
  "signals": [
    {
      "quarter": "2025-09 (Q3)",
      "signal": "YoY REVENUE GROWTH ACCELERATION",
      "detail": "YoY growth: +89.6% vs prior quarter YoY: -8.2% (accel: +97.8%)",
      "severity": "HIGH"
    },
    {
      "quarter": "2025-06 (Q2)",
      "signal": "FCF TURNED POSITIVE",
      "detail": "FCF margin: -3.4% -> +0.3%",
      "severity": "HIGH"
    },
    {
      "quarter": "2025-06 (Q2)",
      "signal": "YoY REVENUE GROWTH DECELERATION",
      "detail": "YoY growth: -8.2% vs prior quarter YoY: +12.1% (decel: -20.3%)",
      "severity": "WARNING"
    },
    {
      "quarter": "2025-03 (Q1)",
      "signal": "YoY REVENUE GROWTH DECELERATION",
      "detail": "YoY growth: +12.1% vs prior quarter YoY: +109.2% (decel: -97.1%)",
      "severity": "WARNING"
    },
    {
      "quarter": "2024-12 (Q4)",
      "signal": "OPERATING LEVERAGE",
      "detail": "Rev growth +82.3% vs OpEx growth +42.6% (leverage: 1.9x)",
      "severity": "MEDIUM"
    },
    {
      "quarter": "2024-12 (Q4)",
      "signal": "YoY REVENUE GROWTH ACCELERATION",
      "detail": "YoY growth: +109.2% vs prior quarter YoY: +36.5% (accel: +72.8%)",
      "severity": "HIGH"
    },
    {
      "quarter": "2024-09 (Q3)",
      "signal": "FCF TURNED POSITIVE",
      "detail": "FCF margin: -3.4% -> +1.1%",
      "severity": "HIGH"
    },
    {
      "quarter": "2024-09 (Q3)",
      "signal": "YoY REVENUE GROWTH DECELERATION",
      "detail": "YoY growth: +36.5% vs prior quarter YoY: +139.6% (decel: -103.1%)",
      "severity": "WARNING"
    },
    {
      "quarter": "2024-06 (Q2)",
      "signal": "YoY REVENUE GROWTH ACCELERATION",
      "detail": "YoY growth: +139.6% vs prior quarter YoY: +108.4% (accel: +31.1%)",
      "severity": "HIGH"
    },
    {
      "quarter": "2024-03 (Q1)",
      "signal": "YoY REVENUE GROWTH ACCELERATION",
      "detail": "YoY growth: +108.4% vs prior quarter YoY: +67.9% (accel: +40.6%)",
      "severity": "HIGH"
    },
    {
      "quarter": "2023-12 (Q4)",
      "signal": "YoY REVENUE GROWTH DECELERATION",
      "detail": "YoY growth: +67.9% vs prior quarter YoY: +81.2% (decel: -13.4%)",
      "severity": "WARNING"
    },
    {
      "quarter": "2023-12 (Q4)",
      "signal": "OP MARGIN TURNED POSITIVE (YoY)",
      "detail": "Op margin: -8.7% (year-ago) -> +0.4%",
      "severity": "HIGH"
    },
    {
      "quarter": "2023-09 (Q3)",
      "signal": "FCF TURNED POSITIVE",
      "detail": "FCF margin: -3.0% -> +0.6%",
      "severity": "HIGH"
    },
    {
      "quarter": "2023-09 (Q3)",
      "signal": "YoY REVENUE GROWTH ACCELERATION",
      "detail": "YoY growth: +81.2% vs prior quarter YoY: +38.5% (accel: +42.7%)",
      "severity": "HIGH"
    },
    {
      "quarter": "2023-09 (Q3)",
      "signal": "OP MARGIN TURNED POSITIVE (QoQ)",
      "detail": "Op margin: -0.8% -> +0.2%",
      "severity": "HIGH"
    },
    {
      "quarter": "2023-06 (Q2)",
      "signal": "YoY REVENUE GROWTH ACCELERATION",
      "detail": "YoY growth: +38.5% vs prior quarter YoY: +27.0% (accel: +11.5%)",
      "severity": "MEDIUM"
    },
    {
      "quarter": "2023-03 (Q1)",
      "signal": "FCF TURNED POSITIVE",
      "detail": "FCF margin: -1.1% -> +0.5%",
      "severity": "HIGH"
    },
    {
      "quarter": "2023-03 (Q1)",
      "signal": "GROSS MARGIN INFLECTION",
      "detail": "GM: +6.0% -> -3.0% -> +4.9% (reversal +8.0%)",
      "severity": "HIGH"
    },
    {
      "quarter": "2023-03 (Q1)",
      "signal": "YoY REVENUE GROWTH ACCELERATION",
      "detail": "YoY growth: +27.0% vs prior quarter YoY: -56.5% (accel: +83.5%)",
      "severity": "HIGH"
    },
    {
      "quarter": "2022-12 (Q4)",
      "signal": "YoY REVENUE GROWTH DECELERATION",
      "detail": "YoY growth: -56.5% vs prior quarter YoY: +32.8% (decel: -89.3%)",
      "severity": "WARNING"
    },
    {
      "quarter": "2022-09 (Q3)",
      "signal": "YoY REVENUE GROWTH DECELERATION",
      "detail": "YoY growth: +32.8% vs prior quarter YoY: +46.9% (decel: -14.1%)",
      "severity": "WARNING"
    },
    {
      "quarter": "2022-09 (Q3)",
      "signal": "OP MARGIN TURNED POSITIVE (YoY)",
      "detail": "Op margin: -0.7% (year-ago) -> +0.3%",
      "severity": "HIGH"
    },
    {
      "quarter": "2022-09 (Q3)",
      "signal": "OP MARGIN TURNED POSITIVE (QoQ)",
      "detail": "Op margin: -1.3% -> +0.3%",
      "severity": "HIGH"
    },
    {
      "quarter": "2022-06 (Q2)",
      "signal": "YoY REVENUE GROWTH ACCELERATION",
      "detail": "YoY growth: +46.9% vs prior quarter YoY: +36.8% (accel: +10.2%)",
      "severity": "MEDIUM"
    },
    {
      "quarter": "2022-03 (Q1)",
      "signal": "YoY REVENUE GROWTH DECELERATION",
      "detail": "YoY growth: +36.8% vs prior quarter YoY: +44.1% (decel: -7.3%)",
      "severity": "WARNING"
    },
    {
      "quarter": "2021-09 (Q3)",
      "signal": "GROSS MARGIN INFLECTION",
      "detail": "GM: +3.4% -> +0.3% -> +5.1% (reversal +4.8%)",
      "severity": "MEDIUM"
    }
  ],
  "data_quality": {
    "n_quarters": 20,
    "coverage": {
      "revenue": [
        20,
        20
      ],
      "gross_profit": [
        20,
        20
      ],
      "op_income": [
        20,
        20
      ],
      "fcf": [
        20,
        20
      ]
    },
    "gaps": [],
    "warnings": []
  },
  "market_cap": null,
  "source": "SEC EDGAR",
  "last_updated": "2026-02-03T00:05:21.716946"
}