{
  "ticker": "IRBTQ",
  "name": "iROBOT CORPORATION",
  "quarters": [
    {
      "date": "2021-01-02T00:00:00",
      "quarter_label": "2021-01 (Q1)",
      "revenue": 544827000,
      "gross_profit": 215421000,
      "operating_income": 15270000,
      "net_income": 13335000,
      "opex": 200151000,
      "cogs": 329406000,
      "rd": 44741000,
      "sga": null,
      "fcf": 128734000,
      "ocf": 135302000,
      "capex": -6568000,
      "gross_margin": 0.3953934001068229,
      "op_margin": 0.028027245345770307,
      "fcf_margin": 0.23628417828044498
    },
    {
      "date": "2021-04-03T00:00:00",
      "quarter_label": "2021-04 (Q2)",
      "revenue": 303261000,
      "gross_profit": 122944000,
      "operating_income": 6389000,
      "net_income": 7443000,
      "opex": 116555000,
      "cogs": 180317000,
      "rd": 41920000,
      "sga": null,
      "fcf": 17422000,
      "ocf": 28694000,
      "capex": -11272000,
      "gross_margin": 0.40540656398283986,
      "op_margin": 0.021067661189536405,
      "fcf_margin": 0.05744886417969999,
      "fcf_margin_change": -0.178835314100745
    },
    {
      "date": "2021-07-03T00:00:00",
      "quarter_label": "2021-07 (Q3)",
      "revenue": 365596000,
      "gross_profit": 138976000,
      "operating_income": -3042000,
      "net_income": -2758000,
      "opex": 142018000,
      "cogs": 226620000,
      "rd": 38677000,
      "sga": null,
      "fcf": -37547000,
      "ocf": -26895000,
      "capex": -10652000,
      "gross_margin": 0.3801354500596287,
      "op_margin": -0.00832065996345693,
      "fcf_margin": -0.10270079541351657,
      "op_leverage_ratio": 0.9408854222055756,
      "fcf_margin_change": -0.16014965959321656
    },
    {
      "date": "2021-10-02T00:00:00",
      "quarter_label": "2021-10 (Q4)",
      "revenue": 440682000,
      "gross_profit": 162754000,
      "operating_income": 40498000,
      "net_income": 57216000,
      "opex": 122256000,
      "cogs": 277928000,
      "rd": 40262000,
      "sga": null,
      "fcf": -95952000,
      "ocf": -92574000,
      "capex": -3378000,
      "gross_margin": 0.36932300388942596,
      "op_margin": 0.09189846646788387,
      "fcf_margin": -0.217735237654363,
      "op_leverage_ratio": Infinity,
      "fcf_margin_change": -0.11503444224084644
    },
    {
      "date": "2022-01-01T00:00:00",
      "quarter_label": "2022-01 (Q1)",
      "revenue": 455448000,
      "gross_profit": 125625000,
      "operating_income": -44945000,
      "net_income": -31511000,
      "opex": 170570000,
      "cogs": 329823000,
      "rd": 40472000,
      "sga": null,
      "fcf": 54179000,
      "ocf": 58805000,
      "capex": -4626000,
      "gross_margin": 0.2758273172788112,
      "op_margin": -0.09868305492613866,
      "fcf_margin": 0.11895759779382059,
      "incr_op_margin_yoy": 0.6737041139417537,
      "rev_growth_yoy": -0.16405023980089092,
      "op_leverage_ratio": 0.08478806804583536,
      "fcf_margin_change": 0.3366928354481836
    },
    {
      "date": "2022-04-02T00:00:00",
      "quarter_label": "2022-04 (Q2)",
      "revenue": 291969000,
      "gross_profit": 107515000,
      "operating_income": -23287000,
      "net_income": -30406000,
      "opex": 130802000,
      "cogs": 184454000,
      "rd": 42529000,
      "sga": null,
      "fcf": -105428000,
      "ocf": -102315000,
      "capex": -3113000,
      "gross_margin": 0.36824114888909437,
      "op_margin": -0.07975846750853686,
      "fcf_margin": -0.3610931297500762,
      "incr_op_margin_yoy": 2.6280552603613176,
      "rev_growth_yoy": -0.037235252802041804,
      "rev_growth_yoy_accel": 0.12681498699884913,
      "fcf_margin_change": -0.48005072754389677
    },
    {
      "date": "2022-07-02T00:00:00",
      "quarter_label": "2022-07 (Q3)",
      "revenue": 255351000,
      "gross_profit": 80945000,
      "operating_income": -63914000,
      "net_income": -43421000,
      "opex": 144859000,
      "cogs": 174406000,
      "rd": 41937000,
      "sga": null,
      "fcf": -85978000,
      "ocf": -84197000,
      "capex": -1781000,
      "gross_margin": 0.3169950382023176,
      "op_margin": -0.2502986085819127,
      "fcf_margin": -0.33670516269762013,
      "incr_op_margin_yoy": 0.552152025035149,
      "rev_growth_yoy": -0.301548704033961,
      "rev_growth_yoy_accel": -0.2643134512319192,
      "fcf_margin_change": 0.02438796705245605
    },
    {
      "date": "2022-10-01T00:00:00",
      "quarter_label": "2022-10 (Q4)",
      "revenue": 278191000,
      "gross_profit": 76407000,
      "operating_income": -68367000,
      "net_income": -128366000,
      "opex": 144774000,
      "cogs": 201784000,
      "rd": 41425000,
      "sga": null,
      "fcf": -30084000,
      "ocf": -26083000,
      "capex": -4001000,
      "gross_margin": 0.2746566208108817,
      "op_margin": -0.24575561394868992,
      "fcf_margin": -0.10814152866196246,
      "incr_op_margin_yoy": 0.6699755678776055,
      "rev_growth_yoy": -0.368726201660154,
      "rev_growth_yoy_accel": -0.06717749762619302,
      "op_leverage_ratio": Infinity,
      "fcf_margin_change": 0.22856363403565766
    },
    {
      "date": "2022-12-31T00:00:00",
      "quarter_label": "2022-12 (Q4)",
      "revenue": 357872000,
      "gross_profit": 85226000,
      "operating_income": -84814000,
      "net_income": -84102000,
      "opex": 170040000,
      "cogs": 272646000,
      "rd": 40615000,
      "sga": null,
      "fcf": 119144000,
      "ocf": 122574000,
      "capex": -3430000,
      "gross_margin": 0.2381465999016408,
      "op_margin": -0.23699535029284213,
      "fcf_margin": 0.3329235033755086,
      "incr_op_margin_yoy": 0.40859432647372307,
      "rev_growth_yoy": -0.21424180147898333,
      "rev_growth_yoy_accel": 0.15448440018117068,
      "op_leverage_ratio": 1.6412161512656307,
      "fcf_margin_change": 0.44106503203747105
    },
    {
      "date": "2023-04-01T00:00:00",
      "quarter_label": "2023-04 (Q2)",
      "revenue": 160292000,
      "gross_profit": 36551000,
      "operating_income": -81297000,
      "net_income": -81112000,
      "opex": 117848000,
      "cogs": 123741000,
      "rd": 41934000,
      "sga": null,
      "fcf": -95963000,
      "ocf": -94507000,
      "capex": -1456000,
      "gross_margin": 0.228027599630674,
      "op_margin": -0.5071806453222868,
      "fcf_margin": -0.5986761659970554,
      "incr_op_margin_yoy": 0.44054770385109016,
      "rev_growth_yoy": -0.45099650990344864,
      "rev_growth_yoy_accel": -0.2367547084244653,
      "fcf_margin_change": -0.931599669372564
    },
    {
      "date": "2023-07-01T00:00:00",
      "quarter_label": "2023-07 (Q3)",
      "revenue": 236568000,
      "gross_profit": 53502000,
      "operating_income": -71056000,
      "net_income": -80800000,
      "opex": 124558000,
      "cogs": 183066000,
      "rd": 37964000,
      "sga": null,
      "fcf": 35338000,
      "ocf": 36396000,
      "capex": -1058000,
      "gross_margin": 0.22615907476919955,
      "op_margin": -0.3003618409928646,
      "fcf_margin": 0.14937776875993372,
      "incr_op_margin_yoy": 0.3802374487568546,
      "rev_growth_yoy": -0.07355757369268184,
      "rev_growth_yoy_accel": 0.3774389362107668,
      "op_leverage_ratio": 8.357487942180631,
      "fcf_margin_change": 0.7480539347569891
    },
    {
      "date": "2023-09-30T00:00:00",
      "quarter_label": "2023-09 (Q3)",
      "revenue": 186176000,
      "gross_profit": 48013000,
      "operating_income": -59494000,
      "net_income": -79205000,
      "opex": 107507000,
      "cogs": 138163000,
      "rd": 37239000,
      "sga": null,
      "fcf": -56144000,
      "ocf": -55526000,
      "capex": -618000,
      "gross_margin": 0.2578903832932279,
      "op_margin": -0.3195578377449295,
      "fcf_margin": -0.3015641113784806,
      "incr_op_margin_yoy": -0.09642992990273325,
      "rev_growth_yoy": -0.33076195851051976,
      "rev_growth_yoy_accel": -0.2572043848178379,
      "fcf_margin_change": -0.4509418801384143
    },
    {
      "date": "2023-12-30T00:00:00",
      "quarter_label": "2023-12 (Q4)",
      "revenue": 307544000,
      "gross_profit": 58131000,
      "operating_income": -52233000,
      "net_income": -63593000,
      "opex": 110364000,
      "cogs": 249413000,
      "rd": 26950000,
      "sga": null,
      "fcf": -886000,
      "ocf": -1156000,
      "capex": 270000,
      "gross_margin": 0.18901685612465208,
      "op_margin": -0.16983911245220196,
      "fcf_margin": -0.0028808885882995604,
      "incr_op_margin_yoy": -0.6473732316006994,
      "rev_growth_yoy": -0.14063128716412573,
      "rev_growth_yoy_accel": 0.19013067134639403,
      "op_leverage_ratio": 24.530534018536613,
      "fcf_margin_change": 0.29868322279018106
    },
    {
      "date": "2024-03-30T00:00:00",
      "quarter_label": "2024-03 (Q1)",
      "revenue": 150014000,
      "gross_profit": 36101000,
      "operating_income": 11900000,
      "net_income": 8607000,
      "opex": 24201000,
      "cogs": 113913000,
      "rd": 33878000,
      "sga": null,
      "fcf": 1319000,
      "ocf": 1437000,
      "capex": -118000,
      "gross_margin": 0.24065087258522538,
      "op_margin": 0.07932592957990588,
      "fcf_margin": 0.008792512698814777,
      "incr_op_margin_yoy": -9.067620159564118,
      "rev_growth_yoy": -0.06412048012377411,
      "rev_growth_yoy_accel": 0.07651080704035162,
      "fcf_margin_change": 0.011673401287114337
    },
    {
      "date": "2024-06-29T00:00:00",
      "quarter_label": "2024-06 (Q2)",
      "revenue": 166361000,
      "gross_profit": 27466000,
      "operating_income": -61068000,
      "net_income": -70646000,
      "opex": 88534000,
      "cogs": 138895000,
      "rd": 23230000,
      "sga": null,
      "fcf": -21670000,
      "ocf": -21670000,
      "capex": null,
      "gross_margin": 0.16509879118302967,
      "op_margin": -0.36708122697026346,
      "fcf_margin": -0.1302588948130872,
      "incr_op_margin_yoy": -0.14226501630891505,
      "rev_growth_yoy": -0.2967730208650367,
      "rev_growth_yoy_accel": -0.2326525407412626,
      "op_leverage_ratio": 0.0409926296505364,
      "fcf_margin_change": -0.13905140751190198
    },
    {
      "date": "2024-09-28T00:00:00",
      "quarter_label": "2024-09 (Q3)",
      "revenue": 193435000,
      "gross_profit": 62377000,
      "operating_income": 7257000,
      "net_income": -6371000,
      "opex": 55120000,
      "cogs": 131058000,
      "rd": 19630000,
      "sga": null,
      "fcf": -10243000,
      "ocf": -10243000,
      "capex": null,
      "gross_margin": 0.32247008038876107,
      "op_margin": 0.037516478403598105,
      "fcf_margin": -0.05295318840954326,
      "incr_op_margin_yoy": 9.195619231299077,
      "rev_growth_yoy": 0.03898998796837401,
      "rev_growth_yoy_accel": 0.3357630088334107,
      "op_leverage_ratio": Infinity,
      "fcf_margin_change": 0.07730570640354394
    },
    {
      "date": "2024-12-28T00:00:00",
      "quarter_label": "2024-12 (Q4)",
      "revenue": 172038000,
      "gross_profit": 16411000,
      "operating_income": -61040000,
      "net_income": -77108000,
      "opex": 77451000,
      "cogs": 155627000,
      "rd": 16544000,
      "sga": null,
      "fcf": -2746000,
      "ocf": -2746000,
      "capex": null,
      "gross_margin": 0.0953917157837222,
      "op_margin": -0.3548053337053442,
      "fcf_margin": -0.015961589881305294,
      "incr_op_margin_yoy": 0.06499343202515018,
      "rev_growth_yoy": -0.44060687251255104,
      "rev_growth_yoy_accel": -0.47959686048092504,
      "fcf_margin_change": 0.03699159852823797
    },
    {
      "date": "2025-03-29T00:00:00",
      "quarter_label": "2025-03 (Q1)",
      "revenue": 101569000,
      "gross_profit": 20313000,
      "operating_income": -45750000,
      "net_income": -87273000,
      "opex": 66063000,
      "cogs": 81256000,
      "rd": 14686000,
      "sga": null,
      "fcf": -26460000,
      "ocf": -26460000,
      "capex": null,
      "gross_margin": 0.1999921235810139,
      "op_margin": -0.4504327107680493,
      "fcf_margin": -0.260512557965521,
      "incr_op_margin_yoy": 1.1900092888843017,
      "rev_growth_yoy": -0.3229365259242471,
      "rev_growth_yoy_accel": 0.11767034658830394,
      "fcf_margin_change": -0.24455096808421567
    },
    {
      "date": "2025-06-28T00:00:00",
      "quarter_label": "2025-06 (Q2)",
      "revenue": 127558000,
      "gross_profit": 38299000,
      "operating_income": -36716000,
      "net_income": -22808000,
      "opex": 75015000,
      "cogs": 89259000,
      "rd": 13766000,
      "sga": null,
      "fcf": -30157000,
      "ocf": -30157000,
      "capex": null,
      "gross_margin": 0.3002477304441901,
      "op_margin": -0.28783768952162936,
      "fcf_margin": -0.23641794321014753,
      "incr_op_margin_yoy": -0.6275803417261552,
      "rev_growth_yoy": -0.2332457727472184,
      "rev_growth_yoy_accel": 0.08969075317702871,
      "op_leverage_ratio": 1.8882809450287985,
      "fcf_margin_change": 0.024094614755373445
    },
    {
      "date": "2025-09-27T00:00:00",
      "quarter_label": "2025-09 (Q3)",
      "revenue": 145832000,
      "gross_profit": 45252000,
      "operating_income": -17671000,
      "net_income": -21526000,
      "opex": 62923000,
      "cogs": 100580000,
      "rd": 13094000,
      "sga": null,
      "fcf": -47586000,
      "ocf": -47586000,
      "capex": null,
      "gross_margin": 0.3103022656207142,
      "op_margin": -0.12117367930221076,
      "fcf_margin": -0.32630698337813374,
      "incr_op_margin_yoy": 0.5236644749280508,
      "rev_growth_yoy": -0.24609300281748392,
      "rev_growth_yoy_accel": -0.01284723007026553,
      "op_leverage_ratio": Infinity,
      "fcf_margin_change": -0.08988904016798621
    }
  ],
  "signals": [
    {
      "quarter": "2025-06 (Q2)",
      "signal": "OPERATING LEVERAGE",
      "detail": "Rev growth +25.6% vs OpEx growth +13.6% (leverage: 1.9x)",
      "severity": "MEDIUM"
    },
    {
      "quarter": "2025-06 (Q2)",
      "signal": "YoY REVENUE GROWTH ACCELERATION",
      "detail": "YoY growth: -23.3% vs prior quarter YoY: -32.3% (accel: +9.0%)",
      "severity": "MEDIUM"
    },
    {
      "quarter": "2025-03 (Q1)",
      "signal": "GROSS MARGIN INFLECTION",
      "detail": "GM: +32.2% -> +9.5% -> +20.0% (reversal +10.5%)",
      "severity": "HIGH"
    },
    {
      "quarter": "2025-03 (Q1)",
      "signal": "YoY REVENUE GROWTH ACCELERATION",
      "detail": "YoY growth: -32.3% vs prior quarter YoY: -44.1% (accel: +11.8%)",
      "severity": "MEDIUM"
    },
    {
      "quarter": "2024-12 (Q4)",
      "signal": "YoY REVENUE GROWTH DECELERATION",
      "detail": "YoY growth: -44.1% vs prior quarter YoY: +3.9% (decel: -48.0%)",
      "severity": "WARNING"
    },
    {
      "quarter": "2024-09 (Q3)",
      "signal": "FCF MARGIN EXPANSION",
      "detail": "FCF margin: -13.0% -> -5.3% (+7.7%)",
      "severity": "MEDIUM"
    },
    {
      "quarter": "2024-09 (Q3)",
      "signal": "GROSS MARGIN INFLECTION",
      "detail": "GM: +24.1% -> +16.5% -> +32.2% (reversal +15.7%)",
      "severity": "HIGH"
    },
    {
      "quarter": "2024-09 (Q3)",
      "signal": "YoY REVENUE GROWTH ACCELERATION",
      "detail": "YoY growth: +3.9% vs prior quarter YoY: -29.7% (accel: +33.6%)",
      "severity": "HIGH"
    },
    {
      "quarter": "2024-09 (Q3)",
      "signal": "OP MARGIN TURNED POSITIVE (YoY)",
      "detail": "Op margin: -32.0% (year-ago) -> +3.8%",
      "severity": "HIGH"
    },
    {
      "quarter": "2024-09 (Q3)",
      "signal": "OP MARGIN TURNED POSITIVE (QoQ)",
      "detail": "Op margin: -36.7% -> +3.8%",
      "severity": "HIGH"
    },
    {
      "quarter": "2024-06 (Q2)",
      "signal": "YoY REVENUE GROWTH DECELERATION",
      "detail": "YoY growth: -29.7% vs prior quarter YoY: -6.4% (decel: -23.3%)",
      "severity": "WARNING"
    },
    {
      "quarter": "2024-03 (Q1)",
      "signal": "FCF TURNED POSITIVE",
      "detail": "FCF margin: -0.3% -> +0.9%",
      "severity": "HIGH"
    },
    {
      "quarter": "2024-03 (Q1)",
      "signal": "GROSS MARGIN INFLECTION",
      "detail": "GM: +25.8% -> +18.9% -> +24.1% (reversal +5.2%)",
      "severity": "HIGH"
    },
    {
      "quarter": "2024-03 (Q1)",
      "signal": "YoY REVENUE GROWTH ACCELERATION",
      "detail": "YoY growth: -6.4% vs prior quarter YoY: -14.1% (accel: +7.7%)",
      "severity": "MEDIUM"
    },
    {
      "quarter": "2024-03 (Q1)",
      "signal": "OP MARGIN TURNED POSITIVE (YoY)",
      "detail": "Op margin: -50.7% (year-ago) -> +7.9%",
      "severity": "HIGH"
    },
    {
      "quarter": "2024-03 (Q1)",
      "signal": "OP MARGIN TURNED POSITIVE (QoQ)",
      "detail": "Op margin: -17.0% -> +7.9%",
      "severity": "HIGH"
    },
    {
      "quarter": "2023-12 (Q4)",
      "signal": "FCF MARGIN EXPANSION",
      "detail": "FCF margin: -30.2% -> -0.3% (+29.9%)",
      "severity": "MEDIUM"
    },
    {
      "quarter": "2023-12 (Q4)",
      "signal": "OPERATING LEVERAGE",
      "detail": "Rev growth +65.2% vs OpEx growth +2.7% (leverage: 24.5x)",
      "severity": "MEDIUM"
    },
    {
      "quarter": "2023-12 (Q4)",
      "signal": "YoY REVENUE GROWTH ACCELERATION",
      "detail": "YoY growth: -14.1% vs prior quarter YoY: -33.1% (accel: +19.0%)",
      "severity": "HIGH"
    },
    {
      "quarter": "2023-09 (Q3)",
      "signal": "GROSS MARGIN INFLECTION",
      "detail": "GM: +22.8% -> +22.6% -> +25.8% (reversal +3.2%)",
      "severity": "MEDIUM"
    },
    {
      "quarter": "2023-09 (Q3)",
      "signal": "YoY REVENUE GROWTH DECELERATION",
      "detail": "YoY growth: -33.1% vs prior quarter YoY: -7.4% (decel: -25.7%)",
      "severity": "WARNING"
    },
    {
      "quarter": "2023-07 (Q3)",
      "signal": "FCF TURNED POSITIVE",
      "detail": "FCF margin: -59.9% -> +14.9%",
      "severity": "HIGH"
    },
    {
      "quarter": "2023-07 (Q3)",
      "signal": "OPERATING LEVERAGE",
      "detail": "Rev growth +47.6% vs OpEx growth +5.7% (leverage: 8.4x)",
      "severity": "MEDIUM"
    },
    {
      "quarter": "2023-07 (Q3)",
      "signal": "YoY REVENUE GROWTH ACCELERATION",
      "detail": "YoY growth: -7.4% vs prior quarter YoY: -45.1% (accel: +37.7%)",
      "severity": "HIGH"
    },
    {
      "quarter": "2023-04 (Q2)",
      "signal": "YoY REVENUE GROWTH DECELERATION",
      "detail": "YoY growth: -45.1% vs prior quarter YoY: -21.4% (decel: -23.7%)",
      "severity": "WARNING"
    },
    {
      "quarter": "2022-12 (Q4)",
      "signal": "FCF TURNED POSITIVE",
      "detail": "FCF margin: -10.8% -> +33.3%",
      "severity": "HIGH"
    },
    {
      "quarter": "2022-12 (Q4)",
      "signal": "OPERATING LEVERAGE",
      "detail": "Rev growth +28.6% vs OpEx growth +17.5% (leverage: 1.6x)",
      "severity": "MEDIUM"
    },
    {
      "quarter": "2022-12 (Q4)",
      "signal": "YoY REVENUE GROWTH ACCELERATION",
      "detail": "YoY growth: -21.4% vs prior quarter YoY: -36.9% (accel: +15.4%)",
      "severity": "HIGH"
    },
    {
      "quarter": "2022-10 (Q4)",
      "signal": "FCF MARGIN EXPANSION",
      "detail": "FCF margin: -33.7% -> -10.8% (+22.9%)",
      "severity": "MEDIUM"
    },
    {
      "quarter": "2022-10 (Q4)",
      "signal": "YoY REVENUE GROWTH DECELERATION",
      "detail": "YoY growth: -36.9% vs prior quarter YoY: -30.2% (decel: -6.7%)",
      "severity": "WARNING"
    },
    {
      "quarter": "2022-07 (Q3)",
      "signal": "YoY REVENUE GROWTH DECELERATION",
      "detail": "YoY growth: -30.2% vs prior quarter YoY: -3.7% (decel: -26.4%)",
      "severity": "WARNING"
    },
    {
      "quarter": "2022-04 (Q2)",
      "signal": "GROSS MARGIN INFLECTION",
      "detail": "GM: +36.9% -> +27.6% -> +36.8% (reversal +9.2%)",
      "severity": "HIGH"
    },
    {
      "quarter": "2022-04 (Q2)",
      "signal": "YoY REVENUE GROWTH ACCELERATION",
      "detail": "YoY growth: -3.7% vs prior quarter YoY: -16.4% (accel: +12.7%)",
      "severity": "MEDIUM"
    },
    {
      "quarter": "2022-01 (Q1)",
      "signal": "FCF TURNED POSITIVE",
      "detail": "FCF margin: -21.8% -> +11.9%",
      "severity": "HIGH"
    },
    {
      "quarter": "2021-10 (Q4)",
      "signal": "OP MARGIN TURNED POSITIVE (QoQ)",
      "detail": "Op margin: -0.8% -> +9.2%",
      "severity": "HIGH"
    }
  ],
  "data_quality": {
    "n_quarters": 20,
    "coverage": {
      "revenue": [
        20,
        20
      ],
      "gross_profit": [
        20,
        20
      ],
      "op_income": [
        20,
        20
      ],
      "fcf": [
        20,
        20
      ]
    },
    "gaps": [],
    "warnings": []
  },
  "market_cap": null,
  "source": "SEC EDGAR",
  "last_updated": "2026-02-03T01:04:31.040696",
  "sector": "Consumer Cyclical",
  "industry": "Furnishings, Fixtures & Appliances"
}