{
  "ticker": "IRIX",
  "name": "IRIDEX CORPORATION",
  "quarters": [
    {
      "date": "2021-01-02T00:00:00",
      "quarter_label": "2021-01 (Q1)",
      "revenue": 12304000,
      "gross_profit": 5582000,
      "operating_income": -300000,
      "net_income": -179000,
      "opex": 5882000,
      "cogs": 6722000,
      "rd": 887000,
      "sga": null,
      "fcf": -218000,
      "ocf": -208000,
      "capex": -10000,
      "gross_margin": 0.4536736020806242,
      "op_margin": -0.02438231469440832,
      "fcf_margin": -0.017717815344603382
    },
    {
      "date": "2021-04-03T00:00:00",
      "quarter_label": "2021-04 (Q2)",
      "revenue": 11959000,
      "gross_profit": 4939000,
      "operating_income": -1841000,
      "net_income": -2010000,
      "opex": 6780000,
      "cogs": 7020000,
      "rd": 1165000,
      "sga": null,
      "fcf": 11757000,
      "ocf": 11830000,
      "capex": -73000,
      "gross_margin": 0.41299439752487666,
      "op_margin": -0.15394263734425956,
      "fcf_margin": 0.9831089555982941,
      "fcf_margin_change": 1.0008267709428975
    },
    {
      "date": "2021-07-03T00:00:00",
      "quarter_label": "2021-07 (Q3)",
      "revenue": 13426000,
      "gross_profit": 6108000,
      "operating_income": -1138000,
      "net_income": 1393000,
      "opex": 7246000,
      "cogs": 7318000,
      "rd": 1672000,
      "sga": null,
      "fcf": -1283000,
      "ocf": -1231000,
      "capex": -52000,
      "gross_margin": 0.45493817965142264,
      "op_margin": -0.08476091166393565,
      "fcf_margin": -0.0955608520780575,
      "op_leverage_ratio": 1.7847567170665724,
      "fcf_margin_change": -1.0786698076763517
    },
    {
      "date": "2021-10-02T00:00:00",
      "quarter_label": "2021-10 (Q4)",
      "revenue": 13264000,
      "gross_profit": 5782000,
      "operating_income": -2157000,
      "net_income": -2165000,
      "opex": 7939000,
      "cogs": 7482000,
      "rd": 1788000,
      "sga": null,
      "fcf": -695000,
      "ocf": -644000,
      "capex": -51000,
      "gross_margin": 0.4359167671893848,
      "op_margin": -0.16262062726176116,
      "fcf_margin": -0.052397466827503014,
      "fcf_margin_change": 0.04316338525055449
    },
    {
      "date": "2022-01-01T00:00:00",
      "quarter_label": "2022-01 (Q1)",
      "revenue": 15254000,
      "gross_profit": 6002000,
      "operating_income": -2397000,
      "net_income": -2443000,
      "opex": 8399000,
      "cogs": 9252000,
      "rd": 2243000,
      "sga": null,
      "fcf": -1775000,
      "ocf": -1738000,
      "capex": -37000,
      "gross_margin": 0.3934705650976793,
      "op_margin": -0.1571391110528386,
      "fcf_margin": -0.11636292120099646,
      "incr_op_margin_yoy": -0.7108474576271187,
      "rev_growth_yoy": 0.2397594278283485,
      "op_leverage_ratio": 2.5893248151256096,
      "fcf_margin_change": -0.06396545437349345
    },
    {
      "date": "2022-04-02T00:00:00",
      "quarter_label": "2022-04 (Q2)",
      "revenue": 13387000,
      "gross_profit": 5977000,
      "operating_income": -2277000,
      "net_income": -2391000,
      "opex": 8254000,
      "cogs": 7410000,
      "rd": 2116000,
      "sga": null,
      "fcf": -3279000,
      "ocf": -3253000,
      "capex": -26000,
      "gross_margin": 0.4464779263464555,
      "op_margin": -0.17009038619556285,
      "fcf_margin": -0.24493912004183163,
      "incr_op_margin_yoy": -0.30532212885154064,
      "rev_growth_yoy": 0.11940797725562338,
      "rev_growth_yoy_accel": -0.12035145057272512,
      "fcf_margin_change": -0.12857619884083515
    },
    {
      "date": "2022-07-02T00:00:00",
      "quarter_label": "2022-07 (Q3)",
      "revenue": 13755000,
      "gross_profit": 6267000,
      "operating_income": -2160000,
      "net_income": -2241000,
      "opex": 8427000,
      "cogs": 7488000,
      "rd": 1922000,
      "sga": null,
      "fcf": -2690000,
      "ocf": -2570000,
      "capex": -120000,
      "gross_margin": 0.45561613958560526,
      "op_margin": -0.15703380588876772,
      "fcf_margin": -0.1955652490003635,
      "rev_growth_yoy": 0.024504692387904068,
      "rev_growth_yoy_accel": -0.09490328486771932,
      "op_leverage_ratio": 1.3115441561587444,
      "fcf_margin_change": 0.04937387104146812
    },
    {
      "date": "2022-10-01T00:00:00",
      "quarter_label": "2022-10 (Q4)",
      "revenue": 14635000,
      "gross_profit": 6460000,
      "operating_income": -1695000,
      "net_income": -1767000,
      "opex": 8155000,
      "cogs": 8175000,
      "rd": 1687000,
      "sga": null,
      "fcf": -2163000,
      "ocf": -2106000,
      "capex": -57000,
      "gross_margin": 0.44140758455756746,
      "op_margin": -0.1158182439357704,
      "fcf_margin": -0.1477963785445849,
      "incr_op_margin_yoy": 0.33698030634573306,
      "rev_growth_yoy": 0.10336248492159228,
      "rev_growth_yoy_accel": 0.07885779253368821,
      "op_leverage_ratio": Infinity,
      "fcf_margin_change": 0.0477688704557786
    },
    {
      "date": "2022-12-31T00:00:00",
      "quarter_label": "2022-12 (Q4)",
      "revenue": 15195000,
      "gross_profit": 6664000,
      "operating_income": -1410000,
      "net_income": -1148000,
      "opex": 8074000,
      "cogs": 8531000,
      "rd": 1450000,
      "sga": null,
      "fcf": -1673000,
      "ocf": -1590000,
      "capex": -83000,
      "gross_margin": 0.438565317538664,
      "op_margin": -0.09279368213228036,
      "fcf_margin": -0.11010200723922343,
      "rev_growth_yoy": -0.003867837944145798,
      "rev_growth_yoy_accel": -0.10723032286573808,
      "op_leverage_ratio": Infinity,
      "fcf_margin_change": 0.037694371305361477
    },
    {
      "date": "2023-04-01T00:00:00",
      "quarter_label": "2023-04 (Q2)",
      "revenue": 13706000,
      "gross_profit": 5938000,
      "operating_income": -2344000,
      "net_income": -2090000,
      "opex": 8282000,
      "cogs": 7768000,
      "rd": 1749000,
      "sga": null,
      "fcf": -2886000,
      "ocf": -2843000,
      "capex": -43000,
      "gross_margin": 0.4332409163869838,
      "op_margin": -0.17101999124471035,
      "fcf_margin": -0.2105647161826937,
      "rev_growth_yoy": 0.0238290879211175,
      "rev_growth_yoy_accel": 0.0276969258652633,
      "fcf_margin_change": -0.10046270894347027
    },
    {
      "date": "2023-07-01T00:00:00",
      "quarter_label": "2023-07 (Q3)",
      "revenue": 12855000,
      "gross_profit": 5363000,
      "operating_income": -2894000,
      "net_income": -2766000,
      "opex": 8257000,
      "cogs": 7492000,
      "rd": 1845000,
      "sga": null,
      "fcf": -1157000,
      "ocf": -1141000,
      "capex": -16000,
      "gross_margin": 0.4171917541812524,
      "op_margin": -0.22512640995721508,
      "fcf_margin": -0.09000388953714508,
      "rev_growth_yoy": -0.06543075245365322,
      "rev_growth_yoy_accel": -0.08925984037477072,
      "fcf_margin_change": 0.12056082664554862
    },
    {
      "date": "2023-09-30T00:00:00",
      "quarter_label": "2023-09 (Q3)",
      "revenue": 12850000,
      "gross_profit": 5621000,
      "operating_income": -1688000,
      "net_income": -1754000,
      "opex": 7309000,
      "cogs": 7229000,
      "rd": 1541000,
      "sga": null,
      "fcf": -1864000,
      "ocf": -1782000,
      "capex": -82000,
      "gross_margin": 0.437431906614786,
      "op_margin": -0.13136186770428016,
      "fcf_margin": -0.14505836575875486,
      "incr_op_margin_yoy": -0.00392156862745098,
      "rev_growth_yoy": -0.12196788520669627,
      "rev_growth_yoy_accel": -0.05653713275304305,
      "fcf_margin_change": -0.05505447622160978
    },
    {
      "date": "2023-12-30T00:00:00",
      "quarter_label": "2023-12 (Q4)",
      "revenue": 12458000,
      "gross_profit": 4885000,
      "operating_income": -3081000,
      "net_income": -2960000,
      "opex": 7966000,
      "cogs": 7573000,
      "rd": 1694000,
      "sga": null,
      "fcf": -947000,
      "ocf": -979000,
      "capex": 32000,
      "gross_margin": 0.39211751484989565,
      "op_margin": -0.24731096484186868,
      "fcf_margin": -0.07601541178359288,
      "incr_op_margin_yoy": 0.6105224698575082,
      "rev_growth_yoy": -0.1801250411319513,
      "rev_growth_yoy_accel": -0.05815715592525503,
      "fcf_margin_change": 0.06904295397516198
    },
    {
      "date": "2024-03-30T00:00:00",
      "quarter_label": "2024-03 (Q1)",
      "revenue": 11761000,
      "gross_profit": 4458000,
      "operating_income": -3293000,
      "net_income": -3464000,
      "opex": 7751000,
      "cogs": 7303000,
      "rd": 1536000,
      "sga": null,
      "fcf": -1651000,
      "ocf": -1648000,
      "capex": -3000,
      "gross_margin": 0.37904940056117675,
      "op_margin": -0.27999319785732507,
      "fcf_margin": -0.14037921945412804,
      "incr_op_margin_yoy": 0.4879177377892031,
      "rev_growth_yoy": -0.1419086531446082,
      "rev_growth_yoy_accel": 0.03821638798734309,
      "fcf_margin_change": -0.06436380767053516
    },
    {
      "date": "2024-06-29T00:00:00",
      "quarter_label": "2024-06 (Q2)",
      "revenue": 12631000,
      "gross_profit": 5135000,
      "operating_income": -2638000,
      "net_income": -2679000,
      "opex": 7773000,
      "cogs": 7496000,
      "rd": 1501000,
      "sga": null,
      "fcf": -1326000,
      "ocf": -1326000,
      "capex": null,
      "gross_margin": 0.40653946639220967,
      "op_margin": -0.20885123901512154,
      "fcf_margin": -0.10497981157469717,
      "rev_growth_yoy": -0.017425126409957217,
      "rev_growth_yoy_accel": 0.12448352673465099,
      "op_leverage_ratio": 26.062139119277116,
      "fcf_margin_change": 0.03539940787943087
    },
    {
      "date": "2024-09-28T00:00:00",
      "quarter_label": "2024-09 (Q3)",
      "revenue": 11581000,
      "gross_profit": 4323000,
      "operating_income": -1870000,
      "net_income": -1933000,
      "opex": 6193000,
      "cogs": 7258000,
      "rd": 1299000,
      "sga": null,
      "fcf": -3074000,
      "ocf": -3073000,
      "capex": -1000,
      "gross_margin": 0.3732838269579484,
      "op_margin": -0.16147137552888352,
      "fcf_margin": -0.26543476383731973,
      "incr_op_margin_yoy": 0.1434200157604413,
      "rev_growth_yoy": -0.09875486381322957,
      "rev_growth_yoy_accel": -0.08132973740327235,
      "fcf_margin_change": -0.16045495226262257
    },
    {
      "date": "2024-12-28T00:00:00",
      "quarter_label": "2024-12 (Q4)",
      "revenue": 12696000,
      "gross_profit": 5586000,
      "operating_income": -502000,
      "net_income": -834000,
      "opex": 6088000,
      "cogs": 7110000,
      "rd": 1113000,
      "sga": null,
      "fcf": -1247000,
      "ocf": -1238000,
      "capex": -9000,
      "gross_margin": 0.43998109640831756,
      "op_margin": -0.03954001260239445,
      "fcf_margin": -0.09821991178323881,
      "rev_growth_yoy": 0.01910419007866431,
      "rev_growth_yoy_accel": 0.11785905389189388,
      "op_leverage_ratio": Infinity,
      "fcf_margin_change": 0.16721485205408093
    },
    {
      "date": "2025-03-29T00:00:00",
      "quarter_label": "2025-03 (Q1)",
      "revenue": 11896000,
      "gross_profit": 5055000,
      "operating_income": -205000,
      "net_income": -1686000,
      "opex": 5260000,
      "cogs": 6841000,
      "rd": 876000,
      "sga": null,
      "fcf": -1160000,
      "ocf": -1149000,
      "capex": -11000,
      "gross_margin": 0.42493275050437124,
      "op_margin": -0.017232683254875588,
      "fcf_margin": -0.09751176866173504,
      "rev_growth_yoy": 0.011478615763965649,
      "rev_growth_yoy_accel": -0.0076255743146986625,
      "fcf_margin_change": 0.0007081431215037737
    },
    {
      "date": "2025-06-28T00:00:00",
      "quarter_label": "2025-06 (Q2)",
      "revenue": 13571000,
      "gross_profit": 4682000,
      "operating_income": -940000,
      "net_income": -994000,
      "opex": 5622000,
      "cogs": 8889000,
      "rd": 871000,
      "sga": null,
      "fcf": -410000,
      "ocf": -397000,
      "capex": -13000,
      "gross_margin": 0.34500036843268733,
      "op_margin": -0.06926534522142805,
      "fcf_margin": -0.030211480362537766,
      "rev_growth_yoy": 0.0744200775868894,
      "rev_growth_yoy_accel": 0.06294146182292375,
      "op_leverage_ratio": 2.0459312197423714,
      "fcf_margin_change": 0.06730028829919728
    },
    {
      "date": "2025-09-27T00:00:00",
      "quarter_label": "2025-09 (Q3)",
      "revenue": 12484000,
      "gross_profit": 4013000,
      "operating_income": -1411000,
      "net_income": -1573000,
      "opex": 5424000,
      "cogs": 8471000,
      "rd": 972000,
      "sga": null,
      "fcf": -1171000,
      "ocf": -1158000,
      "capex": -13000,
      "gross_margin": 0.32145145786606855,
      "op_margin": -0.11302467157962191,
      "fcf_margin": -0.09380006408202499,
      "rev_growth_yoy": 0.07797254123132717,
      "rev_growth_yoy_accel": 0.0035524636444377727,
      "fcf_margin_change": -0.06358858371948722
    }
  ],
  "signals": [
    {
      "quarter": "2025-06 (Q2)",
      "signal": "FCF MARGIN EXPANSION",
      "detail": "FCF margin: -9.8% -> -3.0% (+6.7%)",
      "severity": "MEDIUM"
    },
    {
      "quarter": "2025-06 (Q2)",
      "signal": "OPERATING LEVERAGE",
      "detail": "Rev growth +14.1% vs OpEx growth +6.9% (leverage: 2.0x)",
      "severity": "MEDIUM"
    },
    {
      "quarter": "2025-06 (Q2)",
      "signal": "YoY REVENUE GROWTH ACCELERATION",
      "detail": "YoY growth: +7.4% vs prior quarter YoY: +1.1% (accel: +6.3%)",
      "severity": "MEDIUM"
    },
    {
      "quarter": "2024-12 (Q4)",
      "signal": "FCF MARGIN EXPANSION",
      "detail": "FCF margin: -26.5% -> -9.8% (+16.7%)",
      "severity": "MEDIUM"
    },
    {
      "quarter": "2024-12 (Q4)",
      "signal": "GROSS MARGIN INFLECTION",
      "detail": "GM: +40.7% -> +37.3% -> +44.0% (reversal +6.7%)",
      "severity": "HIGH"
    },
    {
      "quarter": "2024-12 (Q4)",
      "signal": "YoY REVENUE GROWTH ACCELERATION",
      "detail": "YoY growth: +1.9% vs prior quarter YoY: -9.9% (accel: +11.8%)",
      "severity": "MEDIUM"
    },
    {
      "quarter": "2024-09 (Q3)",
      "signal": "YoY REVENUE GROWTH DECELERATION",
      "detail": "YoY growth: -9.9% vs prior quarter YoY: -1.7% (decel: -8.1%)",
      "severity": "WARNING"
    },
    {
      "quarter": "2024-06 (Q2)",
      "signal": "OPERATING LEVERAGE",
      "detail": "Rev growth +7.4% vs OpEx growth +0.3% (leverage: 26.1x)",
      "severity": "MEDIUM"
    },
    {
      "quarter": "2024-06 (Q2)",
      "signal": "GROSS MARGIN INFLECTION",
      "detail": "GM: +39.2% -> +37.9% -> +40.7% (reversal +2.7%)",
      "severity": "MEDIUM"
    },
    {
      "quarter": "2024-06 (Q2)",
      "signal": "YoY REVENUE GROWTH ACCELERATION",
      "detail": "YoY growth: -1.7% vs prior quarter YoY: -14.2% (accel: +12.4%)",
      "severity": "MEDIUM"
    },
    {
      "quarter": "2023-12 (Q4)",
      "signal": "FCF MARGIN EXPANSION",
      "detail": "FCF margin: -14.5% -> -7.6% (+6.9%)",
      "severity": "MEDIUM"
    },
    {
      "quarter": "2023-12 (Q4)",
      "signal": "YoY REVENUE GROWTH DECELERATION",
      "detail": "YoY growth: -18.0% vs prior quarter YoY: -12.2% (decel: -5.8%)",
      "severity": "WARNING"
    },
    {
      "quarter": "2023-09 (Q3)",
      "signal": "GROSS MARGIN INFLECTION",
      "detail": "GM: +43.3% -> +41.7% -> +43.7% (reversal +2.0%)",
      "severity": "MEDIUM"
    },
    {
      "quarter": "2023-09 (Q3)",
      "signal": "YoY REVENUE GROWTH DECELERATION",
      "detail": "YoY growth: -12.2% vs prior quarter YoY: -6.5% (decel: -5.7%)",
      "severity": "WARNING"
    },
    {
      "quarter": "2023-07 (Q3)",
      "signal": "FCF MARGIN EXPANSION",
      "detail": "FCF margin: -21.1% -> -9.0% (+12.1%)",
      "severity": "MEDIUM"
    },
    {
      "quarter": "2023-07 (Q3)",
      "signal": "YoY REVENUE GROWTH DECELERATION",
      "detail": "YoY growth: -6.5% vs prior quarter YoY: +2.4% (decel: -8.9%)",
      "severity": "WARNING"
    },
    {
      "quarter": "2022-12 (Q4)",
      "signal": "YoY REVENUE GROWTH DECELERATION",
      "detail": "YoY growth: -0.4% vs prior quarter YoY: +10.3% (decel: -10.7%)",
      "severity": "WARNING"
    },
    {
      "quarter": "2022-10 (Q4)",
      "signal": "YoY REVENUE GROWTH ACCELERATION",
      "detail": "YoY growth: +10.3% vs prior quarter YoY: +2.5% (accel: +7.9%)",
      "severity": "MEDIUM"
    },
    {
      "quarter": "2022-07 (Q3)",
      "signal": "YoY REVENUE GROWTH DECELERATION",
      "detail": "YoY growth: +2.5% vs prior quarter YoY: +11.9% (decel: -9.5%)",
      "severity": "WARNING"
    },
    {
      "quarter": "2022-04 (Q2)",
      "signal": "GROSS MARGIN INFLECTION",
      "detail": "GM: +43.6% -> +39.3% -> +44.6% (reversal +5.3%)",
      "severity": "HIGH"
    },
    {
      "quarter": "2022-04 (Q2)",
      "signal": "YoY REVENUE GROWTH DECELERATION",
      "detail": "YoY growth: +11.9% vs prior quarter YoY: +24.0% (decel: -12.0%)",
      "severity": "WARNING"
    },
    {
      "quarter": "2022-01 (Q1)",
      "signal": "OPERATING LEVERAGE",
      "detail": "Rev growth +15.0% vs OpEx growth +5.8% (leverage: 2.6x)",
      "severity": "MEDIUM"
    },
    {
      "quarter": "2021-07 (Q3)",
      "signal": "OPERATING LEVERAGE",
      "detail": "Rev growth +12.3% vs OpEx growth +6.9% (leverage: 1.8x)",
      "severity": "MEDIUM"
    },
    {
      "quarter": "2021-07 (Q3)",
      "signal": "GROSS MARGIN INFLECTION",
      "detail": "GM: +45.4% -> +41.3% -> +45.5% (reversal +4.2%)",
      "severity": "MEDIUM"
    },
    {
      "quarter": "2021-04 (Q2)",
      "signal": "FCF TURNED POSITIVE",
      "detail": "FCF margin: -1.8% -> +98.3%",
      "severity": "HIGH"
    }
  ],
  "data_quality": {
    "n_quarters": 20,
    "coverage": {
      "revenue": [
        20,
        20
      ],
      "gross_profit": [
        20,
        20
      ],
      "op_income": [
        20,
        20
      ],
      "fcf": [
        20,
        20
      ]
    },
    "gaps": [],
    "warnings": []
  },
  "market_cap": null,
  "source": "SEC EDGAR",
  "last_updated": "2026-02-02T23:54:17.556260",
  "sector": "Healthcare",
  "industry": "Medical Devices"
}