{
  "ticker": "IRMD",
  "name": "IRADIMED CORPORATION",
  "quarters": [
    {
      "date": "2020-12-31T00:00:00",
      "quarter_label": "2020-12 (Q4)",
      "revenue": 8546043,
      "gross_profit": 6439434,
      "operating_income": 651026,
      "net_income": 637414,
      "opex": 5788408,
      "cogs": 2106609,
      "rd": 512718,
      "sga": null,
      "fcf": 2402348,
      "ocf": 2496068,
      "capex": -93720,
      "gross_margin": 0.7534989000172361,
      "op_margin": 0.07617864782566622,
      "fcf_margin": 0.2811064723170712
    },
    {
      "date": "2021-03-31T00:00:00",
      "quarter_label": "2021-03 (Q1)",
      "revenue": 9223996,
      "gross_profit": 7062316,
      "operating_income": 1777006,
      "net_income": 1386849,
      "opex": 5285310,
      "cogs": 2161680,
      "rd": 475817,
      "sga": null,
      "fcf": 810763,
      "ocf": 943081,
      "capex": -132318,
      "gross_margin": 0.7656460388751253,
      "op_margin": 0.19265034373388715,
      "fcf_margin": 0.08789715433527942,
      "op_leverage_ratio": Infinity,
      "fcf_margin_change": -0.19320931798179178
    },
    {
      "date": "2021-06-30T00:00:00",
      "quarter_label": "2021-06 (Q2)",
      "revenue": 9810423,
      "gross_profit": 7332301,
      "operating_income": 1844226,
      "net_income": 1469694,
      "opex": 5488075,
      "cogs": 2478122,
      "rd": 453679,
      "sga": null,
      "fcf": 3462466,
      "ocf": 3570691,
      "capex": -108225,
      "gross_margin": 0.7473990672981176,
      "op_margin": 0.18798638957769712,
      "fcf_margin": 0.3529374829199516,
      "op_leverage_ratio": 1.6571900797208141,
      "fcf_margin_change": 0.2650403285846722
    },
    {
      "date": "2021-09-30T00:00:00",
      "quarter_label": "2021-09 (Q3)",
      "revenue": 10907302,
      "gross_profit": 8405557,
      "operating_income": 3086885,
      "net_income": 2576261,
      "opex": 5318672,
      "cogs": 2501745,
      "rd": 480696,
      "sga": null,
      "fcf": 3227581,
      "ocf": 3378341,
      "capex": -150760,
      "gross_margin": 0.7706357630878837,
      "op_margin": 0.28301086739873893,
      "fcf_margin": 0.2959101159938544,
      "op_leverage_ratio": Infinity,
      "fcf_margin_change": -0.05702736692609717
    },
    {
      "date": "2021-12-31T00:00:00",
      "quarter_label": "2021-12 (Q4)",
      "revenue": 11872860,
      "gross_profit": 9249751,
      "operating_income": 3109565,
      "net_income": 3892667,
      "opex": 6140186,
      "cogs": 2623109,
      "rd": 494851,
      "sga": null,
      "fcf": 3275021,
      "ocf": 3366043,
      "capex": -91022,
      "gross_margin": 0.7790667960373491,
      "op_margin": 0.26190530335572054,
      "fcf_margin": 0.2758409515483211,
      "incr_op_margin_yoy": 0.7390063835792591,
      "rev_growth_yoy": 0.38928156574920114,
      "op_leverage_ratio": 0.5731248877460631,
      "fcf_margin_change": -0.020069164445533305
    },
    {
      "date": "2022-03-31T00:00:00",
      "quarter_label": "2022-03 (Q1)",
      "revenue": 12310710,
      "gross_profit": 9379524,
      "operating_income": 3074923,
      "net_income": 2486713,
      "opex": 6304601,
      "cogs": 2931186,
      "rd": 519095,
      "sga": null,
      "fcf": 1242835,
      "ocf": 1426187,
      "capex": -183352,
      "gross_margin": 0.7618995167622339,
      "op_margin": 0.24977625173527765,
      "fcf_margin": 0.10095559070110498,
      "incr_op_margin_yoy": 0.42048502064007226,
      "rev_growth_yoy": 0.3346395640240954,
      "rev_growth_yoy_accel": -0.05464200172510575,
      "op_leverage_ratio": 1.3772414899531737,
      "fcf_margin_change": -0.17488536084721612
    },
    {
      "date": "2022-06-30T00:00:00",
      "quarter_label": "2022-06 (Q2)",
      "revenue": 12721569,
      "gross_profit": 10139763,
      "operating_income": 4166581,
      "net_income": 3241052,
      "opex": 5973182,
      "cogs": 2581806,
      "rd": 662599,
      "sga": null,
      "fcf": 1450636,
      "ocf": 1639219,
      "capex": -188583,
      "gross_margin": 0.7970528635265037,
      "op_margin": 0.32752099996470563,
      "fcf_margin": 0.11402964524265835,
      "incr_op_margin_yoy": 0.79774597357879,
      "rev_growth_yoy": 0.2967401099830252,
      "rev_growth_yoy_accel": -0.0378994540410702,
      "op_leverage_ratio": Infinity,
      "fcf_margin_change": 0.013074054541553373
    },
    {
      "date": "2022-09-30T00:00:00",
      "quarter_label": "2022-09 (Q3)",
      "revenue": 13407272,
      "gross_profit": 10542738,
      "operating_income": 4132296,
      "net_income": 3427104,
      "opex": 6410442,
      "cogs": 2864534,
      "rd": 491643,
      "sga": null,
      "fcf": 3745513,
      "ocf": 3938461,
      "capex": -192948,
      "gross_margin": 0.7863447538022649,
      "op_margin": 0.30821303543330814,
      "fcf_margin": 0.2793642882757954,
      "incr_op_margin_yoy": 0.4181694180330164,
      "rev_growth_yoy": 0.22920150189295208,
      "rev_growth_yoy_accel": -0.06753860809007312,
      "op_leverage_ratio": 0.7363111362574112,
      "fcf_margin_change": 0.16533464303313705
    },
    {
      "date": "2022-12-31T00:00:00",
      "quarter_label": "2022-12 (Q4)",
      "revenue": 14863594,
      "gross_profit": 11220378,
      "operating_income": 4253845,
      "net_income": 3673617,
      "opex": 6966533,
      "cogs": 3643216,
      "rd": 604744,
      "sga": null,
      "fcf": 2780708,
      "ocf": 3038844,
      "capex": -258136,
      "gross_margin": 0.754889968065597,
      "op_margin": 0.28619222241942294,
      "fcf_margin": 0.18708180538300495,
      "incr_op_margin_yoy": 0.3826084165291865,
      "rev_growth_yoy": 0.25189667864356186,
      "rev_growth_yoy_accel": 0.02269517675060978,
      "op_leverage_ratio": 1.2521579028585534,
      "fcf_margin_change": -0.09228248289279045
    },
    {
      "date": "2023-03-31T00:00:00",
      "quarter_label": "2023-03 (Q1)",
      "revenue": 15475083,
      "gross_profit": 11721448,
      "operating_income": 4007246,
      "net_income": 3406066,
      "opex": 7714202,
      "cogs": 3753635,
      "rd": 793716,
      "sga": null,
      "fcf": -1749838,
      "ocf": 4646092,
      "capex": -6395930,
      "gross_margin": 0.7574400731808676,
      "op_margin": 0.25894827187679703,
      "fcf_margin": -0.11307454699919865,
      "incr_op_margin_yoy": 0.29463119550065686,
      "rev_growth_yoy": 0.25704228269531165,
      "rev_growth_yoy_accel": 0.005145604051749797,
      "op_leverage_ratio": 0.3833294088526251,
      "fcf_margin_change": -0.3001563523822036
    },
    {
      "date": "2023-06-30T00:00:00",
      "quarter_label": "2023-06 (Q2)",
      "revenue": 16130396,
      "gross_profit": 12186492,
      "operating_income": 4963035,
      "net_income": 4179840,
      "opex": 7223457,
      "cogs": 3943904,
      "rd": 961952,
      "sga": null,
      "fcf": 3309165,
      "ocf": 3513756,
      "capex": -204591,
      "gross_margin": 0.7554986250802522,
      "op_margin": 0.3076821548584424,
      "fcf_margin": 0.20515088408244905,
      "incr_op_margin_yoy": 0.23364459387349373,
      "rev_growth_yoy": 0.26795649184467735,
      "rev_growth_yoy_accel": 0.010914209149365695,
      "op_leverage_ratio": Infinity,
      "fcf_margin_change": 0.3182254310816477
    },
    {
      "date": "2023-09-30T00:00:00",
      "quarter_label": "2023-09 (Q3)",
      "revenue": 16504640,
      "gross_profit": 12837384,
      "operating_income": 5905340,
      "net_income": 5067180,
      "opex": 6932044,
      "cogs": 3667256,
      "rd": 452555,
      "sga": null,
      "fcf": 1084598,
      "ocf": 1392684,
      "capex": -308086,
      "gross_margin": 0.77780454466138,
      "op_margin": 0.357798776586463,
      "fcf_margin": 0.06571473234193535,
      "incr_op_margin_yoy": 0.5724356937890492,
      "rev_growth_yoy": 0.23102149341044173,
      "rev_growth_yoy_accel": -0.036934998434235616,
      "op_leverage_ratio": Infinity,
      "fcf_margin_change": -0.13943615174051371
    },
    {
      "date": "2023-12-31T00:00:00",
      "quarter_label": "2023-12 (Q4)",
      "revenue": 17452176,
      "gross_profit": 13412940,
      "operating_income": 5159833,
      "net_income": 4539686,
      "opex": 8253107,
      "cogs": 4039236,
      "rd": 650435,
      "sga": null,
      "fcf": 3380577,
      "ocf": 3912480,
      "capex": -531903,
      "gross_margin": 0.7685540187080396,
      "op_margin": 0.29565556753495953,
      "fcf_margin": 0.19370518610401363,
      "incr_op_margin_yoy": 0.34999393490335634,
      "rev_growth_yoy": 0.17415586028520424,
      "rev_growth_yoy_accel": -0.056865633125237486,
      "op_leverage_ratio": 0.3012502700163691,
      "fcf_margin_change": 0.1279904537620783
    },
    {
      "date": "2024-03-31T00:00:00",
      "quarter_label": "2024-03 (Q1)",
      "revenue": 17598119,
      "gross_profit": 13387723,
      "operating_income": 4748347,
      "net_income": 4136533,
      "opex": 8639376,
      "cogs": 4210396,
      "rd": 3827165,
      "sga": null,
      "fcf": 3612588,
      "ocf": 3883154,
      "capex": -270566,
      "gross_margin": 0.7607473844221647,
      "op_margin": 0.2698212803311536,
      "fcf_margin": 0.20528262139834377,
      "incr_op_margin_yoy": 0.34907604016135385,
      "rev_growth_yoy": 0.13719060505200523,
      "rev_growth_yoy_accel": -0.03696525523319902,
      "fcf_margin_change": 0.01157743529433014
    },
    {
      "date": "2024-06-30T00:00:00",
      "quarter_label": "2024-06 (Q2)",
      "revenue": 17928876,
      "gross_profit": 14009593,
      "operating_income": 5627043,
      "net_income": 4901224,
      "opex": 8382550,
      "cogs": 3919283,
      "rd": 801129,
      "sga": null,
      "fcf": 5504255,
      "ocf": 6638526,
      "capex": -1134271,
      "gross_margin": 0.7813982873215254,
      "op_margin": 0.31385364035090657,
      "fcf_margin": 0.3070050236278058,
      "incr_op_margin_yoy": 0.36920510653440686,
      "rev_growth_yoy": 0.1114963327620723,
      "rev_growth_yoy_accel": -0.02569427228993293,
      "op_leverage_ratio": Infinity,
      "fcf_margin_change": 0.10172240222946202
    },
    {
      "date": "2024-09-30T00:00:00",
      "quarter_label": "2024-09 (Q3)",
      "revenue": 18325959,
      "gross_profit": 14191706,
      "operating_income": 5789120,
      "net_income": 5049491,
      "opex": 8402586,
      "cogs": 4134253,
      "rd": 639467,
      "sga": null,
      "fcf": 5305692,
      "ocf": 9115714,
      "capex": -3810022,
      "gross_margin": 0.774404548214912,
      "op_margin": 0.3158972471781695,
      "fcf_margin": 0.28951783641991125,
      "incr_op_margin_yoy": -0.06381089748693118,
      "rev_growth_yoy": 0.1103519373945751,
      "rev_growth_yoy_accel": -0.0011443953674971918,
      "op_leverage_ratio": 9.266022711770525,
      "fcf_margin_change": -0.01748718720789455
    },
    {
      "date": "2024-12-31T00:00:00",
      "quarter_label": "2024-12 (Q4)",
      "revenue": 19389167,
      "gross_profit": 14760859,
      "operating_income": 5800217,
      "net_income": 5146778,
      "opex": 8960642,
      "cogs": 4628308,
      "rd": 569993,
      "sga": null,
      "fcf": 3196895,
      "ocf": 5987069,
      "capex": -2790174,
      "gross_margin": 0.7612941288297739,
      "op_margin": 0.2991473022023071,
      "fcf_margin": 0.16488047165718878,
      "incr_op_margin_yoy": 0.33060762801685706,
      "rev_growth_yoy": 0.11098850939848418,
      "rev_growth_yoy_accel": 0.0006365720039090694,
      "op_leverage_ratio": 0.8735478706808508,
      "fcf_margin_change": -0.12463736476272247
    },
    {
      "date": "2025-03-31T00:00:00",
      "quarter_label": "2025-03 (Q1)",
      "revenue": 19510637,
      "gross_profit": 14842806,
      "operating_income": 5431456,
      "net_income": 4687429,
      "opex": 9411350,
      "cogs": 4667831,
      "rd": 624245,
      "sga": null,
      "fcf": 594624,
      "ocf": 4292092,
      "capex": -3697468,
      "gross_margin": 0.7607545566041745,
      "op_margin": 0.27838435003429157,
      "fcf_margin": 0.03047691369584704,
      "incr_op_margin_yoy": 0.3571778147970372,
      "rev_growth_yoy": 0.10867741035277691,
      "rev_growth_yoy_accel": -0.0023110990457072683,
      "fcf_margin_change": -0.13440355796134174
    },
    {
      "date": "2025-06-30T00:00:00",
      "quarter_label": "2025-06 (Q2)",
      "revenue": 20409400,
      "gross_profit": 15954992,
      "operating_income": 6787997,
      "net_income": 5773961,
      "opex": 9166995,
      "cogs": 4454408,
      "rd": 877362,
      "sga": null,
      "fcf": 5110515,
      "ocf": 7746261,
      "capex": -2635746,
      "gross_margin": 0.7817472341176125,
      "op_margin": 0.33259169794310467,
      "fcf_margin": 0.25040006075631815,
      "incr_op_margin_yoy": 0.46802772317461955,
      "rev_growth_yoy": 0.1383535699616641,
      "rev_growth_yoy_accel": 0.029676159608887184,
      "op_leverage_ratio": Infinity,
      "fcf_margin_change": 0.2199231470604711
    },
    {
      "date": "2025-09-30T00:00:00",
      "quarter_label": "2025-09 (Q3)",
      "revenue": 21202064,
      "gross_profit": 16494308,
      "operating_income": 6833750,
      "net_income": 5576652,
      "opex": 9660558,
      "cogs": 4707756,
      "rd": 674362,
      "sga": null,
      "fcf": 5848463,
      "ocf": 6986075,
      "capex": -1137612,
      "gross_margin": 0.7779576554433568,
      "op_margin": 0.32231531798036267,
      "fcf_margin": 0.2758440404670036,
      "incr_op_margin_yoy": 0.3632099662564475,
      "rev_growth_yoy": 0.15694158215676463,
      "rev_growth_yoy_accel": 0.018588012195100534,
      "op_leverage_ratio": 0.7213454491650104,
      "fcf_margin_change": 0.02544397971068546
    }
  ],
  "signals": [
    {
      "quarter": "2025-06 (Q2)",
      "signal": "FCF MARGIN EXPANSION",
      "detail": "FCF margin: +3.0% -> +25.0% (+22.0%)",
      "severity": "MEDIUM"
    },
    {
      "quarter": "2025-06 (Q2)",
      "signal": "GROSS MARGIN INFLECTION",
      "detail": "GM: +76.1% -> +76.1% -> +78.2% (reversal +2.1%)",
      "severity": "MEDIUM"
    },
    {
      "quarter": "2025-06 (Q2)",
      "signal": "INCREMENTAL MARGIN (YoY)",
      "detail": "YoY Incr OPM: +46.8% vs year-ago OPM: +31.4%",
      "severity": "MEDIUM"
    },
    {
      "quarter": "2024-09 (Q3)",
      "signal": "OPERATING LEVERAGE",
      "detail": "Rev growth +2.2% vs OpEx growth +0.2% (leverage: 9.3x)",
      "severity": "MEDIUM"
    },
    {
      "quarter": "2024-06 (Q2)",
      "signal": "FCF MARGIN EXPANSION",
      "detail": "FCF margin: +20.5% -> +30.7% (+10.2%)",
      "severity": "MEDIUM"
    },
    {
      "quarter": "2024-06 (Q2)",
      "signal": "GROSS MARGIN INFLECTION",
      "detail": "GM: +76.9% -> +76.1% -> +78.1% (reversal +2.1%)",
      "severity": "MEDIUM"
    },
    {
      "quarter": "2023-12 (Q4)",
      "signal": "FCF MARGIN EXPANSION",
      "detail": "FCF margin: +6.6% -> +19.4% (+12.8%)",
      "severity": "MEDIUM"
    },
    {
      "quarter": "2023-12 (Q4)",
      "signal": "YoY REVENUE GROWTH DECELERATION",
      "detail": "YoY growth: +17.4% vs prior quarter YoY: +23.1% (decel: -5.7%)",
      "severity": "WARNING"
    },
    {
      "quarter": "2023-09 (Q3)",
      "signal": "GROSS MARGIN INFLECTION",
      "detail": "GM: +75.7% -> +75.5% -> +77.8% (reversal +2.2%)",
      "severity": "MEDIUM"
    },
    {
      "quarter": "2023-09 (Q3)",
      "signal": "INCREMENTAL MARGIN (YoY)",
      "detail": "YoY Incr OPM: +57.2% vs year-ago OPM: +30.8%",
      "severity": "HIGH"
    },
    {
      "quarter": "2023-06 (Q2)",
      "signal": "FCF TURNED POSITIVE",
      "detail": "FCF margin: -11.3% -> +20.5%",
      "severity": "HIGH"
    },
    {
      "quarter": "2022-12 (Q4)",
      "signal": "INCREMENTAL MARGIN (YoY)",
      "detail": "YoY Incr OPM: +38.3% vs year-ago OPM: +26.2%",
      "severity": "MEDIUM"
    },
    {
      "quarter": "2022-09 (Q3)",
      "signal": "FCF MARGIN EXPANSION",
      "detail": "FCF margin: +11.4% -> +27.9% (+16.5%)",
      "severity": "MEDIUM"
    },
    {
      "quarter": "2022-09 (Q3)",
      "signal": "YoY REVENUE GROWTH DECELERATION",
      "detail": "YoY growth: +22.9% vs prior quarter YoY: +29.7% (decel: -6.8%)",
      "severity": "WARNING"
    },
    {
      "quarter": "2022-09 (Q3)",
      "signal": "INCREMENTAL MARGIN (YoY)",
      "detail": "YoY Incr OPM: +41.8% vs year-ago OPM: +28.3%",
      "severity": "MEDIUM"
    },
    {
      "quarter": "2022-06 (Q2)",
      "signal": "GROSS MARGIN INFLECTION",
      "detail": "GM: +77.9% -> +76.2% -> +79.7% (reversal +3.5%)",
      "severity": "MEDIUM"
    },
    {
      "quarter": "2022-06 (Q2)",
      "signal": "INCREMENTAL MARGIN (YoY)",
      "detail": "YoY Incr OPM: +79.8% vs year-ago OPM: +18.8%",
      "severity": "HIGH"
    },
    {
      "quarter": "2022-03 (Q1)",
      "signal": "YoY REVENUE GROWTH DECELERATION",
      "detail": "YoY growth: +33.5% vs prior quarter YoY: +38.9% (decel: -5.5%)",
      "severity": "WARNING"
    },
    {
      "quarter": "2022-03 (Q1)",
      "signal": "INCREMENTAL MARGIN (YoY)",
      "detail": "YoY Incr OPM: +42.0% vs year-ago OPM: +19.3%",
      "severity": "HIGH"
    },
    {
      "quarter": "2021-12 (Q4)",
      "signal": "INCREMENTAL MARGIN (YoY)",
      "detail": "YoY Incr OPM: +73.9% vs year-ago OPM: +7.6%",
      "severity": "HIGH"
    },
    {
      "quarter": "2021-09 (Q3)",
      "signal": "GROSS MARGIN INFLECTION",
      "detail": "GM: +76.6% -> +74.7% -> +77.1% (reversal +2.3%)",
      "severity": "MEDIUM"
    },
    {
      "quarter": "2021-06 (Q2)",
      "signal": "FCF MARGIN EXPANSION",
      "detail": "FCF margin: +8.8% -> +35.3% (+26.5%)",
      "severity": "MEDIUM"
    },
    {
      "quarter": "2021-06 (Q2)",
      "signal": "OPERATING LEVERAGE",
      "detail": "Rev growth +6.4% vs OpEx growth +3.8% (leverage: 1.7x)",
      "severity": "MEDIUM"
    }
  ],
  "data_quality": {
    "n_quarters": 20,
    "coverage": {
      "revenue": [
        20,
        20
      ],
      "gross_profit": [
        20,
        20
      ],
      "op_income": [
        20,
        20
      ],
      "fcf": [
        20,
        20
      ]
    },
    "gaps": [],
    "warnings": []
  },
  "market_cap": null,
  "source": "SEC EDGAR",
  "last_updated": "2026-02-02T21:54:12.534347",
  "sector": "Healthcare",
  "industry": "Medical Devices"
}