{
  "ticker": "IRTC",
  "name": "iRhythm Technologies, Inc.",
  "quarters": [
    {
      "date": "2020-12-31T00:00:00",
      "quarter_label": "2020-12 (Q4)",
      "revenue": 78809000,
      "gross_profit": 58311000,
      "operating_income": -9581000,
      "net_income": -9651000,
      "opex": 67892000,
      "cogs": 20498000,
      "rd": 11604000,
      "sga": 56288000,
      "fcf": 5454000,
      "ocf": 7818000,
      "capex": -2364000,
      "gross_margin": 0.7399028029793552,
      "op_margin": -0.1215724092425992,
      "fcf_margin": 0.0692052938116205
    },
    {
      "date": "2021-03-31T00:00:00",
      "quarter_label": "2021-03 (Q1)",
      "revenue": 74311000,
      "gross_profit": 50853000,
      "operating_income": -27470000,
      "net_income": -27779000,
      "opex": 78323000,
      "cogs": 23458000,
      "rd": 8510000,
      "sga": 69813000,
      "fcf": -46053000,
      "ocf": -41842000,
      "capex": -4211000,
      "gross_margin": 0.6843266811104681,
      "op_margin": -0.36966263406494326,
      "fcf_margin": -0.6197332830940238,
      "fcf_margin_change": -0.6889385769056442
    },
    {
      "date": "2021-06-30T00:00:00",
      "quarter_label": "2021-06 (Q2)",
      "revenue": 81278000,
      "gross_profit": 55283000,
      "operating_income": -16992000,
      "net_income": -17360000,
      "opex": 72275000,
      "cogs": 25995000,
      "rd": 9606000,
      "sga": 62669000,
      "fcf": -6466000,
      "ocf": -543000,
      "capex": -5923000,
      "gross_margin": 0.6801717561947883,
      "op_margin": -0.20906026230960406,
      "fcf_margin": -0.07955412288688206,
      "op_leverage_ratio": Infinity,
      "fcf_margin_change": 0.5401791602071417
    },
    {
      "date": "2021-09-30T00:00:00",
      "quarter_label": "2021-09 (Q3)",
      "revenue": 85432000,
      "gross_profit": 56148000,
      "operating_income": -23282000,
      "net_income": -23731000,
      "opex": 79430000,
      "cogs": 29284000,
      "rd": 8685000,
      "sga": 70745000,
      "fcf": 4369000,
      "ocf": 17677000,
      "capex": -13308000,
      "gross_margin": 0.657224459219028,
      "op_margin": -0.2725208352842026,
      "fcf_margin": 0.051140088023223146,
      "op_leverage_ratio": 0.5162641236711735,
      "fcf_margin_change": 0.1306942109101052
    },
    {
      "date": "2021-12-31T00:00:00",
      "quarter_label": "2021-12 (Q4)",
      "revenue": 81804000,
      "gross_profit": 51283000,
      "operating_income": -32199000,
      "net_income": -32491000,
      "opex": 83482000,
      "cogs": 30521000,
      "rd": 11870000,
      "sga": 71612000,
      "fcf": -17670000,
      "ocf": -13045000,
      "capex": -4625000,
      "gross_margin": 0.6269008850422962,
      "op_margin": -0.39361155933695174,
      "fcf_margin": -0.21600410737861228,
      "incr_op_margin_yoy": -7.551919866444074,
      "rev_growth_yoy": 0.038003273737771064,
      "fcf_margin_change": -0.2671441954018354
    },
    {
      "date": "2022-03-31T00:00:00",
      "quarter_label": "2022-03 (Q1)",
      "revenue": 92378000,
      "gross_profit": 61759000,
      "operating_income": -48549000,
      "net_income": -50609000,
      "opex": 110308000,
      "cogs": 30619000,
      "rd": 10542000,
      "sga": 73158000,
      "fcf": -44457000,
      "ocf": -38885000,
      "capex": -5572000,
      "gross_margin": 0.6685466236549827,
      "op_margin": -0.5255472082097469,
      "fcf_margin": -0.48125094719521966,
      "incr_op_margin_yoy": -1.1667127912769137,
      "rev_growth_yoy": 0.2431268587423127,
      "rev_growth_yoy_accel": 0.20512358500454164,
      "op_leverage_ratio": 0.40225522205569847,
      "fcf_margin_change": -0.26524683981660735
    },
    {
      "date": "2022-06-30T00:00:00",
      "quarter_label": "2022-06 (Q2)",
      "revenue": 102051000,
      "gross_profit": 70245000,
      "operating_income": -23451000,
      "net_income": -23897000,
      "opex": 93696000,
      "cogs": 31806000,
      "rd": 11945000,
      "sga": 81751000,
      "fcf": -11204000,
      "ocf": -372000,
      "capex": -10832000,
      "gross_margin": 0.6883323044360173,
      "op_margin": -0.22979686627274598,
      "fcf_margin": -0.1097882431333353,
      "incr_op_margin_yoy": -0.31093246040533384,
      "rev_growth_yoy": 0.25557961564014864,
      "rev_growth_yoy_accel": 0.012452756897835926,
      "op_leverage_ratio": Infinity,
      "fcf_margin_change": 0.37146270406188436
    },
    {
      "date": "2022-09-30T00:00:00",
      "quarter_label": "2022-09 (Q3)",
      "revenue": 103875000,
      "gross_profit": 70921000,
      "operating_income": -21086000,
      "net_income": -21451000,
      "opex": 92007000,
      "cogs": 32954000,
      "rd": 11448000,
      "sga": 80559000,
      "fcf": -2664000,
      "ocf": 3669000,
      "capex": -6333000,
      "gross_margin": 0.6827533092659447,
      "op_margin": -0.2029939831528279,
      "fcf_margin": -0.02564620938628159,
      "incr_op_margin_yoy": 0.11906956568887925,
      "rev_growth_yoy": 0.2158792958142148,
      "rev_growth_yoy_accel": -0.03970031982593383,
      "op_leverage_ratio": Infinity,
      "fcf_margin_change": 0.0841420337470537
    },
    {
      "date": "2022-12-31T00:00:00",
      "quarter_label": "2022-12 (Q4)",
      "revenue": 112617000,
      "gross_profit": 78707000,
      "operating_income": -20698000,
      "net_income": -20198000,
      "opex": 99405000,
      "cogs": 33910000,
      "rd": 12675000,
      "sga": 86730000,
      "fcf": 5483000,
      "ocf": 12576000,
      "capex": -7093000,
      "gross_margin": 0.6988909312093201,
      "op_margin": -0.1837910794995427,
      "fcf_margin": 0.04868714314890292,
      "incr_op_margin_yoy": 0.3732515496705936,
      "rev_growth_yoy": 0.37666862256124395,
      "rev_growth_yoy_accel": 0.16078932674702914,
      "op_leverage_ratio": 1.046661642379685,
      "fcf_margin_change": 0.07433335253518451
    },
    {
      "date": "2023-03-31T00:00:00",
      "quarter_label": "2023-03 (Q1)",
      "revenue": 111436000,
      "gross_profit": 75681000,
      "operating_income": -39504000,
      "net_income": -39109000,
      "opex": 115185000,
      "cogs": 35755000,
      "rd": 14842000,
      "sga": 100343000,
      "fcf": -39176000,
      "ocf": -30753000,
      "capex": -8423000,
      "gross_margin": 0.6791431853261065,
      "op_margin": -0.3544994436268351,
      "fcf_margin": -0.3515560501094799,
      "incr_op_margin_yoy": 0.4746038409067058,
      "rev_growth_yoy": 0.20630453138193075,
      "rev_growth_yoy_accel": -0.1703640911793132,
      "fcf_margin_change": -0.4002431932583828
    },
    {
      "date": "2023-06-30T00:00:00",
      "quarter_label": "2023-06 (Q2)",
      "revenue": 124130000,
      "gross_profit": 86225000,
      "operating_income": -18872000,
      "net_income": -18482000,
      "opex": 105097000,
      "cogs": 37905000,
      "rd": 13677000,
      "sga": 91420000,
      "fcf": -13969000,
      "ocf": -4572000,
      "capex": -9397000,
      "gross_margin": 0.6946346572142109,
      "op_margin": -0.15203415773785547,
      "fcf_margin": -0.11253524530733908,
      "incr_op_margin_yoy": 0.2073916391140903,
      "rev_growth_yoy": 0.21635260800972064,
      "rev_growth_yoy_accel": 0.010048076627789893,
      "op_leverage_ratio": Infinity,
      "fcf_margin_change": 0.2390208048021408
    },
    {
      "date": "2023-09-30T00:00:00",
      "quarter_label": "2023-09 (Q3)",
      "revenue": 124604000,
      "gross_profit": 82474000,
      "operating_income": -27603000,
      "net_income": -27116000,
      "opex": 110077000,
      "cogs": 42130000,
      "rd": 16309000,
      "sga": 93768000,
      "fcf": -7891000,
      "ocf": 1196000,
      "capex": -9087000,
      "gross_margin": 0.6618888639209014,
      "op_margin": -0.2215257937144875,
      "fcf_margin": -0.06332862508426695,
      "incr_op_margin_yoy": -0.31439046746104493,
      "rev_growth_yoy": 0.19955716004813479,
      "rev_growth_yoy_accel": -0.016795447961585858,
      "fcf_margin_change": 0.04920662022307212
    },
    {
      "date": "2023-12-31T00:00:00",
      "quarter_label": "2023-12 (Q4)",
      "revenue": 132511000,
      "gross_profit": 87426000,
      "operating_income": -39182000,
      "net_income": -38699000,
      "opex": 126608000,
      "cogs": 45085000,
      "rd": 15416000,
      "sga": 100114000,
      "fcf": -29489000,
      "ocf": -15972000,
      "capex": -13517000,
      "gross_margin": 0.6597640950562594,
      "op_margin": -0.2956886598093743,
      "fcf_margin": -0.2225400155458792,
      "incr_op_margin_yoy": -0.9291243591032472,
      "rev_growth_yoy": 0.17665183764440537,
      "rev_growth_yoy_accel": -0.022905322403729417,
      "op_leverage_ratio": 0.42254913180830067,
      "fcf_margin_change": -0.15921139046161226
    },
    {
      "date": "2024-03-31T00:00:00",
      "quarter_label": "2024-03 (Q1)",
      "revenue": 131929000,
      "gross_profit": 87516000,
      "operating_income": -38138000,
      "net_income": -45667000,
      "opex": 125654000,
      "cogs": 44413000,
      "rd": 16994000,
      "sga": 108660000,
      "fcf": -61805000,
      "ocf": -52029000,
      "capex": -9776000,
      "gross_margin": 0.6633568055545028,
      "op_margin": -0.28907973228024164,
      "fcf_margin": -0.46847167794798716,
      "incr_op_margin_yoy": 0.06665690723661738,
      "rev_growth_yoy": 0.18389927850963783,
      "rev_growth_yoy_accel": 0.007247440865232463,
      "fcf_margin_change": -0.24593166240210795
    },
    {
      "date": "2024-06-30T00:00:00",
      "quarter_label": "2024-06 (Q2)",
      "revenue": 148047000,
      "gross_profit": 103471000,
      "operating_income": -22981000,
      "net_income": -20107000,
      "opex": 126452000,
      "cogs": 44576000,
      "rd": 19690000,
      "sga": 106762000,
      "fcf": 3352000,
      "ocf": 11840000,
      "capex": -8488000,
      "gross_margin": 0.6989064283639655,
      "op_margin": -0.15522773173384127,
      "fcf_margin": 0.022641458455760672,
      "incr_op_margin_yoy": -0.1718024835890789,
      "rev_growth_yoy": 0.19267703214372028,
      "rev_growth_yoy_accel": 0.008777753634082452,
      "op_leverage_ratio": 19.237308417068185,
      "fcf_margin_change": 0.4911131364037478
    },
    {
      "date": "2024-09-30T00:00:00",
      "quarter_label": "2024-09 (Q3)",
      "revenue": 147538000,
      "gross_profit": 101476000,
      "operating_income": -50303000,
      "net_income": -46182000,
      "opex": 151779000,
      "cogs": 46062000,
      "rd": null,
      "sga": 103375000,
      "fcf": 15513000,
      "ocf": 24347000,
      "capex": -8834000,
      "gross_margin": 0.6877956865349943,
      "op_margin": -0.3409494503111063,
      "fcf_margin": 0.1051457929482574,
      "incr_op_margin_yoy": -0.9897968082323189,
      "rev_growth_yoy": 0.1840550865140766,
      "rev_growth_yoy_accel": -0.00862194562964369,
      "fcf_margin_change": 0.08250433449249674
    },
    {
      "date": "2024-12-31T00:00:00",
      "quarter_label": "2024-12 (Q4)",
      "revenue": 164325000,
      "gross_profit": 115068000,
      "operating_income": -4083000,
      "net_income": -1333000,
      "opex": 119151000,
      "cogs": 49257000,
      "rd": null,
      "sga": 99768000,
      "fcf": 12388000,
      "ocf": 19232000,
      "capex": -6844000,
      "gross_margin": 0.7002464628023733,
      "op_margin": -0.024847101780009127,
      "fcf_margin": 0.07538719001977788,
      "incr_op_margin_yoy": 1.1032564279876784,
      "rev_growth_yoy": 0.24008572873195433,
      "rev_growth_yoy_accel": 0.056030642217877735,
      "op_leverage_ratio": Infinity,
      "fcf_margin_change": -0.029758602928479524
    },
    {
      "date": "2025-03-31T00:00:00",
      "quarter_label": "2025-03 (Q1)",
      "revenue": 158677000,
      "gross_profit": 109216000,
      "operating_income": -32556000,
      "net_income": -30700000,
      "opex": 141772000,
      "cogs": 49461000,
      "rd": null,
      "sga": 119957000,
      "fcf": -17310000,
      "ocf": -7891000,
      "capex": -9419000,
      "gross_margin": 0.6882913087593034,
      "op_margin": -0.2051715119393485,
      "fcf_margin": -0.10908953408496505,
      "incr_op_margin_yoy": 0.20868850007477194,
      "rev_growth_yoy": 0.2027454160950208,
      "rev_growth_yoy_accel": -0.03734031263693352,
      "fcf_margin_change": -0.18447672410474292
    },
    {
      "date": "2025-06-30T00:00:00",
      "quarter_label": "2025-06 (Q2)",
      "revenue": 186687000,
      "gross_profit": 132857000,
      "operating_income": -18708000,
      "net_income": -14218000,
      "opex": 151565000,
      "cogs": 53830000,
      "rd": null,
      "sga": 126376000,
      "fcf": 17290000,
      "ocf": 27659000,
      "capex": -10369000,
      "gross_margin": 0.711656408855464,
      "op_margin": -0.10021051278342895,
      "fcf_margin": 0.09261491158998753,
      "incr_op_margin_yoy": 0.1105848861283644,
      "rev_growth_yoy": 0.2609981965186731,
      "rev_growth_yoy_accel": 0.05825278042365231,
      "op_leverage_ratio": 2.555487961581665,
      "fcf_margin_change": 0.20170444567495258
    },
    {
      "date": "2025-09-30T00:00:00",
      "quarter_label": "2025-09 (Q3)",
      "revenue": 192884000,
      "gross_profit": 137122000,
      "operating_income": -8429000,
      "net_income": -5212000,
      "opex": 145551000,
      "cogs": 55762000,
      "rd": null,
      "sga": 124216000,
      "fcf": 20052000,
      "ocf": 34883000,
      "capex": -14831000,
      "gross_margin": 0.7109039630036706,
      "op_margin": -0.04369984031853342,
      "fcf_margin": 0.1039588561000394,
      "incr_op_margin_yoy": 0.9234331583822167,
      "rev_growth_yoy": 0.3073513264379346,
      "rev_growth_yoy_accel": 0.04635312991926149,
      "op_leverage_ratio": Infinity,
      "fcf_margin_change": 0.01134394451005187
    }
  ],
  "signals": [
    {
      "quarter": "2025-06 (Q2)",
      "signal": "FCF TURNED POSITIVE",
      "detail": "FCF margin: -10.9% -> +9.3%",
      "severity": "HIGH"
    },
    {
      "quarter": "2025-06 (Q2)",
      "signal": "OPERATING LEVERAGE",
      "detail": "Rev growth +17.7% vs OpEx growth +6.9% (leverage: 2.6x)",
      "severity": "MEDIUM"
    },
    {
      "quarter": "2025-06 (Q2)",
      "signal": "GROSS MARGIN INFLECTION",
      "detail": "GM: +70.0% -> +68.8% -> +71.2% (reversal +2.3%)",
      "severity": "MEDIUM"
    },
    {
      "quarter": "2025-06 (Q2)",
      "signal": "YoY REVENUE GROWTH ACCELERATION",
      "detail": "YoY growth: +26.1% vs prior quarter YoY: +20.3% (accel: +5.8%)",
      "severity": "MEDIUM"
    },
    {
      "quarter": "2024-12 (Q4)",
      "signal": "YoY REVENUE GROWTH ACCELERATION",
      "detail": "YoY growth: +24.0% vs prior quarter YoY: +18.4% (accel: +5.6%)",
      "severity": "MEDIUM"
    },
    {
      "quarter": "2024-09 (Q3)",
      "signal": "FCF MARGIN EXPANSION",
      "detail": "FCF margin: +2.3% -> +10.5% (+8.3%)",
      "severity": "MEDIUM"
    },
    {
      "quarter": "2024-06 (Q2)",
      "signal": "FCF TURNED POSITIVE",
      "detail": "FCF margin: -46.8% -> +2.3%",
      "severity": "HIGH"
    },
    {
      "quarter": "2024-06 (Q2)",
      "signal": "OPERATING LEVERAGE",
      "detail": "Rev growth +12.2% vs OpEx growth +0.6% (leverage: 19.2x)",
      "severity": "MEDIUM"
    },
    {
      "quarter": "2023-06 (Q2)",
      "signal": "FCF MARGIN EXPANSION",
      "detail": "FCF margin: -35.2% -> -11.3% (+23.9%)",
      "severity": "MEDIUM"
    },
    {
      "quarter": "2023-03 (Q1)",
      "signal": "YoY REVENUE GROWTH DECELERATION",
      "detail": "YoY growth: +20.6% vs prior quarter YoY: +37.7% (decel: -17.0%)",
      "severity": "WARNING"
    },
    {
      "quarter": "2022-12 (Q4)",
      "signal": "FCF TURNED POSITIVE",
      "detail": "FCF margin: -2.6% -> +4.9%",
      "severity": "HIGH"
    },
    {
      "quarter": "2022-12 (Q4)",
      "signal": "YoY REVENUE GROWTH ACCELERATION",
      "detail": "YoY growth: +37.7% vs prior quarter YoY: +21.6% (accel: +16.1%)",
      "severity": "HIGH"
    },
    {
      "quarter": "2022-09 (Q3)",
      "signal": "FCF MARGIN EXPANSION",
      "detail": "FCF margin: -11.0% -> -2.6% (+8.4%)",
      "severity": "MEDIUM"
    },
    {
      "quarter": "2022-06 (Q2)",
      "signal": "FCF MARGIN EXPANSION",
      "detail": "FCF margin: -48.1% -> -11.0% (+37.1%)",
      "severity": "MEDIUM"
    },
    {
      "quarter": "2022-03 (Q1)",
      "signal": "GROSS MARGIN INFLECTION",
      "detail": "GM: +65.7% -> +62.7% -> +66.9% (reversal +4.2%)",
      "severity": "MEDIUM"
    },
    {
      "quarter": "2022-03 (Q1)",
      "signal": "YoY REVENUE GROWTH ACCELERATION",
      "detail": "YoY growth: +24.3% vs prior quarter YoY: +3.8% (accel: +20.5%)",
      "severity": "HIGH"
    },
    {
      "quarter": "2021-09 (Q3)",
      "signal": "FCF TURNED POSITIVE",
      "detail": "FCF margin: -8.0% -> +5.1%",
      "severity": "HIGH"
    },
    {
      "quarter": "2021-06 (Q2)",
      "signal": "FCF MARGIN EXPANSION",
      "detail": "FCF margin: -62.0% -> -8.0% (+54.0%)",
      "severity": "MEDIUM"
    }
  ],
  "data_quality": {
    "n_quarters": 20,
    "coverage": {
      "revenue": [
        20,
        20
      ],
      "gross_profit": [
        20,
        20
      ],
      "op_income": [
        20,
        20
      ],
      "fcf": [
        20,
        20
      ]
    },
    "gaps": [],
    "warnings": []
  },
  "market_cap": null,
  "source": "SEC EDGAR",
  "last_updated": "2026-02-02T21:03:25.944363",
  "sector": "Healthcare",
  "industry": "Medical Devices"
}