{
  "ticker": "ISPR",
  "name": "Ispire Technology Inc.",
  "sector": "Consumer Defensive",
  "industry": "Tobacco",
  "quarters": [
    {
      "date": "2022-03-31T00:00:00",
      "quarter_label": "2022-03 (Q1)",
      "revenue": 19014149,
      "gross_profit": 2975724,
      "operating_income": -895679,
      "net_income": -990557,
      "opex": 3871403,
      "cogs": 16038425,
      "rd": null,
      "sga": null,
      "fcf": null,
      "ocf": null,
      "capex": null,
      "gross_margin": 0.15650050917345815,
      "op_margin": -0.047105920964435485,
      "fcf_margin": null
    },
    {
      "date": "2022-06-30T00:00:00",
      "quarter_label": "2022-06 (Q2)",
      "revenue": 21847911,
      "gross_profit": 3018492,
      "operating_income": -1876776,
      "net_income": -2162277,
      "opex": 4895268,
      "cogs": 18829419,
      "rd": null,
      "sga": null,
      "fcf": 16445539,
      "ocf": 16446107,
      "capex": -568,
      "gross_margin": 0.13815929587043813,
      "op_margin": -0.08590185121131261,
      "fcf_margin": 0.7527282127797024,
      "op_leverage_ratio": 0.5635236722423539
    },
    {
      "date": "2022-09-30T00:00:00",
      "quarter_label": "2022-09 (Q3)",
      "revenue": 26943050,
      "gross_profit": 4792103,
      "operating_income": -1214868,
      "net_income": -2001754,
      "opex": 6006971,
      "cogs": 22150947,
      "rd": null,
      "sga": null,
      "fcf": 1911093,
      "ocf": 2235840,
      "capex": -324747,
      "gross_margin": 0.17786045009752052,
      "op_margin": -0.04509021807107955,
      "fcf_margin": 0.07093083374005542,
      "op_leverage_ratio": 1.0269133832336195,
      "fcf_margin_change": -0.681797379039647
    },
    {
      "date": "2022-12-31T00:00:00",
      "quarter_label": "2022-12 (Q4)",
      "revenue": 31897399,
      "gross_profit": 5138578,
      "operating_income": 309843,
      "net_income": -130242,
      "opex": 4828735,
      "cogs": 26758821,
      "rd": 297405,
      "sga": null,
      "fcf": 5986064,
      "ocf": 6139790,
      "capex": -153726,
      "gross_margin": 0.161097085063268,
      "op_margin": 0.009713738728352114,
      "fcf_margin": 0.18766621065247358,
      "op_leverage_ratio": null,
      "fcf_margin_change": 0.11673537691241816
    },
    {
      "date": "2023-03-31T00:00:00",
      "quarter_label": "2023-03 (Q1)",
      "revenue": 24136297,
      "gross_profit": 4520199,
      "operating_income": -3462061,
      "net_income": -3106855,
      "opex": 7982260,
      "cogs": 19616098,
      "rd": 42449,
      "sga": null,
      "fcf": -6775268,
      "ocf": -6758676,
      "capex": -16592,
      "gross_margin": 0.18727806506524178,
      "op_margin": -0.14343795156315817,
      "fcf_margin": -0.28070867706011404,
      "incr_op_margin_yoy": -0.5010362839964796,
      "rev_growth_yoy": 0.2693861292451216,
      "fcf_margin_change": -0.4683748877125876
    },
    {
      "date": "2023-06-30T00:00:00",
      "quarter_label": "2023-06 (Q2)",
      "revenue": 32628790,
      "gross_profit": 6624887,
      "operating_income": 570583,
      "net_income": -40827,
      "opex": 6054304,
      "cogs": 26003903,
      "rd": 33622,
      "sga": null,
      "fcf": -10598455,
      "ocf": -10072752,
      "capex": -525703,
      "gross_margin": 0.203038083851715,
      "op_margin": 0.01748710264769242,
      "fcf_margin": -0.3248191244603309,
      "incr_op_margin_yoy": 0.22700922624212738,
      "rev_growth_yoy": 0.4934512503277773,
      "rev_growth_yoy_accel": 0.2240651210826557,
      "op_leverage_ratio": null,
      "fcf_margin_change": -0.04411044740021686
    },
    {
      "date": "2023-09-30T00:00:00",
      "quarter_label": "2023-09 (Q3)",
      "revenue": 42864647,
      "gross_profit": 6888292,
      "operating_income": -911273,
      "net_income": -1374615,
      "opex": 7799565,
      "cogs": 35976355,
      "rd": null,
      "sga": null,
      "fcf": -13655548,
      "ocf": -13122426,
      "capex": -533122,
      "gross_margin": 0.16069867553091013,
      "op_margin": -0.021259314231609094,
      "fcf_margin": -0.31857367214525295,
      "incr_op_margin_yoy": 0.0190681248872208,
      "rev_growth_yoy": 0.5909352133481547,
      "rev_growth_yoy_accel": 0.09748396302037737,
      "op_leverage_ratio": 1.0882460043592694,
      "fcf_margin_change": 0.006245452315077948
    },
    {
      "date": "2023-12-31T00:00:00",
      "quarter_label": "2023-12 (Q4)",
      "revenue": 41685561,
      "gross_profit": 6376206,
      "operating_income": -3950636,
      "net_income": -4022324,
      "opex": 10326842,
      "cogs": 35309355,
      "rd": 25266,
      "sga": null,
      "fcf": -7707121,
      "ocf": -7109623,
      "capex": -597498,
      "gross_margin": 0.1529595823359556,
      "op_margin": -0.09477228817911315,
      "fcf_margin": -0.1848870643722415,
      "incr_op_margin_yoy": -0.43526854173439306,
      "rev_growth_yoy": 0.3068639546440762,
      "rev_growth_yoy_accel": -0.2840712587040785,
      "fcf_margin_change": 0.13368660777301145
    },
    {
      "date": "2024-03-31T00:00:00",
      "quarter_label": "2024-03 (Q1)",
      "revenue": 30015036,
      "gross_profit": 6121953,
      "operating_income": -5679923,
      "net_income": -5949751,
      "opex": 11801876,
      "cogs": 23893083,
      "rd": 163764,
      "sga": null,
      "fcf": 3278827,
      "ocf": 3353923,
      "capex": -75096,
      "gross_margin": 0.2039628738076476,
      "op_margin": -0.18923592162274935,
      "fcf_margin": 0.10923948250470197,
      "incr_op_margin_yoy": -0.37726832233919555,
      "rev_growth_yoy": 0.243564246827092,
      "rev_growth_yoy_accel": -0.06329970781698419,
      "fcf_margin_change": 0.2941265468769435
    },
    {
      "date": "2024-06-30T00:00:00",
      "quarter_label": "2024-06 (Q2)",
      "revenue": 37343447,
      "gross_profit": 10562747,
      "operating_income": -3352307,
      "net_income": -3421132,
      "opex": 13915054,
      "cogs": 26780700,
      "rd": -13929,
      "sga": null,
      "fcf": -2188425,
      "ocf": -1424180,
      "capex": -764245,
      "gross_margin": 0.2828540975341671,
      "op_margin": -0.08976961874997774,
      "fcf_margin": -0.058602651222850424,
      "incr_op_margin_yoy": -0.8320626505809436,
      "rev_growth_yoy": 0.14449377375011455,
      "rev_growth_yoy_accel": -0.09907047307697744,
      "op_leverage_ratio": 1.3635966196973803,
      "fcf_margin_change": -0.1678421337275524
    },
    {
      "date": "2024-09-30T00:00:00",
      "quarter_label": "2024-09 (Q3)",
      "revenue": 39338313,
      "gross_profit": 7674378,
      "operating_income": -5262869,
      "net_income": -5595016,
      "opex": 12937247,
      "cogs": 31663935,
      "rd": null,
      "sga": null,
      "fcf": 3341362,
      "ocf": 3610143,
      "capex": -268781,
      "gross_margin": 0.19508660678967094,
      "op_margin": -0.13378481685272064,
      "fcf_margin": 0.08493912791837312,
      "incr_op_margin_yoy": 1.2340283138239316,
      "rev_growth_yoy": -0.08226672203786024,
      "rev_growth_yoy_accel": -0.2267604957879748,
      "op_leverage_ratio": null,
      "fcf_margin_change": 0.14354177914122354
    },
    {
      "date": "2024-12-31T00:00:00",
      "quarter_label": "2024-12 (Q4)",
      "revenue": 41827860,
      "gross_profit": 7722571,
      "operating_income": -7360055,
      "net_income": -7998643,
      "opex": 15082626,
      "cogs": 34105289,
      "rd": null,
      "sga": null,
      "fcf": -3236016,
      "ocf": -3182033,
      "capex": -53983,
      "gross_margin": 0.18462744687392565,
      "op_margin": -0.17596059181607665,
      "fcf_margin": -0.07736508633241099,
      "rev_growth_yoy": 0.0034136280425733027,
      "rev_growth_yoy_accel": 0.08568035008043355,
      "op_leverage_ratio": 0.38162994329423616,
      "fcf_margin_change": -0.16230421425078412
    },
    {
      "date": "2025-03-31T00:00:00",
      "quarter_label": "2025-03 (Q1)",
      "revenue": 26190725,
      "gross_profit": 4775905,
      "operating_income": -10585441,
      "net_income": -10856495,
      "opex": 15361346,
      "cogs": 21414820,
      "rd": null,
      "sga": null,
      "fcf": -12315821,
      "ocf": -12497629,
      "capex": 181808,
      "gross_margin": 0.1823510040290981,
      "op_margin": -0.40416754404469524,
      "fcf_margin": -0.47023597094009423,
      "incr_op_margin_yoy": 1.2827194231849868,
      "rev_growth_yoy": -0.12741317385059941,
      "rev_growth_yoy_accel": -0.13082680189317272,
      "fcf_margin_change": -0.39287088460768327
    },
    {
      "date": "2025-06-30T00:00:00",
      "quarter_label": "2025-06 (Q2)",
      "revenue": 20137406,
      "gross_profit": 2476817,
      "operating_income": -14641494,
      "net_income": -14790072,
      "opex": 17118311,
      "cogs": 17660589,
      "rd": null,
      "sga": null,
      "fcf": 3735686,
      "ocf": 4695434,
      "capex": -959748,
      "gross_margin": 0.1229958317372158,
      "op_margin": -0.7270794460815857,
      "fcf_margin": 0.18550979207550367,
      "incr_op_margin_yoy": 0.6561176391477853,
      "rev_growth_yoy": -0.46075127986979886,
      "rev_growth_yoy_accel": -0.33333810601919944,
      "fcf_margin_change": 0.6557457630155978
    },
    {
      "date": "2025-09-30T00:00:00",
      "quarter_label": "2025-09 (Q3)",
      "revenue": 30350884,
      "gross_profit": 5146772,
      "operating_income": -2695309,
      "net_income": -3258863,
      "opex": 7842081,
      "cogs": 25204112,
      "rd": null,
      "sga": null,
      "fcf": -1191109,
      "ocf": -1183607,
      "capex": -7502,
      "gross_margin": 0.1695756868234876,
      "op_margin": -0.08880495869576649,
      "fcf_margin": -0.039244622990223285,
      "incr_op_margin_yoy": -0.2856834807818788,
      "rev_growth_yoy": -0.22846503356664025,
      "rev_growth_yoy_accel": 0.2322862463031586,
      "op_leverage_ratio": null,
      "fcf_margin_change": -0.22475441506572696
    },
    {
      "date": "2025-12-31T00:00:00",
      "quarter_label": "2025-12 (Q4)",
      "revenue": 20286556,
      "gross_profit": 3474601,
      "operating_income": -6874867,
      "net_income": -6602911,
      "opex": 10349468,
      "cogs": 16811955,
      "rd": null,
      "sga": null,
      "fcf": -4036160,
      "ocf": -3966784,
      "capex": -69376,
      "gross_margin": 0.17127604113778602,
      "op_margin": -0.33888783290766555,
      "fcf_margin": -0.19895737847271858,
      "incr_op_margin_yoy": -0.022523613240869725,
      "rev_growth_yoy": -0.5149989504602913,
      "rev_growth_yoy_accel": -0.28653391689365104,
      "fcf_margin_change": -0.1597127554824953
    }
  ],
  "signals": [
    {
      "quarter": "2025-12 (Q4)",
      "signal": "YoY REVENUE GROWTH DECELERATION",
      "detail": "YoY growth: -51.5% vs prior quarter YoY: -22.8% (decel: -28.7%)",
      "severity": "WARNING"
    },
    {
      "quarter": "2025-09 (Q3)",
      "signal": "GROSS MARGIN INFLECTION",
      "detail": "GM: +18.2% -> +12.3% -> +17.0% (reversal +4.7%)",
      "severity": "MEDIUM"
    },
    {
      "quarter": "2025-09 (Q3)",
      "signal": "YoY REVENUE GROWTH ACCELERATION",
      "detail": "YoY growth: -22.8% vs prior quarter YoY: -46.1% (accel: +23.2%)",
      "severity": "HIGH"
    },
    {
      "quarter": "2025-06 (Q2)",
      "signal": "FCF TURNED POSITIVE",
      "detail": "FCF margin: -47.0% -> +18.6%",
      "severity": "HIGH"
    },
    {
      "quarter": "2025-06 (Q2)",
      "signal": "YoY REVENUE GROWTH DECELERATION",
      "detail": "YoY growth: -46.1% vs prior quarter YoY: -12.7% (decel: -33.3%)",
      "severity": "WARNING"
    },
    {
      "quarter": "2025-03 (Q1)",
      "signal": "YoY REVENUE GROWTH DECELERATION",
      "detail": "YoY growth: -12.7% vs prior quarter YoY: +0.3% (decel: -13.1%)",
      "severity": "WARNING"
    },
    {
      "quarter": "2024-12 (Q4)",
      "signal": "YoY REVENUE GROWTH ACCELERATION",
      "detail": "YoY growth: +0.3% vs prior quarter YoY: -8.2% (accel: +8.6%)",
      "severity": "MEDIUM"
    },
    {
      "quarter": "2024-09 (Q3)",
      "signal": "FCF TURNED POSITIVE",
      "detail": "FCF margin: -5.9% -> +8.5%",
      "severity": "HIGH"
    },
    {
      "quarter": "2024-09 (Q3)",
      "signal": "YoY REVENUE GROWTH DECELERATION",
      "detail": "YoY growth: -8.2% vs prior quarter YoY: +14.4% (decel: -22.7%)",
      "severity": "WARNING"
    },
    {
      "quarter": "2024-06 (Q2)",
      "signal": "YoY REVENUE GROWTH DECELERATION",
      "detail": "YoY growth: +14.4% vs prior quarter YoY: +24.4% (decel: -9.9%)",
      "severity": "WARNING"
    },
    {
      "quarter": "2024-03 (Q1)",
      "signal": "FCF TURNED POSITIVE",
      "detail": "FCF margin: -18.5% -> +10.9%",
      "severity": "HIGH"
    },
    {
      "quarter": "2024-03 (Q1)",
      "signal": "GROSS MARGIN INFLECTION",
      "detail": "GM: +16.1% -> +15.3% -> +20.4% (reversal +5.1%)",
      "severity": "HIGH"
    },
    {
      "quarter": "2024-03 (Q1)",
      "signal": "YoY REVENUE GROWTH DECELERATION",
      "detail": "YoY growth: +24.4% vs prior quarter YoY: +30.7% (decel: -6.3%)",
      "severity": "WARNING"
    },
    {
      "quarter": "2023-12 (Q4)",
      "signal": "FCF MARGIN EXPANSION",
      "detail": "FCF margin: -31.9% -> -18.5% (+13.4%)",
      "severity": "MEDIUM"
    },
    {
      "quarter": "2023-12 (Q4)",
      "signal": "YoY REVENUE GROWTH DECELERATION",
      "detail": "YoY growth: +30.7% vs prior quarter YoY: +59.1% (decel: -28.4%)",
      "severity": "WARNING"
    },
    {
      "quarter": "2023-09 (Q3)",
      "signal": "YoY REVENUE GROWTH ACCELERATION",
      "detail": "YoY growth: +59.1% vs prior quarter YoY: +49.3% (accel: +9.7%)",
      "severity": "MEDIUM"
    },
    {
      "quarter": "2023-06 (Q2)",
      "signal": "YoY REVENUE GROWTH ACCELERATION",
      "detail": "YoY growth: +49.3% vs prior quarter YoY: +26.9% (accel: +22.4%)",
      "severity": "HIGH"
    },
    {
      "quarter": "2023-06 (Q2)",
      "signal": "OP MARGIN TURNED POSITIVE (YoY)",
      "detail": "Op margin: -8.6% (year-ago) -> +1.7%",
      "severity": "HIGH"
    },
    {
      "quarter": "2023-06 (Q2)",
      "signal": "OP MARGIN TURNED POSITIVE (QoQ)",
      "detail": "Op margin: -14.3% -> +1.7%",
      "severity": "HIGH"
    },
    {
      "quarter": "2023-03 (Q1)",
      "signal": "GROSS MARGIN INFLECTION",
      "detail": "GM: +17.8% -> +16.1% -> +18.7% (reversal +2.6%)",
      "severity": "MEDIUM"
    },
    {
      "quarter": "2022-12 (Q4)",
      "signal": "FCF MARGIN EXPANSION",
      "detail": "FCF margin: +7.1% -> +18.8% (+11.7%)",
      "severity": "MEDIUM"
    },
    {
      "quarter": "2022-12 (Q4)",
      "signal": "OP MARGIN TURNED POSITIVE (QoQ)",
      "detail": "Op margin: -4.5% -> +1.0%",
      "severity": "HIGH"
    },
    {
      "quarter": "2022-09 (Q3)",
      "signal": "GROSS MARGIN INFLECTION",
      "detail": "GM: +15.7% -> +13.8% -> +17.8% (reversal +4.0%)",
      "severity": "MEDIUM"
    }
  ],
  "data_quality": {
    "n_quarters": 16,
    "coverage": {
      "revenue": [
        16,
        16
      ],
      "gross_profit": [
        16,
        16
      ],
      "op_income": [
        16,
        16
      ],
      "fcf": [
        15,
        16
      ]
    },
    "gaps": [],
    "warnings": []
  },
  "market_cap": null,
  "source": "SEC EDGAR",
  "last_updated": "2026-02-09T19:08:24.257217"
}