{
  "ticker": "ISRG",
  "name": "INTUITIVE SURGICAL, INC.",
  "quarters": [
    {
      "date": "2020-12-31T00:00:00",
      "quarter_label": "2020-12 (Q4)",
      "revenue": 1329100000,
      "gross_profit": 895800000,
      "operating_income": 415800000,
      "net_income": 365200000,
      "opex": 480000000,
      "cogs": 433300000,
      "rd": 149800000,
      "sga": 330200000,
      "fcf": 627500000,
      "ocf": 627500000,
      "capex": null,
      "gross_margin": 0.673989917989617,
      "op_margin": 0.3128432774057633,
      "fcf_margin": 0.4721239936799338
    },
    {
      "date": "2021-03-31T00:00:00",
      "quarter_label": "2021-03 (Q1)",
      "revenue": 1292100000,
      "gross_profit": 902600000,
      "operating_income": 416800000,
      "net_income": 426300000,
      "opex": 485800000,
      "cogs": 389500000,
      "rd": 159800000,
      "sga": 326000000,
      "fcf": 477600000,
      "ocf": 477600000,
      "capex": null,
      "gross_margin": 0.698552743595697,
      "op_margin": 0.3225756520393158,
      "fcf_margin": 0.3696308335268168,
      "fcf_margin_change": -0.10249316015311699
    },
    {
      "date": "2021-06-30T00:00:00",
      "quarter_label": "2021-06 (Q2)",
      "revenue": 1464000000,
      "gross_profit": 1023700000,
      "operating_income": 511200000,
      "net_income": 517200000,
      "opex": 512500000,
      "cogs": 440300000,
      "rd": 162300000,
      "sga": 350200000,
      "fcf": 542700000,
      "ocf": 542700000,
      "capex": null,
      "gross_margin": 0.6992486338797814,
      "op_margin": 0.34918032786885245,
      "fcf_margin": 0.3706967213114754,
      "op_leverage_ratio": 2.4206165557506334,
      "fcf_margin_change": 0.0010658877846586035
    },
    {
      "date": "2021-09-30T00:00:00",
      "quarter_label": "2021-09 (Q3)",
      "revenue": 1403300000,
      "gross_profit": 971400000,
      "operating_income": 442600000,
      "net_income": 380500000,
      "opex": 528800000,
      "cogs": 431900000,
      "rd": 165500000,
      "sga": 363300000,
      "fcf": 501400000,
      "ocf": 501400000,
      "capex": null,
      "gross_margin": 0.6922254685384451,
      "op_margin": 0.3153994156630799,
      "fcf_margin": 0.35730064847146015,
      "fcf_margin_change": -0.01339607284001526
    },
    {
      "date": "2021-12-31T00:00:00",
      "quarter_label": "2021-12 (Q4)",
      "revenue": 1550700000,
      "gross_profit": 1060800000,
      "operating_income": 450400000,
      "net_income": 380600000,
      "opex": 610400000,
      "cogs": 489900000,
      "rd": 183400000,
      "sga": 427000000,
      "fcf": 567700000,
      "ocf": 567700000,
      "capex": null,
      "gross_margin": 0.6840781582511124,
      "op_margin": 0.2904494744309022,
      "fcf_margin": 0.3660927323144386,
      "incr_op_margin_yoy": 0.15613718411552346,
      "rev_growth_yoy": 0.16672936573621247,
      "op_leverage_ratio": 0.680688237669471,
      "fcf_margin_change": 0.008792083842978471
    },
    {
      "date": "2022-03-31T00:00:00",
      "quarter_label": "2022-03 (Q1)",
      "revenue": 1487700000,
      "gross_profit": 1009700000,
      "operating_income": 408100000,
      "net_income": 365600000,
      "opex": 601600000,
      "cogs": 478000000,
      "rd": 210500000,
      "sga": 391100000,
      "fcf": 223000000,
      "ocf": 223000000,
      "capex": null,
      "gross_margin": 0.6786986623647241,
      "op_margin": 0.2743160583450965,
      "fcf_margin": 0.14989581232775426,
      "incr_op_margin_yoy": -0.04447852760736196,
      "rev_growth_yoy": 0.1513814720222893,
      "rev_growth_yoy_accel": -0.015347893713923172,
      "fcf_margin_change": -0.21619691998668436
    },
    {
      "date": "2022-06-30T00:00:00",
      "quarter_label": "2022-06 (Q2)",
      "revenue": 1522100000,
      "gross_profit": 1023300000,
      "operating_income": 397600000,
      "net_income": 307800000,
      "opex": 625700000,
      "cogs": 498800000,
      "rd": 207300000,
      "sga": 418400000,
      "fcf": 446700000,
      "ocf": 446700000,
      "capex": null,
      "gross_margin": 0.672294855791341,
      "op_margin": 0.2612180540043361,
      "fcf_margin": 0.2934761185204651,
      "incr_op_margin_yoy": -1.955249569707401,
      "rev_growth_yoy": 0.03968579234972677,
      "rev_growth_yoy_accel": -0.11169567967256253,
      "op_leverage_ratio": 0.5772100239948211,
      "fcf_margin_change": 0.14358030619271087
    },
    {
      "date": "2022-09-30T00:00:00",
      "quarter_label": "2022-09 (Q3)",
      "revenue": 1557400000,
      "gross_profit": 1052100000,
      "operating_income": 398900000,
      "net_income": 324000000,
      "opex": 653200000,
      "cogs": 505300000,
      "rd": 217100000,
      "sga": 436100000,
      "fcf": 383200000,
      "ocf": 383200000,
      "capex": null,
      "gross_margin": 0.6755489919095929,
      "op_margin": 0.2561320148966226,
      "fcf_margin": 0.2460511108257352,
      "incr_op_margin_yoy": -0.2835820895522388,
      "rev_growth_yoy": 0.10981258462196251,
      "rev_growth_yoy_accel": 0.07012679227223574,
      "op_leverage_ratio": 0.5276731310211371,
      "fcf_margin_change": -0.04742500769472993
    },
    {
      "date": "2022-12-31T00:00:00",
      "quarter_label": "2022-12 (Q4)",
      "revenue": 1655000000,
      "gross_profit": 1110900000,
      "operating_income": 372500000,
      "net_income": 324900000,
      "opex": 738400000,
      "cogs": 544100000,
      "rd": 244100000,
      "sga": 494300000,
      "fcf": 437900000,
      "ocf": 437900000,
      "capex": null,
      "gross_margin": 0.6712386706948641,
      "op_margin": 0.22507552870090636,
      "fcf_margin": 0.26459214501510575,
      "incr_op_margin_yoy": -0.7468839884947267,
      "rev_growth_yoy": 0.0672599471206552,
      "rev_growth_yoy_accel": -0.04255263750130732,
      "op_leverage_ratio": 0.4804588844655623,
      "fcf_margin_change": 0.01854103418937056
    },
    {
      "date": "2023-03-31T00:00:00",
      "quarter_label": "2023-03 (Q1)",
      "revenue": 1696200000,
      "gross_profit": 1113000000,
      "operating_income": 387600000,
      "net_income": 355300000,
      "opex": 725400000,
      "cogs": 583200000,
      "rd": 244900000,
      "sga": 480500000,
      "fcf": 371400000,
      "ocf": 371400000,
      "capex": null,
      "gross_margin": 0.6561726211531659,
      "op_margin": 0.22851078882207287,
      "fcf_margin": 0.21896002829854969,
      "incr_op_margin_yoy": -0.09832134292565947,
      "rev_growth_yoy": 0.14014922363379714,
      "rev_growth_yoy_accel": 0.07288927651314195,
      "op_leverage_ratio": Infinity,
      "fcf_margin_change": -0.045632116716556065
    },
    {
      "date": "2023-06-30T00:00:00",
      "quarter_label": "2023-06 (Q2)",
      "revenue": 1755900000,
      "gross_profit": 1171900000,
      "operating_income": 463200000,
      "net_income": 420800000,
      "opex": 708700000,
      "cogs": 584000000,
      "rd": 244400000,
      "sga": 464300000,
      "fcf": 665700000,
      "ocf": 665700000,
      "capex": null,
      "gross_margin": 0.6674070277350647,
      "op_margin": 0.26379634375533917,
      "fcf_margin": 0.37912181787117716,
      "incr_op_margin_yoy": 0.2805816937553465,
      "rev_growth_yoy": 0.15360357400959201,
      "rev_growth_yoy_accel": 0.013454350375794871,
      "op_leverage_ratio": Infinity,
      "fcf_margin_change": 0.16016178957262747
    },
    {
      "date": "2023-09-30T00:00:00",
      "quarter_label": "2023-09 (Q3)",
      "revenue": 1743700000,
      "gross_profit": 1167200000,
      "operating_income": 465800000,
      "net_income": 415700000,
      "opex": 701400000,
      "cogs": 576500000,
      "rd": 249400000,
      "sga": 452000000,
      "fcf": 548400000,
      "ocf": 548400000,
      "capex": null,
      "gross_margin": 0.6693812008946494,
      "op_margin": 0.2671331077593623,
      "fcf_margin": 0.3145036416814819,
      "incr_op_margin_yoy": 0.35909822866344604,
      "rev_growth_yoy": 0.11962244766919225,
      "rev_growth_yoy_accel": -0.033981126340399764,
      "fcf_margin_change": -0.06461817618969523
    },
    {
      "date": "2023-12-31T00:00:00",
      "quarter_label": "2023-12 (Q4)",
      "revenue": 1928300000,
      "gross_profit": 1277400000,
      "operating_income": 450200000,
      "net_income": 606200000,
      "opex": 827200000,
      "cogs": 650900000,
      "rd": 260100000,
      "sga": 567100000,
      "fcf": 228300000,
      "ocf": 228300000,
      "capex": null,
      "gross_margin": 0.6624487890888348,
      "op_margin": 0.2334698957631074,
      "fcf_margin": 0.11839444069906135,
      "incr_op_margin_yoy": 0.2843029637760702,
      "rev_growth_yoy": 0.16513595166163142,
      "rev_growth_yoy_accel": 0.04551350399243917,
      "op_leverage_ratio": 0.5902623051889824,
      "fcf_margin_change": -0.19610920098242057
    },
    {
      "date": "2024-03-31T00:00:00",
      "quarter_label": "2024-03 (Q1)",
      "revenue": 1890600000,
      "gross_profit": 1245400000,
      "operating_income": 469400000,
      "net_income": 544900000,
      "opex": 776000000,
      "cogs": 645200000,
      "rd": 284500000,
      "sga": 491500000,
      "fcf": 265400000,
      "ocf": 265400000,
      "capex": null,
      "gross_margin": 0.658732677456892,
      "op_margin": 0.24828096900454882,
      "fcf_margin": 0.14037871575161323,
      "incr_op_margin_yoy": 0.4207818930041152,
      "rev_growth_yoy": 0.11460912628227804,
      "rev_growth_yoy_accel": -0.05052682537935338,
      "fcf_margin_change": 0.021984275052551877
    },
    {
      "date": "2024-06-30T00:00:00",
      "quarter_label": "2024-06 (Q2)",
      "revenue": 2009900000,
      "gross_profit": 1372700000,
      "operating_income": 567300000,
      "net_income": 526900000,
      "opex": 805400000,
      "cogs": 637200000,
      "rd": 280100000,
      "sga": 525300000,
      "fcf": 620500000,
      "ocf": 620500000,
      "capex": null,
      "gross_margin": 0.6829693019553211,
      "op_margin": 0.2822528484004179,
      "fcf_margin": 0.308721826956565,
      "incr_op_margin_yoy": 0.4098425196850394,
      "rev_growth_yoy": 0.14465516259468078,
      "rev_growth_yoy_accel": 0.03004603631240274,
      "op_leverage_ratio": 1.6655404359987942,
      "fcf_margin_change": 0.1683431112049518
    },
    {
      "date": "2024-09-30T00:00:00",
      "quarter_label": "2024-09 (Q3)",
      "revenue": 2038100000,
      "gross_profit": 1373900000,
      "operating_income": 577300000,
      "net_income": 565100000,
      "opex": 796600000,
      "cogs": 664200000,
      "rd": 286000000,
      "sga": 510600000,
      "fcf": 706500000,
      "ocf": 706500000,
      "capex": null,
      "gross_margin": 0.6741082380648643,
      "op_margin": 0.28325401108875914,
      "fcf_margin": 0.3466463863402188,
      "incr_op_margin_yoy": 0.37873641304347827,
      "rev_growth_yoy": 0.16883638240523025,
      "rev_growth_yoy_accel": 0.024181219810549465,
      "op_leverage_ratio": Infinity,
      "fcf_margin_change": 0.0379245593836538
    },
    {
      "date": "2024-12-31T00:00:00",
      "quarter_label": "2024-12 (Q4)",
      "revenue": 2413500000,
      "gross_profit": 1642200000,
      "operating_income": 734900000,
      "net_income": 685700000,
      "opex": 907300000,
      "cogs": 771300000,
      "rd": 294700000,
      "sga": 612600000,
      "fcf": 822600000,
      "ocf": 822600000,
      "capex": null,
      "gross_margin": 0.6804226227470479,
      "op_margin": 0.30449554588771494,
      "fcf_margin": 0.3408328154133002,
      "incr_op_margin_yoy": 0.5867683429513603,
      "rev_growth_yoy": 0.25162059845459733,
      "rev_growth_yoy_accel": 0.08278421604936709,
      "op_leverage_ratio": 1.3254442349307127,
      "fcf_margin_change": -0.005813570926918643
    },
    {
      "date": "2025-03-31T00:00:00",
      "quarter_label": "2025-03 (Q1)",
      "revenue": 2253400000,
      "gross_profit": 1457700000,
      "operating_income": 578100000,
      "net_income": 698400000,
      "opex": 879600000,
      "cogs": 795700000,
      "rd": 316200000,
      "sga": 563400000,
      "fcf": 581600000,
      "ocf": 581600000,
      "capex": null,
      "gross_margin": 0.6468891452915594,
      "op_margin": 0.2565456643294577,
      "fcf_margin": 0.2580988728144138,
      "incr_op_margin_yoy": 0.2996141124586549,
      "rev_growth_yoy": 0.19189675235375014,
      "rev_growth_yoy_accel": -0.05972384610084719,
      "fcf_margin_change": -0.08273394259888639
    },
    {
      "date": "2025-06-30T00:00:00",
      "quarter_label": "2025-06 (Q2)",
      "revenue": 2440000000,
      "gross_profit": 1617900000,
      "operating_income": 743400000,
      "net_income": 658400000,
      "opex": 874500000,
      "cogs": 822100000,
      "rd": 313300000,
      "sga": 561200000,
      "fcf": 715400000,
      "ocf": 715400000,
      "capex": null,
      "gross_margin": 0.6630737704918033,
      "op_margin": 0.304672131147541,
      "fcf_margin": 0.2931967213114754,
      "incr_op_margin_yoy": 0.4094396651941409,
      "rev_growth_yoy": 0.21399074580824917,
      "rev_growth_yoy_accel": 0.022093993454499028,
      "op_leverage_ratio": Infinity,
      "fcf_margin_change": 0.0350978484970616
    },
    {
      "date": "2025-09-30T00:00:00",
      "quarter_label": "2025-09 (Q3)",
      "revenue": 2505100000,
      "gross_profit": 1662400000,
      "operating_income": 759700000,
      "net_income": 704400000,
      "opex": 902700000,
      "cogs": 842700000,
      "rd": 329400000,
      "sga": 573300000,
      "fcf": 841000000,
      "ocf": 841000000,
      "capex": null,
      "gross_margin": 0.663606243263742,
      "op_margin": 0.30326134685242107,
      "fcf_margin": 0.33571514111213124,
      "incr_op_margin_yoy": 0.3905781584582441,
      "rev_growth_yoy": 0.22913497865659194,
      "rev_growth_yoy_accel": 0.015144232848342765,
      "op_leverage_ratio": 0.8273739972096269,
      "fcf_margin_change": 0.04251841980065585
    }
  ],
  "signals": [
    {
      "quarter": "2025-09 (Q3)",
      "signal": "INCREMENTAL MARGIN (YoY)",
      "detail": "YoY Incr OPM: +39.1% vs year-ago OPM: +28.3%",
      "severity": "MEDIUM"
    },
    {
      "quarter": "2025-06 (Q2)",
      "signal": "INCREMENTAL MARGIN (YoY)",
      "detail": "YoY Incr OPM: +40.9% vs year-ago OPM: +28.2%",
      "severity": "MEDIUM"
    },
    {
      "quarter": "2025-03 (Q1)",
      "signal": "YoY REVENUE GROWTH DECELERATION",
      "detail": "YoY growth: +19.2% vs prior quarter YoY: +25.2% (decel: -6.0%)",
      "severity": "WARNING"
    },
    {
      "quarter": "2024-12 (Q4)",
      "signal": "YoY REVENUE GROWTH ACCELERATION",
      "detail": "YoY growth: +25.2% vs prior quarter YoY: +16.9% (accel: +8.3%)",
      "severity": "MEDIUM"
    },
    {
      "quarter": "2024-12 (Q4)",
      "signal": "INCREMENTAL MARGIN (YoY)",
      "detail": "YoY Incr OPM: +58.7% vs year-ago OPM: +23.3%",
      "severity": "HIGH"
    },
    {
      "quarter": "2024-09 (Q3)",
      "signal": "INCREMENTAL MARGIN (YoY)",
      "detail": "YoY Incr OPM: +37.9% vs year-ago OPM: +26.7%",
      "severity": "MEDIUM"
    },
    {
      "quarter": "2024-06 (Q2)",
      "signal": "FCF MARGIN EXPANSION",
      "detail": "FCF margin: +14.0% -> +30.9% (+16.8%)",
      "severity": "MEDIUM"
    },
    {
      "quarter": "2024-06 (Q2)",
      "signal": "OPERATING LEVERAGE",
      "detail": "Rev growth +6.3% vs OpEx growth +3.8% (leverage: 1.7x)",
      "severity": "MEDIUM"
    },
    {
      "quarter": "2024-06 (Q2)",
      "signal": "GROSS MARGIN INFLECTION",
      "detail": "GM: +66.2% -> +65.9% -> +68.3% (reversal +2.4%)",
      "severity": "MEDIUM"
    },
    {
      "quarter": "2024-06 (Q2)",
      "signal": "INCREMENTAL MARGIN (YoY)",
      "detail": "YoY Incr OPM: +41.0% vs year-ago OPM: +26.4%",
      "severity": "MEDIUM"
    },
    {
      "quarter": "2024-03 (Q1)",
      "signal": "YoY REVENUE GROWTH DECELERATION",
      "detail": "YoY growth: +11.5% vs prior quarter YoY: +16.5% (decel: -5.1%)",
      "severity": "WARNING"
    },
    {
      "quarter": "2024-03 (Q1)",
      "signal": "INCREMENTAL MARGIN (YoY)",
      "detail": "YoY Incr OPM: +42.1% vs year-ago OPM: +22.9%",
      "severity": "MEDIUM"
    },
    {
      "quarter": "2023-09 (Q3)",
      "signal": "INCREMENTAL MARGIN (YoY)",
      "detail": "YoY Incr OPM: +35.9% vs year-ago OPM: +25.6%",
      "severity": "MEDIUM"
    },
    {
      "quarter": "2023-06 (Q2)",
      "signal": "FCF MARGIN EXPANSION",
      "detail": "FCF margin: +21.9% -> +37.9% (+16.0%)",
      "severity": "MEDIUM"
    },
    {
      "quarter": "2023-03 (Q1)",
      "signal": "YoY REVENUE GROWTH ACCELERATION",
      "detail": "YoY growth: +14.0% vs prior quarter YoY: +6.7% (accel: +7.3%)",
      "severity": "MEDIUM"
    },
    {
      "quarter": "2022-09 (Q3)",
      "signal": "YoY REVENUE GROWTH ACCELERATION",
      "detail": "YoY growth: +11.0% vs prior quarter YoY: +4.0% (accel: +7.0%)",
      "severity": "MEDIUM"
    },
    {
      "quarter": "2022-06 (Q2)",
      "signal": "FCF MARGIN EXPANSION",
      "detail": "FCF margin: +15.0% -> +29.3% (+14.4%)",
      "severity": "MEDIUM"
    },
    {
      "quarter": "2022-06 (Q2)",
      "signal": "YoY REVENUE GROWTH DECELERATION",
      "detail": "YoY growth: +4.0% vs prior quarter YoY: +15.1% (decel: -11.2%)",
      "severity": "WARNING"
    },
    {
      "quarter": "2021-06 (Q2)",
      "signal": "OPERATING LEVERAGE",
      "detail": "Rev growth +13.3% vs OpEx growth +5.5% (leverage: 2.4x)",
      "severity": "MEDIUM"
    }
  ],
  "data_quality": {
    "n_quarters": 20,
    "coverage": {
      "revenue": [
        20,
        20
      ],
      "gross_profit": [
        20,
        20
      ],
      "op_income": [
        20,
        20
      ],
      "fcf": [
        20,
        20
      ]
    },
    "gaps": [],
    "warnings": []
  },
  "market_cap": null,
  "source": "SEC EDGAR",
  "last_updated": "2026-02-02T19:46:12.025574"
}