{
  "ticker": "ISSC",
  "name": "INNOVATIVE SOLUTIONS AND SUPPORT,\u00a0INC.",
  "quarters": [
    {
      "date": "2020-12-31T00:00:00",
      "quarter_label": "2020-12 (Q4)",
      "revenue": 4869652,
      "gross_profit": 2565823,
      "operating_income": 232371,
      "net_income": null,
      "opex": 2333452,
      "cogs": 2303829,
      "rd": 600298,
      "sga": 1733154,
      "fcf": 1611480,
      "ocf": 1684326,
      "capex": -72846,
      "gross_margin": 0.5269006902341277,
      "op_margin": 0.047718194236467,
      "fcf_margin": 0.33092303105026805
    },
    {
      "date": "2021-03-31T00:00:00",
      "quarter_label": "2021-03 (Q1)",
      "revenue": 5121845,
      "gross_profit": 2902991,
      "operating_income": 611219,
      "net_income": null,
      "opex": 2291772,
      "cogs": 2218854,
      "rd": 689654,
      "sga": 1602118,
      "fcf": 389436,
      "ocf": 615618,
      "capex": -226182,
      "gross_margin": 0.5667861873992672,
      "op_margin": 0.11933570812861381,
      "fcf_margin": 0.07603431966410541,
      "op_leverage_ratio": Infinity,
      "fcf_margin_change": -0.25488871138616265
    },
    {
      "date": "2021-06-30T00:00:00",
      "quarter_label": "2021-06 (Q2)",
      "revenue": 6180183,
      "gross_profit": 3354502,
      "operating_income": 1195569,
      "net_income": null,
      "opex": 2158933,
      "cogs": 2825681,
      "rd": 646795,
      "sga": 1512138,
      "fcf": 1468162,
      "ocf": 1493159,
      "capex": -24997,
      "gross_margin": 0.5427836036570438,
      "op_margin": 0.19345203855613985,
      "fcf_margin": 0.23755963213387046,
      "op_leverage_ratio": Infinity,
      "fcf_margin_change": 0.16152531246976504
    },
    {
      "date": "2021-09-30T00:00:00",
      "quarter_label": "2021-09 (Q3)",
      "revenue": 6873116,
      "gross_profit": 3958314,
      "operating_income": 1861820,
      "net_income": null,
      "opex": 2096494,
      "cogs": 2914802,
      "rd": 686172,
      "sga": 1410322,
      "fcf": 782743,
      "ocf": 799396,
      "capex": -16653,
      "gross_margin": 0.5759125846268272,
      "op_margin": 0.2708844139979596,
      "fcf_margin": 0.11388473583160826,
      "op_leverage_ratio": Infinity,
      "fcf_margin_change": -0.12367489630226221
    },
    {
      "date": "2021-12-31T00:00:00",
      "quarter_label": "2021-12 (Q4)",
      "revenue": 6695778,
      "gross_profit": 3967721,
      "operating_income": 1424214,
      "net_income": 1133058,
      "opex": 2543507,
      "cogs": 2728057,
      "rd": 736525,
      "sga": 1806982,
      "fcf": 1440387,
      "ocf": 1517735,
      "capex": -77348,
      "gross_margin": 0.5925705720828857,
      "op_margin": 0.2127032885498892,
      "fcf_margin": 0.21511869121108854,
      "incr_op_margin_yoy": 0.6526619740368408,
      "rev_growth_yoy": 0.3750013347976406,
      "fcf_margin_change": 0.10123395537948028
    },
    {
      "date": "2022-03-31T00:00:00",
      "quarter_label": "2022-03 (Q1)",
      "revenue": 6845820,
      "gross_profit": 4182610,
      "operating_income": 1807779,
      "net_income": 1429570,
      "opex": 2374831,
      "cogs": 2663210,
      "rd": 650031,
      "sga": 1724800,
      "fcf": 1912847,
      "ocf": 1919857,
      "capex": -7010,
      "gross_margin": 0.6109728272142709,
      "op_margin": 0.2640704838865176,
      "fcf_margin": 0.2794182435413143,
      "incr_op_margin_yoy": 0.6940703896518221,
      "rev_growth_yoy": 0.33659257552698296,
      "rev_growth_yoy_accel": -0.03840875927065762,
      "op_leverage_ratio": Infinity,
      "fcf_margin_change": 0.06429955233022575
    },
    {
      "date": "2022-06-30T00:00:00",
      "quarter_label": "2022-06 (Q2)",
      "revenue": 6933976,
      "gross_profit": 4056514,
      "operating_income": 1685900,
      "net_income": 1359174,
      "opex": 2370614,
      "cogs": 2879462,
      "rd": 676381,
      "sga": 1694233,
      "fcf": 2905907,
      "ocf": 2982779,
      "capex": -76872,
      "gross_margin": 0.5850199077700875,
      "op_margin": 0.24313611699838591,
      "fcf_margin": 0.41908235621236645,
      "rev_growth_yoy": 0.1219693656320533,
      "rev_growth_yoy_accel": -0.21462320989492967,
      "op_leverage_ratio": Infinity,
      "fcf_margin_change": 0.13966411267105217
    },
    {
      "date": "2022-09-30T00:00:00",
      "quarter_label": "2022-09 (Q3)",
      "revenue": 7263121,
      "gross_profit": 4467536,
      "operating_income": 2297433,
      "net_income": 1601976,
      "opex": 2170103,
      "cogs": 2795585,
      "rd": 642203,
      "sga": 1527900,
      "fcf": -325931,
      "ocf": -325931,
      "capex": null,
      "gross_margin": 0.6150986607547912,
      "op_margin": 0.3163148459181666,
      "fcf_margin": -0.04487478592191979,
      "rev_growth_yoy": 0.05674354979604593,
      "rev_growth_yoy_accel": -0.06522581583600737,
      "op_leverage_ratio": Infinity,
      "fcf_margin_change": -0.46395714213428624
    },
    {
      "date": "2022-12-31T00:00:00",
      "quarter_label": "2022-12 (Q4)",
      "revenue": 6516256,
      "gross_profit": 3723804,
      "operating_income": 791496,
      "net_income": 698651,
      "opex": 2932308,
      "cogs": 2792452,
      "rd": 670445,
      "sga": 2261863,
      "fcf": 1783839,
      "ocf": 1816555,
      "capex": -32716,
      "gross_margin": 0.5714637362313574,
      "op_margin": 0.12146484116032273,
      "fcf_margin": 0.27375213619599964,
      "rev_growth_yoy": -0.0268112234306454,
      "rev_growth_yoy_accel": -0.08355477322669133,
      "fcf_margin_change": 0.31862692211791943
    },
    {
      "date": "2023-03-31T00:00:00",
      "quarter_label": "2023-03 (Q1)",
      "revenue": 7340454,
      "gross_profit": 4740151,
      "operating_income": 1427318,
      "net_income": 1271103,
      "opex": 3312833,
      "cogs": 2600303,
      "rd": 866198,
      "sga": 2446635,
      "fcf": 348115,
      "ocf": 395550,
      "capex": -47435,
      "gross_margin": 0.6457571970344068,
      "op_margin": 0.19444546617961234,
      "fcf_margin": 0.04742417839550524,
      "rev_growth_yoy": 0.07225343348203721,
      "rev_growth_yoy_accel": 0.09906465691268261,
      "op_leverage_ratio": 0.9746749604356,
      "fcf_margin_change": -0.22632795780049442
    },
    {
      "date": "2023-06-30T00:00:00",
      "quarter_label": "2023-06 (Q2)",
      "revenue": 7959208,
      "gross_profit": 4734646,
      "operating_income": 1487636,
      "net_income": 1423379,
      "opex": 3247010,
      "cogs": 3224562,
      "rd": 851296,
      "sga": 2395714,
      "fcf": -1359113,
      "ocf": -1274180,
      "capex": -84933,
      "gross_margin": 0.5948639613388669,
      "op_margin": 0.18690754155438583,
      "fcf_margin": -0.1707598293699574,
      "incr_op_margin_yoy": -0.1933845217472728,
      "rev_growth_yoy": 0.1478562948588227,
      "rev_growth_yoy_accel": 0.0756028613767855,
      "op_leverage_ratio": Infinity,
      "fcf_margin_change": -0.21818400776546265
    },
    {
      "date": "2023-09-30T00:00:00",
      "quarter_label": "2023-09 (Q3)",
      "revenue": 12992596,
      "gross_profit": 8112471,
      "operating_income": 3652599,
      "net_income": 2634622,
      "opex": 4459872,
      "cogs": 4880125,
      "rd": 741579,
      "sga": 3718293,
      "fcf": 1024960,
      "ocf": 1158249,
      "capex": -133289,
      "gross_margin": 0.624391845940565,
      "op_margin": 0.2811292677768169,
      "fcf_margin": 0.07888800667703359,
      "incr_op_margin_yoy": 0.2365253360910031,
      "rev_growth_yoy": 0.7888447679723358,
      "rev_growth_yoy_accel": 0.6409884731135131,
      "op_leverage_ratio": 1.6930227411413412,
      "fcf_margin_change": 0.24964783604699098
    },
    {
      "date": "2023-12-31T00:00:00",
      "quarter_label": "2023-12 (Q4)",
      "revenue": 9308063,
      "gross_profit": 5523162,
      "operating_income": 1615199,
      "net_income": 1057350,
      "opex": 3907963,
      "cogs": 3784901,
      "rd": 901144,
      "sga": 3006819,
      "fcf": 4032817,
      "ocf": 4215735,
      "capex": -182918,
      "gross_margin": 0.5933739382726567,
      "op_margin": 0.173526865901101,
      "fcf_margin": 0.43326060427395047,
      "incr_op_margin_yoy": 0.29504295963152183,
      "rev_growth_yoy": 0.4284372805488305,
      "rev_growth_yoy_accel": -0.3604074874235053,
      "fcf_margin_change": 0.35437259759691686
    },
    {
      "date": "2024-03-31T00:00:00",
      "quarter_label": "2024-03 (Q1)",
      "revenue": 10739516,
      "gross_profit": 5582362,
      "operating_income": 1643050,
      "net_income": 1208316,
      "opex": 3939312,
      "cogs": 5157154,
      "rd": 1031119,
      "sga": 2908193,
      "fcf": 75374,
      "ocf": 201104,
      "capex": -125730,
      "gross_margin": 0.5197964228555552,
      "op_margin": 0.15299106589161002,
      "fcf_margin": 0.007018379599229611,
      "incr_op_margin_yoy": 0.06346809796349699,
      "rev_growth_yoy": 0.46305882442693597,
      "rev_growth_yoy_accel": 0.034621543878105454,
      "op_leverage_ratio": 19.170989546316648,
      "fcf_margin_change": -0.42624222467472084
    },
    {
      "date": "2024-06-30T00:00:00",
      "quarter_label": "2024-06 (Q2)",
      "revenue": 11765635,
      "gross_profit": 6279821,
      "operating_income": 2037120,
      "net_income": 1552520,
      "opex": 4242701,
      "cogs": 5485814,
      "rd": 1099367,
      "sga": 3143334,
      "fcf": 730773,
      "ocf": 934052,
      "capex": -203279,
      "gross_margin": 0.5337426326755844,
      "op_margin": 0.17314152614797246,
      "fcf_margin": 0.06211079979958583,
      "incr_op_margin_yoy": 0.14435689952808764,
      "rev_growth_yoy": 0.47824193060415054,
      "rev_growth_yoy_accel": 0.015183106177214578,
      "op_leverage_ratio": 1.240605117794272,
      "fcf_margin_change": 0.05509242020035622
    },
    {
      "date": "2024-09-30T00:00:00",
      "quarter_label": "2024-09 (Q3)",
      "revenue": 15384806,
      "gross_profit": 8528245,
      "operating_income": 4366168,
      "net_income": 3180194,
      "opex": 4162077,
      "cogs": 6856561,
      "rd": 1106355,
      "sga": 3055722,
      "fcf": 299468,
      "ocf": 445331,
      "capex": -145863,
      "gross_margin": 0.5543290568629855,
      "op_margin": 0.28379740375016754,
      "fcf_margin": 0.01946517882643434,
      "incr_op_margin_yoy": 0.2982886117857546,
      "rev_growth_yoy": 0.18412101784739554,
      "rev_growth_yoy_accel": -0.294120912756755,
      "op_leverage_ratio": Infinity,
      "fcf_margin_change": -0.042645620973151485
    },
    {
      "date": "2024-12-31T00:00:00",
      "quarter_label": "2024-12 (Q4)",
      "revenue": 15968729,
      "gross_profit": 6610457,
      "operating_income": 1343818,
      "net_income": 736192,
      "opex": 5266639,
      "cogs": 9358272,
      "rd": 1107736,
      "sga": 4158903,
      "fcf": 1580094,
      "ocf": 1841458,
      "capex": -261364,
      "gross_margin": 0.41396262658098837,
      "op_margin": 0.08415309696845628,
      "fcf_margin": 0.09894926515441524,
      "incr_op_margin_yoy": -0.04074382351554634,
      "rev_growth_yoy": 0.7155802447834743,
      "rev_growth_yoy_accel": 0.5314592269360787,
      "op_leverage_ratio": 0.143015651887894,
      "fcf_margin_change": 0.0794840863279809
    },
    {
      "date": "2025-03-31T00:00:00",
      "quarter_label": "2025-03 (Q1)",
      "revenue": 21936214,
      "gross_profit": 11267223,
      "operating_income": 6984320,
      "net_income": 5336342,
      "opex": 4282903,
      "cogs": 10668991,
      "rd": 867228,
      "sga": 3415675,
      "fcf": -267745,
      "ocf": 1287906,
      "capex": -1555651,
      "gross_margin": 0.5136357167193938,
      "op_margin": 0.3183922257505329,
      "fcf_margin": -0.01220561579131203,
      "incr_op_margin_yoy": 0.4770397486830492,
      "rev_growth_yoy": 1.0425700748525353,
      "rev_growth_yoy_accel": 0.326989830069061,
      "op_leverage_ratio": Infinity,
      "fcf_margin_change": -0.11115488094572727
    },
    {
      "date": "2025-06-30T00:00:00",
      "quarter_label": "2025-06 (Q2)",
      "revenue": 24144832,
      "gross_profit": 8582235,
      "operating_income": 3514332,
      "net_income": 2443814,
      "opex": 5067903,
      "cogs": 15562597,
      "rd": 916829,
      "sga": 4151074,
      "fcf": 3518923,
      "ocf": 7206836,
      "capex": -3687913,
      "gross_margin": 0.35544811411402655,
      "op_margin": 0.1455521413443672,
      "fcf_margin": 0.14574228555410948,
      "incr_op_margin_yoy": 0.11933019565000864,
      "rev_growth_yoy": 1.052148651560243,
      "rev_growth_yoy_accel": 0.009578576707707676,
      "op_leverage_ratio": 0.5493226605562594,
      "fcf_margin_change": 0.1579479013454215
    },
    {
      "date": "2025-09-30T00:00:00",
      "quarter_label": "2025-09 (Q3)",
      "revenue": 22247114,
      "gross_profit": 14051966,
      "operating_income": 8229520,
      "net_income": 7111312,
      "opex": 5822446,
      "cogs": 8195148,
      "rd": 1100293,
      "sga": 4722153,
      "fcf": 1959940,
      "ocf": 2967118,
      "capex": -1007178,
      "gross_margin": 0.6316309612114183,
      "op_margin": 0.36991404817721524,
      "fcf_margin": 0.08809861809491334,
      "incr_op_margin_yoy": 0.5629814342346627,
      "rev_growth_yoy": 0.44604449350872544,
      "rev_growth_yoy_accel": -0.6061041580515175,
      "fcf_margin_change": -0.057643667459196135
    }
  ],
  "signals": [
    {
      "quarter": "2025-09 (Q3)",
      "signal": "GROSS MARGIN INFLECTION",
      "detail": "GM: +51.4% -> +35.5% -> +63.2% (reversal +27.6%)",
      "severity": "HIGH"
    },
    {
      "quarter": "2025-09 (Q3)",
      "signal": "YoY REVENUE GROWTH DECELERATION",
      "detail": "YoY growth: +44.6% vs prior quarter YoY: +105.2% (decel: -60.6%)",
      "severity": "WARNING"
    },
    {
      "quarter": "2025-09 (Q3)",
      "signal": "INCREMENTAL MARGIN (YoY)",
      "detail": "YoY Incr OPM: +56.3% vs year-ago OPM: +28.4%",
      "severity": "HIGH"
    },
    {
      "quarter": "2025-06 (Q2)",
      "signal": "FCF TURNED POSITIVE",
      "detail": "FCF margin: -1.2% -> +14.6%",
      "severity": "HIGH"
    },
    {
      "quarter": "2025-03 (Q1)",
      "signal": "GROSS MARGIN INFLECTION",
      "detail": "GM: +55.4% -> +41.4% -> +51.4% (reversal +10.0%)",
      "severity": "HIGH"
    },
    {
      "quarter": "2025-03 (Q1)",
      "signal": "YoY REVENUE GROWTH ACCELERATION",
      "detail": "YoY growth: +104.3% vs prior quarter YoY: +71.6% (accel: +32.7%)",
      "severity": "HIGH"
    },
    {
      "quarter": "2025-03 (Q1)",
      "signal": "INCREMENTAL MARGIN (YoY)",
      "detail": "YoY Incr OPM: +47.7% vs year-ago OPM: +15.3%",
      "severity": "HIGH"
    },
    {
      "quarter": "2024-12 (Q4)",
      "signal": "FCF MARGIN EXPANSION",
      "detail": "FCF margin: +1.9% -> +9.9% (+7.9%)",
      "severity": "MEDIUM"
    },
    {
      "quarter": "2024-12 (Q4)",
      "signal": "YoY REVENUE GROWTH ACCELERATION",
      "detail": "YoY growth: +71.6% vs prior quarter YoY: +18.4% (accel: +53.1%)",
      "severity": "HIGH"
    },
    {
      "quarter": "2024-09 (Q3)",
      "signal": "YoY REVENUE GROWTH DECELERATION",
      "detail": "YoY growth: +18.4% vs prior quarter YoY: +47.8% (decel: -29.4%)",
      "severity": "WARNING"
    },
    {
      "quarter": "2024-06 (Q2)",
      "signal": "FCF MARGIN EXPANSION",
      "detail": "FCF margin: +0.7% -> +6.2% (+5.5%)",
      "severity": "MEDIUM"
    },
    {
      "quarter": "2024-03 (Q1)",
      "signal": "OPERATING LEVERAGE",
      "detail": "Rev growth +15.4% vs OpEx growth +0.8% (leverage: 19.2x)",
      "severity": "MEDIUM"
    },
    {
      "quarter": "2023-12 (Q4)",
      "signal": "FCF MARGIN EXPANSION",
      "detail": "FCF margin: +7.9% -> +43.3% (+35.4%)",
      "severity": "MEDIUM"
    },
    {
      "quarter": "2023-12 (Q4)",
      "signal": "YoY REVENUE GROWTH DECELERATION",
      "detail": "YoY growth: +42.8% vs prior quarter YoY: +78.9% (decel: -36.0%)",
      "severity": "WARNING"
    },
    {
      "quarter": "2023-12 (Q4)",
      "signal": "INCREMENTAL MARGIN (YoY)",
      "detail": "YoY Incr OPM: +29.5% vs year-ago OPM: +12.1%",
      "severity": "MEDIUM"
    },
    {
      "quarter": "2023-09 (Q3)",
      "signal": "FCF TURNED POSITIVE",
      "detail": "FCF margin: -17.1% -> +7.9%",
      "severity": "HIGH"
    },
    {
      "quarter": "2023-09 (Q3)",
      "signal": "OPERATING LEVERAGE",
      "detail": "Rev growth +63.2% vs OpEx growth +37.4% (leverage: 1.7x)",
      "severity": "MEDIUM"
    },
    {
      "quarter": "2023-09 (Q3)",
      "signal": "GROSS MARGIN INFLECTION",
      "detail": "GM: +64.6% -> +59.5% -> +62.4% (reversal +3.0%)",
      "severity": "MEDIUM"
    },
    {
      "quarter": "2023-09 (Q3)",
      "signal": "YoY REVENUE GROWTH ACCELERATION",
      "detail": "YoY growth: +78.9% vs prior quarter YoY: +14.8% (accel: +64.1%)",
      "severity": "HIGH"
    },
    {
      "quarter": "2023-06 (Q2)",
      "signal": "YoY REVENUE GROWTH ACCELERATION",
      "detail": "YoY growth: +14.8% vs prior quarter YoY: +7.2% (accel: +7.6%)",
      "severity": "MEDIUM"
    },
    {
      "quarter": "2023-03 (Q1)",
      "signal": "GROSS MARGIN INFLECTION",
      "detail": "GM: +61.5% -> +57.1% -> +64.6% (reversal +7.4%)",
      "severity": "HIGH"
    },
    {
      "quarter": "2023-03 (Q1)",
      "signal": "YoY REVENUE GROWTH ACCELERATION",
      "detail": "YoY growth: +7.2% vs prior quarter YoY: -2.7% (accel: +9.9%)",
      "severity": "MEDIUM"
    },
    {
      "quarter": "2022-12 (Q4)",
      "signal": "FCF TURNED POSITIVE",
      "detail": "FCF margin: -4.5% -> +27.4%",
      "severity": "HIGH"
    },
    {
      "quarter": "2022-12 (Q4)",
      "signal": "YoY REVENUE GROWTH DECELERATION",
      "detail": "YoY growth: -2.7% vs prior quarter YoY: +5.7% (decel: -8.4%)",
      "severity": "WARNING"
    },
    {
      "quarter": "2022-09 (Q3)",
      "signal": "GROSS MARGIN INFLECTION",
      "detail": "GM: +61.1% -> +58.5% -> +61.5% (reversal +3.0%)",
      "severity": "MEDIUM"
    },
    {
      "quarter": "2022-09 (Q3)",
      "signal": "YoY REVENUE GROWTH DECELERATION",
      "detail": "YoY growth: +5.7% vs prior quarter YoY: +12.2% (decel: -6.5%)",
      "severity": "WARNING"
    },
    {
      "quarter": "2022-06 (Q2)",
      "signal": "FCF MARGIN EXPANSION",
      "detail": "FCF margin: +27.9% -> +41.9% (+14.0%)",
      "severity": "MEDIUM"
    },
    {
      "quarter": "2022-06 (Q2)",
      "signal": "YoY REVENUE GROWTH DECELERATION",
      "detail": "YoY growth: +12.2% vs prior quarter YoY: +33.7% (decel: -21.5%)",
      "severity": "WARNING"
    },
    {
      "quarter": "2022-03 (Q1)",
      "signal": "FCF MARGIN EXPANSION",
      "detail": "FCF margin: +21.5% -> +27.9% (+6.4%)",
      "severity": "MEDIUM"
    },
    {
      "quarter": "2022-03 (Q1)",
      "signal": "INCREMENTAL MARGIN (YoY)",
      "detail": "YoY Incr OPM: +69.4% vs year-ago OPM: +11.9%",
      "severity": "HIGH"
    },
    {
      "quarter": "2021-12 (Q4)",
      "signal": "FCF MARGIN EXPANSION",
      "detail": "FCF margin: +11.4% -> +21.5% (+10.1%)",
      "severity": "MEDIUM"
    },
    {
      "quarter": "2021-12 (Q4)",
      "signal": "INCREMENTAL MARGIN (YoY)",
      "detail": "YoY Incr OPM: +65.3% vs year-ago OPM: +4.8%",
      "severity": "HIGH"
    },
    {
      "quarter": "2021-09 (Q3)",
      "signal": "GROSS MARGIN INFLECTION",
      "detail": "GM: +56.7% -> +54.3% -> +57.6% (reversal +3.3%)",
      "severity": "MEDIUM"
    },
    {
      "quarter": "2021-06 (Q2)",
      "signal": "FCF MARGIN EXPANSION",
      "detail": "FCF margin: +7.6% -> +23.8% (+16.2%)",
      "severity": "MEDIUM"
    }
  ],
  "data_quality": {
    "n_quarters": 20,
    "coverage": {
      "revenue": [
        20,
        20
      ],
      "gross_profit": [
        20,
        20
      ],
      "op_income": [
        20,
        20
      ],
      "fcf": [
        20,
        20
      ]
    },
    "gaps": [],
    "warnings": []
  },
  "market_cap": null,
  "source": "SEC EDGAR",
  "last_updated": "2026-02-02T22:37:03.505018",
  "sector": "Industrials",
  "industry": "Aerospace & Defense"
}