{
  "ticker": "ITGR",
  "name": "INTEGER HOLDINGS CORPORATION",
  "quarters": [
    {
      "date": "2020-12-31T00:00:00",
      "quarter_label": "2020-12 (Q4)",
      "revenue": 268959000,
      "gross_profit": 73209000,
      "operating_income": 27593000,
      "net_income": 15427000,
      "opex": 45616000,
      "cogs": 195750000,
      "rd": null,
      "sga": 35037000,
      "fcf": 59452000,
      "ocf": 71102000,
      "capex": -11650000,
      "gross_margin": 0.27219390315996117,
      "op_margin": 0.10259184485367659,
      "fcf_margin": 0.22104484326607401
    },
    {
      "date": "2021-04-02T00:00:00",
      "quarter_label": "2021-04 (Q2)",
      "revenue": 290467000,
      "gross_profit": 84486000,
      "operating_income": 34608000,
      "net_income": 21520000,
      "opex": 49878000,
      "cogs": 205981000,
      "rd": null,
      "sga": 35502000,
      "fcf": 28769000,
      "ocf": 36429000,
      "capex": -7660000,
      "gross_margin": 0.29086264532631934,
      "op_margin": 0.11914606478532845,
      "fcf_margin": 0.09904395335786853,
      "op_leverage_ratio": 0.8558895049393639,
      "fcf_margin_change": -0.12200088990820548
    },
    {
      "date": "2021-07-02T00:00:00",
      "quarter_label": "2021-07 (Q3)",
      "revenue": 312023000,
      "gross_profit": 88746000,
      "operating_income": 39350000,
      "net_income": 29433000,
      "opex": 49396000,
      "cogs": 223277000,
      "rd": null,
      "sga": 35379000,
      "fcf": 21602000,
      "ocf": 32358000,
      "capex": -10756000,
      "gross_margin": 0.28442134073449715,
      "op_margin": 0.126112498117126,
      "fcf_margin": 0.06923207584056304,
      "op_leverage_ratio": Infinity,
      "fcf_margin_change": -0.02981187751730549
    },
    {
      "date": "2021-10-01T00:00:00",
      "quarter_label": "2021-10 (Q4)",
      "revenue": 305574000,
      "gross_profit": 81872000,
      "operating_income": 33090000,
      "net_income": 22066000,
      "opex": 48782000,
      "cogs": 223702000,
      "rd": null,
      "sga": 34269000,
      "fcf": 37328000,
      "ocf": 48623000,
      "capex": -11295000,
      "gross_margin": 0.26792855413091426,
      "op_margin": 0.10828800879655992,
      "fcf_margin": 0.1221569897962523,
      "fcf_margin_change": 0.052924913955689254
    },
    {
      "date": "2021-12-31T00:00:00",
      "quarter_label": "2021-12 (Q4)",
      "revenue": 313015000,
      "gross_profit": 81866000,
      "operating_income": 28663000,
      "net_income": 23789000,
      "opex": 53203000,
      "cogs": 231149000,
      "rd": null,
      "sga": 36268000,
      "fcf": 15504000,
      "ocf": 39256000,
      "capex": -23752000,
      "gross_margin": 0.2615401817804259,
      "op_margin": 0.09157069150040732,
      "fcf_margin": 0.04953117262750986,
      "incr_op_margin_yoy": 0.02428727074632286,
      "rev_growth_yoy": 0.16380191776441763,
      "op_leverage_ratio": 0.2686915398853044,
      "fcf_margin_change": -0.07262581716874243
    },
    {
      "date": "2022-04-01T00:00:00",
      "quarter_label": "2022-04 (Q2)",
      "revenue": 310912000,
      "gross_profit": 81475000,
      "operating_income": 22497000,
      "net_income": 11367000,
      "opex": 58978000,
      "cogs": 229437000,
      "rd": null,
      "sga": 39560000,
      "fcf": 7298000,
      "ocf": 18161000,
      "capex": -10863000,
      "gross_margin": 0.2620516416220667,
      "op_margin": 0.07235809489501853,
      "fcf_margin": 0.023472879785920133,
      "incr_op_margin_yoy": -0.5923697725605283,
      "rev_growth_yoy": 0.07038665321706081,
      "rev_growth_yoy_accel": -0.09341526454735682,
      "fcf_margin_change": -0.02605829284158973
    },
    {
      "date": "2022-07-01T00:00:00",
      "quarter_label": "2022-07 (Q3)",
      "revenue": 350081000,
      "gross_profit": 92897000,
      "operating_income": 32707000,
      "net_income": 20836000,
      "opex": 60190000,
      "cogs": 257184000,
      "rd": null,
      "sga": 41786000,
      "fcf": 7103000,
      "ocf": 18850000,
      "capex": -11747000,
      "gross_margin": 0.26535858844096083,
      "op_margin": 0.09342694976305484,
      "fcf_margin": 0.02028959012342858,
      "incr_op_margin_yoy": -0.1745493720111409,
      "rev_growth_yoy": 0.12197177772151412,
      "rev_growth_yoy_accel": 0.05158512450445331,
      "op_leverage_ratio": 6.1304509337885715,
      "fcf_margin_change": -0.0031832896624915535
    },
    {
      "date": "2022-09-30T00:00:00",
      "quarter_label": "2022-09 (Q3)",
      "revenue": 342680000,
      "gross_profit": 86718000,
      "operating_income": 29258000,
      "net_income": 16057000,
      "opex": 57460000,
      "cogs": 255962000,
      "rd": null,
      "sga": 38195000,
      "fcf": 7280000,
      "ocf": 27768000,
      "capex": -20488000,
      "gross_margin": 0.25305824676082644,
      "op_margin": 0.08537994630559122,
      "fcf_margin": 0.021244309559939303,
      "incr_op_margin_yoy": -0.10327170807955587,
      "rev_growth_yoy": 0.12143048819598526,
      "rev_growth_yoy_accel": -0.0005412895255288569,
      "fcf_margin_change": 0.0009547194365107231
    },
    {
      "date": "2022-12-31T00:00:00",
      "quarter_label": "2022-12 (Q4)",
      "revenue": 372423000,
      "gross_profit": 97916000,
      "operating_income": 36865000,
      "net_income": 18117000,
      "opex": 61051000,
      "cogs": 274507000,
      "rd": null,
      "sga": 41037000,
      "fcf": 19972000,
      "ocf": 51602000,
      "capex": -31630000,
      "gross_margin": 0.26291609272252253,
      "op_margin": 0.09898690467559737,
      "fcf_margin": 0.05362719273514257,
      "incr_op_margin_yoy": 0.13806221384325343,
      "rev_growth_yoy": 0.1897928214302829,
      "rev_growth_yoy_accel": 0.06836233323429763,
      "op_leverage_ratio": 1.3888208550376109,
      "fcf_margin_change": 0.03238288317520327
    },
    {
      "date": "2023-03-31T00:00:00",
      "quarter_label": "2023-03 (Q1)",
      "revenue": 378785000,
      "gross_profit": 96673000,
      "operating_income": 34166000,
      "net_income": 13065000,
      "opex": 62507000,
      "cogs": 282112000,
      "rd": null,
      "sga": 41886000,
      "fcf": -18506000,
      "ocf": 6188000,
      "capex": -24694000,
      "gross_margin": 0.25521865966181345,
      "op_margin": 0.0901989255118339,
      "fcf_margin": -0.04885621130720594,
      "incr_op_margin_yoy": 0.1719240345940212,
      "rev_growth_yoy": 0.2183029281597365,
      "rev_growth_yoy_accel": 0.028510106729453616,
      "op_leverage_ratio": 0.7162894878808639,
      "fcf_margin_change": -0.10248340404234851
    },
    {
      "date": "2023-06-30T00:00:00",
      "quarter_label": "2023-06 (Q2)",
      "revenue": 400044000,
      "gross_profit": 105804000,
      "operating_income": 41576000,
      "net_income": 23971000,
      "opex": 64228000,
      "cogs": 294240000,
      "rd": null,
      "sga": 45827000,
      "fcf": 23423000,
      "ocf": 56145000,
      "capex": -32722000,
      "gross_margin": 0.264480907100219,
      "op_margin": 0.10392856785753567,
      "fcf_margin": 0.058551059383467816,
      "incr_op_margin_yoy": 0.17751135840521987,
      "rev_growth_yoy": 0.14271839945612586,
      "rev_growth_yoy_accel": -0.07558452870361065,
      "op_leverage_ratio": 2.0384395864581144,
      "fcf_margin_change": 0.10740727069067375
    },
    {
      "date": "2023-09-29T00:00:00",
      "quarter_label": "2023-09 (Q3)",
      "revenue": 404693000,
      "gross_profit": 105556000,
      "operating_income": 48075000,
      "net_income": 27257000,
      "opex": 57481000,
      "cogs": 299137000,
      "rd": null,
      "sga": 42102000,
      "fcf": 36824000,
      "ocf": 62293000,
      "capex": -25469000,
      "gross_margin": 0.2608298142048417,
      "op_margin": 0.11879375230112703,
      "fcf_margin": 0.09099243129977538,
      "incr_op_margin_yoy": 0.30343637624369085,
      "rev_growth_yoy": 0.18096474845336757,
      "rev_growth_yoy_accel": 0.03824634899724172,
      "op_leverage_ratio": Infinity,
      "fcf_margin_change": 0.03244137191630757
    },
    {
      "date": "2023-12-31T00:00:00",
      "quarter_label": "2023-12 (Q4)",
      "revenue": 413151000,
      "gross_profit": 110256000,
      "operating_income": 43513000,
      "net_income": 26357000,
      "opex": 66743000,
      "cogs": 302895000,
      "rd": null,
      "sga": 45804000,
      "fcf": 18534000,
      "ocf": 55587000,
      "capex": -37053000,
      "gross_margin": 0.26686610948539397,
      "op_margin": 0.10531984673884366,
      "fcf_margin": 0.044860111678296795,
      "incr_op_margin_yoy": 0.1632292280494991,
      "rev_growth_yoy": 0.10935951861190098,
      "rev_growth_yoy_accel": -0.0716052298414666,
      "op_leverage_ratio": 0.12970643614571567,
      "fcf_margin_change": -0.04613231962147859
    },
    {
      "date": "2024-03-29T00:00:00",
      "quarter_label": "2024-03 (Q1)",
      "revenue": 414805000,
      "gross_profit": 109840000,
      "operating_income": 39277000,
      "net_income": 20508000,
      "opex": 70563000,
      "cogs": 304965000,
      "rd": null,
      "sga": 46929000,
      "fcf": -5833000,
      "ocf": 23239000,
      "capex": -29072000,
      "gross_margin": 0.26479912247923726,
      "op_margin": 0.09468786538252914,
      "fcf_margin": -0.014062029146225334,
      "incr_op_margin_yoy": 0.14189339255968905,
      "rev_growth_yoy": 0.09509352271077261,
      "rev_growth_yoy_accel": -0.01426599590112837,
      "fcf_margin_change": -0.05892214082452213
    },
    {
      "date": "2024-06-28T00:00:00",
      "quarter_label": "2024-06 (Q2)",
      "revenue": 436202000,
      "gross_profit": 119393000,
      "operating_income": 55186000,
      "net_income": 31246000,
      "opex": 64207000,
      "cogs": 316809000,
      "rd": null,
      "sga": 47117000,
      "fcf": 16055000,
      "ocf": 47235000,
      "capex": -31180000,
      "gross_margin": 0.27371034520703713,
      "op_margin": 0.12651477984970266,
      "fcf_margin": 0.03680634201585504,
      "incr_op_margin_yoy": 0.3764035621439239,
      "rev_growth_yoy": 0.0903850576436592,
      "rev_growth_yoy_accel": -0.004708465067113407,
      "op_leverage_ratio": Infinity,
      "fcf_margin_change": 0.05086837116208037
    },
    {
      "date": "2024-09-27T00:00:00",
      "quarter_label": "2024-09 (Q3)",
      "revenue": 431417000,
      "gross_profit": 116568000,
      "operating_income": 58011000,
      "net_income": 35439000,
      "opex": 58557000,
      "cogs": 314849000,
      "rd": null,
      "sga": 44820000,
      "fcf": 45485000,
      "ocf": 71500000,
      "capex": -26015000,
      "gross_margin": 0.27019797550861463,
      "op_margin": 0.13446618932494547,
      "fcf_margin": 0.10543163574917075,
      "incr_op_margin_yoy": 0.3718006286484059,
      "rev_growth_yoy": 0.06603524152876378,
      "rev_growth_yoy_accel": -0.024349816114895423,
      "fcf_margin_change": 0.06862529373331572
    },
    {
      "date": "2024-12-31T00:00:00",
      "quarter_label": "2024-12 (Q4)",
      "revenue": 449497000,
      "gross_profit": 116796000,
      "operating_income": 57032000,
      "net_income": 32703000,
      "opex": 59764000,
      "cogs": 332701000,
      "rd": null,
      "sga": 47468000,
      "fcf": 44141000,
      "ocf": 63231000,
      "capex": -19090000,
      "gross_margin": 0.25983710681050154,
      "op_margin": 0.1268796009762023,
      "fcf_margin": 0.09820087787015264,
      "incr_op_margin_yoy": 0.37195289715512025,
      "rev_growth_yoy": 0.08797267827017241,
      "rev_growth_yoy_accel": 0.021937436741408634,
      "op_leverage_ratio": 2.033165446728035,
      "fcf_margin_change": -0.007230757879018113
    },
    {
      "date": "2025-03-28T00:00:00",
      "quarter_label": "2025-03 (Q1)",
      "revenue": 437392000,
      "gross_profit": 120318000,
      "operating_income": 49552000,
      "net_income": -22487000,
      "opex": 70766000,
      "cogs": 317074000,
      "rd": null,
      "sga": 51160000,
      "fcf": 6058000,
      "ocf": 31276000,
      "capex": -25218000,
      "gross_margin": 0.2750804770091817,
      "op_margin": 0.11328968065259538,
      "fcf_margin": 0.013850276182463327,
      "incr_op_margin_yoy": 0.4549076902643113,
      "rev_growth_yoy": 0.05445209194681838,
      "rev_growth_yoy_accel": -0.03352058632335403,
      "fcf_margin_change": -0.0843506016876893
    },
    {
      "date": "2025-06-27T00:00:00",
      "quarter_label": "2025-06 (Q2)",
      "revenue": 476494000,
      "gross_profit": 129152000,
      "operating_income": 59338000,
      "net_income": 37009000,
      "opex": 69814000,
      "cogs": 347342000,
      "rd": null,
      "sga": 52923000,
      "fcf": 24861000,
      "ocf": 43862000,
      "capex": -19001000,
      "gross_margin": 0.2710464350023295,
      "op_margin": 0.12453042430754636,
      "fcf_margin": 0.052174843754590826,
      "incr_op_margin_yoy": 0.10304775141467289,
      "rev_growth_yoy": 0.09237004873888703,
      "rev_growth_yoy_accel": 0.03791795679206865,
      "op_leverage_ratio": Infinity,
      "fcf_margin_change": 0.0383245675721275
    },
    {
      "date": "2025-09-26T00:00:00",
      "quarter_label": "2025-09 (Q3)",
      "revenue": 467691000,
      "gross_profit": 126160000,
      "operating_income": 56439000,
      "net_income": 39678000,
      "opex": 69721000,
      "cogs": 341531000,
      "rd": null,
      "sga": 50451000,
      "fcf": 46259000,
      "ocf": 65595000,
      "capex": -19336000,
      "gross_margin": 0.26975075423730627,
      "op_margin": 0.12067583083702701,
      "fcf_margin": 0.09890932260830335,
      "incr_op_margin_yoy": -0.043336825274301154,
      "rev_growth_yoy": 0.08408106310136133,
      "rev_growth_yoy_accel": -0.008288985637525698,
      "fcf_margin_change": 0.04673447885371252
    }
  ],
  "signals": [
    {
      "quarter": "2025-03 (Q1)",
      "signal": "INCREMENTAL MARGIN (YoY)",
      "detail": "YoY Incr OPM: +45.5% vs year-ago OPM: +9.5%",
      "severity": "HIGH"
    },
    {
      "quarter": "2024-12 (Q4)",
      "signal": "OPERATING LEVERAGE",
      "detail": "Rev growth +4.2% vs OpEx growth +2.1% (leverage: 2.0x)",
      "severity": "MEDIUM"
    },
    {
      "quarter": "2024-12 (Q4)",
      "signal": "INCREMENTAL MARGIN (YoY)",
      "detail": "YoY Incr OPM: +37.2% vs year-ago OPM: +10.5%",
      "severity": "HIGH"
    },
    {
      "quarter": "2024-09 (Q3)",
      "signal": "FCF MARGIN EXPANSION",
      "detail": "FCF margin: +3.7% -> +10.5% (+6.9%)",
      "severity": "MEDIUM"
    },
    {
      "quarter": "2024-09 (Q3)",
      "signal": "INCREMENTAL MARGIN (YoY)",
      "detail": "YoY Incr OPM: +37.2% vs year-ago OPM: +11.9%",
      "severity": "HIGH"
    },
    {
      "quarter": "2024-06 (Q2)",
      "signal": "FCF TURNED POSITIVE",
      "detail": "FCF margin: -1.4% -> +3.7%",
      "severity": "HIGH"
    },
    {
      "quarter": "2024-06 (Q2)",
      "signal": "INCREMENTAL MARGIN (YoY)",
      "detail": "YoY Incr OPM: +37.6% vs year-ago OPM: +10.4%",
      "severity": "HIGH"
    },
    {
      "quarter": "2023-12 (Q4)",
      "signal": "YoY REVENUE GROWTH DECELERATION",
      "detail": "YoY growth: +10.9% vs prior quarter YoY: +18.1% (decel: -7.2%)",
      "severity": "WARNING"
    },
    {
      "quarter": "2023-09 (Q3)",
      "signal": "INCREMENTAL MARGIN (YoY)",
      "detail": "YoY Incr OPM: +30.3% vs year-ago OPM: +8.5%",
      "severity": "HIGH"
    },
    {
      "quarter": "2023-06 (Q2)",
      "signal": "FCF TURNED POSITIVE",
      "detail": "FCF margin: -4.9% -> +5.9%",
      "severity": "HIGH"
    },
    {
      "quarter": "2023-06 (Q2)",
      "signal": "OPERATING LEVERAGE",
      "detail": "Rev growth +5.6% vs OpEx growth +2.8% (leverage: 2.0x)",
      "severity": "MEDIUM"
    },
    {
      "quarter": "2023-06 (Q2)",
      "signal": "YoY REVENUE GROWTH DECELERATION",
      "detail": "YoY growth: +14.3% vs prior quarter YoY: +21.8% (decel: -7.6%)",
      "severity": "WARNING"
    },
    {
      "quarter": "2022-12 (Q4)",
      "signal": "YoY REVENUE GROWTH ACCELERATION",
      "detail": "YoY growth: +19.0% vs prior quarter YoY: +12.1% (accel: +6.8%)",
      "severity": "MEDIUM"
    },
    {
      "quarter": "2022-07 (Q3)",
      "signal": "OPERATING LEVERAGE",
      "detail": "Rev growth +12.6% vs OpEx growth +2.1% (leverage: 6.1x)",
      "severity": "MEDIUM"
    },
    {
      "quarter": "2022-07 (Q3)",
      "signal": "YoY REVENUE GROWTH ACCELERATION",
      "detail": "YoY growth: +12.2% vs prior quarter YoY: +7.0% (accel: +5.2%)",
      "severity": "MEDIUM"
    },
    {
      "quarter": "2022-04 (Q2)",
      "signal": "YoY REVENUE GROWTH DECELERATION",
      "detail": "YoY growth: +7.0% vs prior quarter YoY: +16.4% (decel: -9.3%)",
      "severity": "WARNING"
    },
    {
      "quarter": "2021-10 (Q4)",
      "signal": "FCF MARGIN EXPANSION",
      "detail": "FCF margin: +6.9% -> +12.2% (+5.3%)",
      "severity": "MEDIUM"
    }
  ],
  "data_quality": {
    "n_quarters": 20,
    "coverage": {
      "revenue": [
        20,
        20
      ],
      "gross_profit": [
        20,
        20
      ],
      "op_income": [
        20,
        20
      ],
      "fcf": [
        20,
        20
      ]
    },
    "gaps": [],
    "warnings": []
  },
  "market_cap": null,
  "source": "SEC EDGAR",
  "last_updated": "2026-02-02T21:22:28.885587"
}