{
  "ticker": "ITHUF",
  "name": "iAnthus Capital Holdings, Inc.",
  "quarters": [
    {
      "date": "2020-12-31T00:00:00",
      "quarter_label": "2020-12 (Q4)",
      "revenue": 45981000,
      "gross_profit": 22395000,
      "operating_income": -10245000,
      "net_income": -26725000,
      "opex": 32640000,
      "cogs": 23586000,
      "rd": null,
      "sga": 23859000,
      "fcf": -3221000,
      "ocf": -2083000,
      "capex": -1138000,
      "gross_margin": 0.48704899849938016,
      "op_margin": -0.22280942128270373,
      "fcf_margin": -0.07005067310410822
    },
    {
      "date": "2021-03-31T00:00:00",
      "quarter_label": "2021-03 (Q1)",
      "revenue": 51805000,
      "gross_profit": 29721000,
      "operating_income": -1598000,
      "net_income": -19452000,
      "opex": 31319000,
      "cogs": 22084000,
      "rd": null,
      "sga": 23686000,
      "fcf": 700000,
      "ocf": 5452000,
      "capex": -4752000,
      "gross_margin": 0.5737091014380852,
      "op_margin": -0.030846443393494835,
      "fcf_margin": 0.013512209246211755,
      "op_leverage_ratio": Infinity,
      "fcf_margin_change": 0.08356288235031997
    },
    {
      "date": "2021-06-30T00:00:00",
      "quarter_label": "2021-06 (Q2)",
      "revenue": 54228000,
      "gross_profit": 31311000,
      "operating_income": 933000,
      "net_income": -15256000,
      "opex": 30378000,
      "cogs": 22917000,
      "rd": null,
      "sga": 20996000,
      "fcf": 1849000,
      "ocf": 6921000,
      "capex": -5072000,
      "gross_margin": 0.5773954414693516,
      "op_margin": 0.01720513387917681,
      "fcf_margin": 0.034096776572988124,
      "op_leverage_ratio": Infinity,
      "fcf_margin_change": 0.020584567326776368
    },
    {
      "date": "2021-09-30T00:00:00",
      "quarter_label": "2021-09 (Q3)",
      "revenue": 49263000,
      "gross_profit": 26057000,
      "operating_income": -4784000,
      "net_income": -15835000,
      "opex": 30841000,
      "cogs": 23206000,
      "rd": null,
      "sga": 22581000,
      "fcf": 556000,
      "ocf": 7472000,
      "capex": -6916000,
      "gross_margin": 0.528936524369202,
      "op_margin": -0.09711142236566997,
      "fcf_margin": 0.011286360960558635,
      "fcf_margin_change": -0.02281041561242949
    },
    {
      "date": "2021-12-31T00:00:00",
      "quarter_label": "2021-12 (Q4)",
      "revenue": 47722000,
      "gross_profit": 24194000,
      "operating_income": -16576000,
      "net_income": -25705000,
      "opex": 40770000,
      "cogs": 23528000,
      "rd": null,
      "sga": 29704000,
      "fcf": -6609000,
      "ocf": -3697000,
      "capex": -2912000,
      "gross_margin": 0.5069779137504715,
      "op_margin": -0.3473450400234693,
      "fcf_margin": -0.13848958551611415,
      "incr_op_margin_yoy": -3.63641585295807,
      "rev_growth_yoy": 0.037863465344381377,
      "fcf_margin_change": -0.14977594647667278
    },
    {
      "date": "2022-03-31T00:00:00",
      "quarter_label": "2022-03 (Q1)",
      "revenue": 42790000,
      "gross_profit": 22492000,
      "operating_income": -9377000,
      "net_income": -10102000,
      "opex": 31869000,
      "cogs": 20298000,
      "rd": null,
      "sga": 23406000,
      "fcf": 178000,
      "ocf": 1751000,
      "capex": -1573000,
      "gross_margin": 0.5256368310352886,
      "op_margin": -0.21913998597803225,
      "fcf_margin": 0.004159850432344006,
      "incr_op_margin_yoy": 0.8628951747088186,
      "rev_growth_yoy": -0.17401795193514139,
      "rev_growth_yoy_accel": -0.21188141727952275,
      "fcf_margin_change": 0.14264943594845816
    },
    {
      "date": "2022-06-30T00:00:00",
      "quarter_label": "2022-06 (Q2)",
      "revenue": 43481000,
      "gross_profit": 19668000,
      "operating_income": -45426000,
      "net_income": -373562000,
      "opex": 65094000,
      "cogs": 23813000,
      "rd": null,
      "sga": 58130000,
      "fcf": -10562000,
      "ocf": -7404000,
      "capex": -3158000,
      "gross_margin": 0.45233550286331964,
      "op_margin": -1.0447321818725421,
      "fcf_margin": -0.24291069662611256,
      "incr_op_margin_yoy": 4.313668930864427,
      "rev_growth_yoy": -0.19818175112488012,
      "rev_growth_yoy_accel": -0.02416379918973874,
      "op_leverage_ratio": 0.015489564501315415,
      "fcf_margin_change": -0.24707054705845657
    },
    {
      "date": "2022-09-30T00:00:00",
      "quarter_label": "2022-09 (Q3)",
      "revenue": 39371000,
      "gross_profit": 16181000,
      "operating_income": -13724000,
      "net_income": -21995000,
      "opex": 29905000,
      "cogs": 23190000,
      "rd": null,
      "sga": 23220000,
      "fcf": -9525000,
      "ocf": -8492000,
      "capex": -1033000,
      "gross_margin": 0.41098778288588045,
      "op_margin": -0.34858144319422923,
      "fcf_margin": -0.24192933885347082,
      "incr_op_margin_yoy": 0.9037606146380914,
      "rev_growth_yoy": -0.20079978888821226,
      "rev_growth_yoy_accel": -0.0026180377633321372,
      "fcf_margin_change": 0.0009813577726417444
    },
    {
      "date": "2022-12-31T00:00:00",
      "quarter_label": "2022-12 (Q4)",
      "revenue": 37571000,
      "gross_profit": 16091000,
      "operating_income": -43928000,
      "net_income": -43732000,
      "opex": 60019000,
      "cogs": 21480000,
      "rd": null,
      "sga": 23331000,
      "fcf": -6526000,
      "ocf": -5351000,
      "capex": -1175000,
      "gross_margin": 0.4282824518910862,
      "op_margin": -1.1691996486651939,
      "fcf_margin": -0.17369779883420725,
      "incr_op_margin_yoy": 2.6945128558762685,
      "rev_growth_yoy": -0.21271111856166966,
      "rev_growth_yoy_accel": -0.0119113296734574,
      "fcf_margin_change": 0.06823154001926357
    },
    {
      "date": "2023-03-31T00:00:00",
      "quarter_label": "2023-03 (Q1)",
      "revenue": 36753000,
      "gross_profit": 15512000,
      "operating_income": -9327000,
      "net_income": -18595000,
      "opex": 24839000,
      "cogs": 21241000,
      "rd": null,
      "sga": 17869000,
      "fcf": -1789000,
      "ocf": -787000,
      "capex": -1002000,
      "gross_margin": 0.42206078415367454,
      "op_margin": -0.2537752020243245,
      "fcf_margin": -0.04867629853345305,
      "incr_op_margin_yoy": -0.008282259400364419,
      "rev_growth_yoy": -0.14108436550595935,
      "rev_growth_yoy_accel": 0.07162675305571031,
      "fcf_margin_change": 0.1250215003007542
    },
    {
      "date": "2023-06-30T00:00:00",
      "quarter_label": "2023-06 (Q2)",
      "revenue": 38715000,
      "gross_profit": 18390000,
      "operating_income": -10135000,
      "net_income": -20149000,
      "opex": 28525000,
      "cogs": 20325000,
      "rd": null,
      "sga": 22211000,
      "fcf": 522000,
      "ocf": 1466000,
      "capex": -944000,
      "gross_margin": 0.47500968616815187,
      "op_margin": -0.2617848379181196,
      "fcf_margin": 0.01348314606741573,
      "incr_op_margin_yoy": -7.404741921947125,
      "rev_growth_yoy": -0.10961109450104643,
      "rev_growth_yoy_accel": 0.031473271004912914,
      "op_leverage_ratio": 0.3597368976888861,
      "fcf_margin_change": 0.06215944460086878
    },
    {
      "date": "2023-09-30T00:00:00",
      "quarter_label": "2023-09 (Q3)",
      "revenue": 42890000,
      "gross_profit": 17427000,
      "operating_income": -7555000,
      "net_income": -15572000,
      "opex": 24982000,
      "cogs": 25463000,
      "rd": null,
      "sga": 18917000,
      "fcf": 3591000,
      "ocf": 4134000,
      "capex": -543000,
      "gross_margin": 0.406318489158312,
      "op_margin": -0.17614828631382606,
      "fcf_margin": 0.08372581021217067,
      "incr_op_margin_yoy": 1.7530548451264565,
      "rev_growth_yoy": 0.08938050849610119,
      "rev_growth_yoy_accel": 0.19899160299714763,
      "op_leverage_ratio": Infinity,
      "fcf_margin_change": 0.07024266414475494
    },
    {
      "date": "2023-12-31T00:00:00",
      "quarter_label": "2023-12 (Q4)",
      "revenue": 40879000,
      "gross_profit": 11840000,
      "operating_income": -13693000,
      "net_income": -22305000,
      "opex": 25533000,
      "cogs": 29039000,
      "rd": null,
      "sga": 19329000,
      "fcf": -2120000,
      "ocf": -1036000,
      "capex": -1084000,
      "gross_margin": 0.28963526505051496,
      "op_margin": -0.3349641625284376,
      "fcf_margin": -0.051860368404315176,
      "incr_op_margin_yoy": 9.139963724304716,
      "rev_growth_yoy": 0.08804663171062788,
      "rev_growth_yoy_accel": -0.0013338767854733091,
      "fcf_margin_change": -0.13558617861648584
    },
    {
      "date": "2024-03-31T00:00:00",
      "quarter_label": "2024-03 (Q1)",
      "revenue": 41564000,
      "gross_profit": 17201000,
      "operating_income": -6597000,
      "net_income": -13998000,
      "opex": 23798000,
      "cogs": 24363000,
      "rd": null,
      "sga": 17518000,
      "fcf": 629000,
      "ocf": 1507000,
      "capex": -878000,
      "gross_margin": 0.4138437109036666,
      "op_margin": -0.15871908382253874,
      "fcf_margin": 0.015133288422673467,
      "incr_op_margin_yoy": 0.5674495946788609,
      "rev_growth_yoy": 0.1309008788398226,
      "rev_growth_yoy_accel": 0.04285424712919472,
      "op_leverage_ratio": Infinity,
      "fcf_margin_change": 0.06699365682698864
    },
    {
      "date": "2024-06-30T00:00:00",
      "quarter_label": "2024-06 (Q2)",
      "revenue": 42999000,
      "gross_profit": 20690000,
      "operating_income": -225000,
      "net_income": -9789000,
      "opex": 20915000,
      "cogs": 22309000,
      "rd": null,
      "sga": 14905000,
      "fcf": 3592000,
      "ocf": 4384000,
      "capex": -792000,
      "gross_margin": 0.4811739807902509,
      "op_margin": -0.005232679829763483,
      "fcf_margin": 0.08353682643782413,
      "incr_op_margin_yoy": 2.3132586367880488,
      "rev_growth_yoy": 0.11065478496706703,
      "rev_growth_yoy_accel": -0.02024609387275557,
      "op_leverage_ratio": Infinity,
      "fcf_margin_change": 0.06840353801515067
    },
    {
      "date": "2024-09-30T00:00:00",
      "quarter_label": "2024-09 (Q3)",
      "revenue": 40286000,
      "gross_profit": 18084000,
      "operating_income": -1256000,
      "net_income": -11642000,
      "opex": 19340000,
      "cogs": 22202000,
      "rd": null,
      "sga": 15648000,
      "fcf": 3701000,
      "ocf": 4797000,
      "capex": -1096000,
      "gross_margin": 0.44889043340118157,
      "op_margin": -0.031177083850469144,
      "fcf_margin": 0.09186814277912922,
      "incr_op_margin_yoy": -2.4189708141321042,
      "rev_growth_yoy": -0.06071345301935183,
      "rev_growth_yoy_accel": -0.17136823798641887,
      "fcf_margin_change": 0.008331316341305087
    },
    {
      "date": "2024-12-31T00:00:00",
      "quarter_label": "2024-12 (Q4)",
      "revenue": 42718000,
      "gross_profit": 19139000,
      "operating_income": -2069000,
      "net_income": 27793000,
      "opex": 21208000,
      "cogs": 23579000,
      "rd": null,
      "sga": 15745000,
      "fcf": -897000,
      "ocf": 1856000,
      "capex": -2753000,
      "gross_margin": 0.4480312748724191,
      "op_margin": -0.048433915445479654,
      "fcf_margin": -0.020998174071819843,
      "incr_op_margin_yoy": 6.320826536160957,
      "rev_growth_yoy": 0.04498642334695076,
      "rev_growth_yoy_accel": 0.1056998763663026,
      "op_leverage_ratio": 0.6250129560792369,
      "fcf_margin_change": -0.11286631685094906
    },
    {
      "date": "2025-03-31T00:00:00",
      "quarter_label": "2025-03 (Q1)",
      "revenue": 38121000,
      "gross_profit": 18878000,
      "operating_income": -2010000,
      "net_income": 5150000,
      "opex": 20888000,
      "cogs": 19243000,
      "rd": null,
      "sga": 16818000,
      "fcf": -1655000,
      "ocf": 3121000,
      "capex": -4776000,
      "gross_margin": 0.4952126124708166,
      "op_margin": -0.05272684347210199,
      "fcf_margin": -0.043414391018074025,
      "incr_op_margin_yoy": -1.3322683706070289,
      "rev_growth_yoy": -0.08283610817053219,
      "rev_growth_yoy_accel": -0.12782253151748296,
      "fcf_margin_change": -0.022416216946254182
    },
    {
      "date": "2025-06-30T00:00:00",
      "quarter_label": "2025-06 (Q2)",
      "revenue": 35185000,
      "gross_profit": 16152000,
      "operating_income": -5370000,
      "net_income": -18718000,
      "opex": 21522000,
      "cogs": 19033000,
      "rd": null,
      "sga": 15812000,
      "fcf": -453000,
      "ocf": 3159000,
      "capex": -3612000,
      "gross_margin": 0.45905925820662213,
      "op_margin": -0.15262185590450475,
      "fcf_margin": -0.01287480460423476,
      "incr_op_margin_yoy": 0.6584335807524955,
      "rev_growth_yoy": -0.181725156398986,
      "rev_growth_yoy_accel": -0.09888904822845382,
      "fcf_margin_change": 0.030539586413839265
    },
    {
      "date": "2025-09-30T00:00:00",
      "quarter_label": "2025-09 (Q3)",
      "revenue": 35389000,
      "gross_profit": 15582000,
      "operating_income": -4245000,
      "net_income": -12545000,
      "opex": 19827000,
      "cogs": 19807000,
      "rd": null,
      "sga": 15031000,
      "fcf": -13470000,
      "ocf": -5099000,
      "capex": -8371000,
      "gross_margin": 0.4403063098702987,
      "op_margin": -0.11995252762157732,
      "fcf_margin": -0.3806267484246517,
      "incr_op_margin_yoy": 0.6103736981825607,
      "rev_growth_yoy": -0.12155587549024476,
      "rev_growth_yoy_accel": 0.060169280908741254,
      "fcf_margin_change": -0.367751943820417
    }
  ],
  "signals": [
    {
      "quarter": "2025-09 (Q3)",
      "signal": "YoY REVENUE GROWTH ACCELERATION",
      "detail": "YoY growth: -12.2% vs prior quarter YoY: -18.2% (accel: +6.0%)",
      "severity": "MEDIUM"
    },
    {
      "quarter": "2025-06 (Q2)",
      "signal": "YoY REVENUE GROWTH DECELERATION",
      "detail": "YoY growth: -18.2% vs prior quarter YoY: -8.3% (decel: -9.9%)",
      "severity": "WARNING"
    },
    {
      "quarter": "2025-03 (Q1)",
      "signal": "GROSS MARGIN INFLECTION",
      "detail": "GM: +44.9% -> +44.8% -> +49.5% (reversal +4.7%)",
      "severity": "MEDIUM"
    },
    {
      "quarter": "2025-03 (Q1)",
      "signal": "YoY REVENUE GROWTH DECELERATION",
      "detail": "YoY growth: -8.3% vs prior quarter YoY: +4.5% (decel: -12.8%)",
      "severity": "WARNING"
    },
    {
      "quarter": "2024-12 (Q4)",
      "signal": "YoY REVENUE GROWTH ACCELERATION",
      "detail": "YoY growth: +4.5% vs prior quarter YoY: -6.1% (accel: +10.6%)",
      "severity": "MEDIUM"
    },
    {
      "quarter": "2024-09 (Q3)",
      "signal": "YoY REVENUE GROWTH DECELERATION",
      "detail": "YoY growth: -6.1% vs prior quarter YoY: +11.1% (decel: -17.1%)",
      "severity": "WARNING"
    },
    {
      "quarter": "2024-06 (Q2)",
      "signal": "FCF MARGIN EXPANSION",
      "detail": "FCF margin: +1.5% -> +8.4% (+6.8%)",
      "severity": "MEDIUM"
    },
    {
      "quarter": "2024-03 (Q1)",
      "signal": "FCF TURNED POSITIVE",
      "detail": "FCF margin: -5.2% -> +1.5%",
      "severity": "HIGH"
    },
    {
      "quarter": "2024-03 (Q1)",
      "signal": "GROSS MARGIN INFLECTION",
      "detail": "GM: +40.6% -> +29.0% -> +41.4% (reversal +12.4%)",
      "severity": "HIGH"
    },
    {
      "quarter": "2023-09 (Q3)",
      "signal": "FCF MARGIN EXPANSION",
      "detail": "FCF margin: +1.3% -> +8.4% (+7.0%)",
      "severity": "MEDIUM"
    },
    {
      "quarter": "2023-09 (Q3)",
      "signal": "YoY REVENUE GROWTH ACCELERATION",
      "detail": "YoY growth: +8.9% vs prior quarter YoY: -11.0% (accel: +19.9%)",
      "severity": "HIGH"
    },
    {
      "quarter": "2023-06 (Q2)",
      "signal": "FCF TURNED POSITIVE",
      "detail": "FCF margin: -4.9% -> +1.3%",
      "severity": "HIGH"
    },
    {
      "quarter": "2023-06 (Q2)",
      "signal": "GROSS MARGIN INFLECTION",
      "detail": "GM: +42.8% -> +42.2% -> +47.5% (reversal +5.3%)",
      "severity": "HIGH"
    },
    {
      "quarter": "2023-03 (Q1)",
      "signal": "FCF MARGIN EXPANSION",
      "detail": "FCF margin: -17.4% -> -4.9% (+12.5%)",
      "severity": "MEDIUM"
    },
    {
      "quarter": "2023-03 (Q1)",
      "signal": "YoY REVENUE GROWTH ACCELERATION",
      "detail": "YoY growth: -14.1% vs prior quarter YoY: -21.3% (accel: +7.2%)",
      "severity": "MEDIUM"
    },
    {
      "quarter": "2022-12 (Q4)",
      "signal": "FCF MARGIN EXPANSION",
      "detail": "FCF margin: -24.2% -> -17.4% (+6.8%)",
      "severity": "MEDIUM"
    },
    {
      "quarter": "2022-03 (Q1)",
      "signal": "FCF TURNED POSITIVE",
      "detail": "FCF margin: -13.8% -> +0.4%",
      "severity": "HIGH"
    },
    {
      "quarter": "2022-03 (Q1)",
      "signal": "YoY REVENUE GROWTH DECELERATION",
      "detail": "YoY growth: -17.4% vs prior quarter YoY: +3.8% (decel: -21.2%)",
      "severity": "WARNING"
    },
    {
      "quarter": "2021-06 (Q2)",
      "signal": "OP MARGIN TURNED POSITIVE (QoQ)",
      "detail": "Op margin: -3.1% -> +1.7%",
      "severity": "HIGH"
    },
    {
      "quarter": "2021-03 (Q1)",
      "signal": "FCF TURNED POSITIVE",
      "detail": "FCF margin: -7.0% -> +1.4%",
      "severity": "HIGH"
    }
  ],
  "data_quality": {
    "n_quarters": 20,
    "coverage": {
      "revenue": [
        20,
        20
      ],
      "gross_profit": [
        20,
        20
      ],
      "op_income": [
        20,
        20
      ],
      "fcf": [
        20,
        20
      ]
    },
    "gaps": [],
    "warnings": []
  },
  "market_cap": null,
  "source": "SEC EDGAR",
  "last_updated": "2026-02-02T23:51:12.365281",
  "sector": "Healthcare",
  "industry": "Drug Manufacturers - Specialty & Generic"
}