{
  "ticker": "ITP",
  "name": "IT TECH PACKAGING, INC.",
  "quarters": [
    {
      "date": "2020-12-31T00:00:00",
      "quarter_label": "2020-12 (Q4)",
      "revenue": 32479694,
      "gross_profit": 745323,
      "operating_income": -1967110,
      "net_income": -1616710,
      "opex": 2712433,
      "cogs": null,
      "rd": null,
      "sga": 2712433,
      "fcf": -4187910,
      "ocf": 13774039,
      "capex": -17961949,
      "gross_margin": 0.022947352890701496,
      "op_margin": -0.06056430211442263,
      "fcf_margin": -0.12893933052448092
    },
    {
      "date": "2021-03-31T00:00:00",
      "quarter_label": "2021-03 (Q1)",
      "revenue": 24209427,
      "gross_profit": 1831005,
      "operating_income": -724313,
      "net_income": -4338856,
      "opex": 2555318,
      "cogs": null,
      "rd": null,
      "sga": 2555318,
      "fcf": -8324931,
      "ocf": -8280332,
      "capex": -44599,
      "gross_margin": 0.0756319015728873,
      "op_margin": -0.029918634588088352,
      "fcf_margin": -0.3438714596590824,
      "fcf_margin_change": -0.21493212913460147
    },
    {
      "date": "2021-06-30T00:00:00",
      "quarter_label": "2021-06 (Q2)",
      "revenue": 46534915,
      "gross_profit": 3029019,
      "operating_income": 431408,
      "net_income": -453248,
      "opex": 2597611,
      "cogs": null,
      "rd": null,
      "sga": 2597611,
      "fcf": -7416973,
      "ocf": -7290031,
      "capex": -126942,
      "gross_margin": 0.06509131906655465,
      "op_margin": 0.009270630450275884,
      "fcf_margin": -0.15938511975363015,
      "op_leverage_ratio": 55.71766553461395,
      "fcf_margin_change": 0.18448633990545224
    },
    {
      "date": "2021-09-30T00:00:00",
      "quarter_label": "2021-09 (Q3)",
      "revenue": 45087671,
      "gross_profit": 1821536,
      "operating_income": -198029,
      "net_income": 1542576,
      "opex": 2019565,
      "cogs": null,
      "rd": null,
      "sga": 2019565,
      "fcf": -3481787,
      "ocf": 9127786,
      "capex": -12609573,
      "gross_margin": 0.040399868957524995,
      "op_margin": -0.004392087584208996,
      "fcf_margin": -0.07722259595089753,
      "fcf_margin_change": 0.08216252380273262
    },
    {
      "date": "2021-12-31T00:00:00",
      "quarter_label": "2021-12 (Q4)",
      "revenue": 45049707,
      "gross_profit": 4335998,
      "operating_income": 1950303,
      "net_income": 4155063,
      "opex": 2385695,
      "cogs": null,
      "rd": null,
      "sga": 2385695,
      "fcf": -8283752,
      "ocf": 4006506,
      "capex": -12290258,
      "gross_margin": 0.0962491942511413,
      "op_margin": 0.04329224605167798,
      "fcf_margin": -0.1838802636385626,
      "incr_op_margin_yoy": 0.31164748994293007,
      "rev_growth_yoy": 0.38701143551414,
      "fcf_margin_change": -0.10665766768766508
    },
    {
      "date": "2022-03-31T00:00:00",
      "quarter_label": "2022-03 (Q1)",
      "revenue": 15481618,
      "gross_profit": 310445,
      "operating_income": -2956433,
      "net_income": -2488214,
      "opex": 3266878,
      "cogs": null,
      "rd": null,
      "sga": 3300881,
      "fcf": 4042914,
      "ocf": 4411418,
      "capex": -368504,
      "gross_margin": 0.020052490637606484,
      "op_margin": -0.1909640839865704,
      "fcf_margin": 0.26114285987420693,
      "incr_op_margin_yoy": 0.25574803481606895,
      "rev_growth_yoy": -0.36051282832922893,
      "rev_growth_yoy_accel": -0.747524263843369,
      "fcf_margin_change": 0.4450231235127695
    },
    {
      "date": "2022-06-30T00:00:00",
      "quarter_label": "2022-06 (Q2)",
      "revenue": 31788884,
      "gross_profit": 634037,
      "operating_income": -1237605,
      "net_income": -287913,
      "opex": 1871642,
      "cogs": null,
      "rd": null,
      "sga": 1869802,
      "fcf": -774772,
      "ocf": -461636,
      "capex": -313136,
      "gross_margin": 0.019945242494200172,
      "op_margin": -0.03893200528838949,
      "fcf_margin": -0.024372418987719104,
      "incr_op_margin_yoy": 0.11318387978432977,
      "rev_growth_yoy": -0.3168810128910733,
      "rev_growth_yoy_accel": 0.04363181543815564,
      "op_leverage_ratio": Infinity,
      "fcf_margin_change": -0.285515278861926
    },
    {
      "date": "2022-09-30T00:00:00",
      "quarter_label": "2022-09 (Q3)",
      "revenue": 31709214,
      "gross_profit": 2783588,
      "operating_income": -588712,
      "net_income": -1887318,
      "opex": 3372300,
      "cogs": null,
      "rd": null,
      "sga": 3370541,
      "fcf": 2481146,
      "ocf": 3481485,
      "capex": -1000339,
      "gross_margin": 0.08778483124810348,
      "op_margin": -0.01856596003924916,
      "fcf_margin": 0.07824684648443193,
      "incr_op_margin_yoy": 0.02920239606107042,
      "rev_growth_yoy": -0.29672095948358035,
      "rev_growth_yoy_accel": 0.02016005340749294,
      "fcf_margin_change": 0.10261926547215104
    },
    {
      "date": "2022-12-31T00:00:00",
      "quarter_label": "2022-12 (Q4)",
      "revenue": 21372718,
      "gross_profit": 1026126,
      "operating_income": -521777,
      "net_income": -11907863,
      "opex": 1547903,
      "cogs": null,
      "rd": null,
      "sga": 1517499,
      "fcf": 436008,
      "ocf": 3288121,
      "capex": -2852113,
      "gross_margin": 0.04801102040461115,
      "op_margin": -0.024413226244785525,
      "fcf_margin": 0.020400213019233213,
      "incr_op_margin_yoy": 0.10440854620492496,
      "rev_growth_yoy": -0.5255747612298566,
      "rev_growth_yoy_accel": -0.22885380174627623,
      "fcf_margin_change": -0.05784663346519872
    },
    {
      "date": "2023-03-31T00:00:00",
      "quarter_label": "2023-03 (Q1)",
      "revenue": 19790877,
      "gross_profit": -276999,
      "operating_income": -2772361,
      "net_income": -2733165,
      "opex": 2495362,
      "cogs": 20067876,
      "rd": null,
      "sga": 2495362,
      "fcf": 4514910,
      "ocf": 4809928,
      "capex": -295018,
      "gross_margin": -0.013996297384901135,
      "op_margin": -0.1400827765237488,
      "fcf_margin": 0.22813087060265191,
      "incr_op_margin_yoy": 0.042715464538102724,
      "rev_growth_yoy": 0.278346811037451,
      "rev_growth_yoy_accel": 0.8039215722673076,
      "fcf_margin_change": 0.2077306575834187
    },
    {
      "date": "2023-06-30T00:00:00",
      "quarter_label": "2023-06 (Q2)",
      "revenue": 30019914,
      "gross_profit": 1179858,
      "operating_income": -518683,
      "net_income": -1253493,
      "opex": 1698541,
      "cogs": 28840056,
      "rd": null,
      "sga": 1323405,
      "fcf": -4333904,
      "ocf": 936791,
      "capex": -5270695,
      "gross_margin": 0.03930251099320271,
      "op_margin": -0.017277964220683645,
      "fcf_margin": -0.14436763543026807,
      "incr_op_margin_yoy": -0.4064071182665619,
      "rev_growth_yoy": -0.05564743952634512,
      "rev_growth_yoy_accel": -0.3339942505637961,
      "op_leverage_ratio": Infinity,
      "fcf_margin_change": -0.37249850603292
    },
    {
      "date": "2023-09-30T00:00:00",
      "quarter_label": "2023-09 (Q3)",
      "revenue": 15771560,
      "gross_profit": -153223,
      "operating_income": -2484513,
      "net_income": -1975368,
      "opex": 2331290,
      "cogs": 15924783,
      "rd": null,
      "sga": 2334746,
      "fcf": -1898603,
      "ocf": 1747395,
      "capex": -3645998,
      "gross_margin": -0.009715145489729614,
      "op_margin": -0.15753121441379292,
      "fcf_margin": -0.1203814334155911,
      "incr_op_margin_yoy": 0.11895107021397253,
      "rev_growth_yoy": -0.502619017929615,
      "rev_growth_yoy_accel": -0.44697157840326995,
      "fcf_margin_change": 0.023986202014676966
    },
    {
      "date": "2023-12-31T00:00:00",
      "quarter_label": "2023-12 (Q4)",
      "revenue": 20964599,
      "gross_profit": 250249,
      "operating_income": -3800331,
      "net_income": -3984009,
      "opex": 4050580,
      "cogs": 20714350,
      "rd": null,
      "sga": 2921962,
      "fcf": -7704187,
      "ocf": 5376972,
      "capex": -13081159,
      "gross_margin": 0.01193674155179405,
      "op_margin": -0.18127372720079216,
      "fcf_margin": -0.367485540744185,
      "rev_growth_yoy": -0.01909532517108961,
      "rev_growth_yoy_accel": 0.48352369275852547,
      "op_leverage_ratio": 0.4464718638213151,
      "fcf_margin_change": -0.2471041073285939
    },
    {
      "date": "2024-03-31T00:00:00",
      "quarter_label": "2024-03 (Q1)",
      "revenue": 6863841,
      "gross_profit": 399113,
      "operating_income": -3501670,
      "net_income": -3746536,
      "opex": 3900783,
      "cogs": 6464728,
      "rd": null,
      "sga": 3900783,
      "fcf": 615393,
      "ocf": 624420,
      "capex": -9027,
      "gross_margin": 0.05814718027413514,
      "op_margin": -0.5101618758359933,
      "fcf_margin": 0.08965723419292493,
      "incr_op_margin_yoy": 0.05641734114455935,
      "rev_growth_yoy": -0.6531815644147554,
      "rev_growth_yoy_accel": -0.6340862392436658,
      "fcf_margin_change": 0.4571427749371099
    },
    {
      "date": "2024-06-30T00:00:00",
      "quarter_label": "2024-06 (Q2)",
      "revenue": 26249788,
      "gross_profit": 3265300,
      "operating_income": 547752,
      "net_income": -77747,
      "opex": 2717548,
      "cogs": 22984488,
      "rd": null,
      "sga": 2717548,
      "fcf": 668304,
      "ocf": 721917,
      "capex": -53613,
      "gross_margin": 0.12439338557705686,
      "op_margin": 0.02086691138229383,
      "fcf_margin": 0.02545940561500916,
      "incr_op_margin_yoy": -0.2828645514765289,
      "rev_growth_yoy": -0.12558750168304947,
      "rev_growth_yoy_accel": 0.527594062731706,
      "op_leverage_ratio": Infinity,
      "fcf_margin_change": -0.06419782857791577
    },
    {
      "date": "2024-09-30T00:00:00",
      "quarter_label": "2024-09 (Q3)",
      "revenue": 25081500,
      "gross_profit": 1917381,
      "operating_income": -1464121,
      "net_income": -1973946,
      "opex": 3381502,
      "cogs": 23164119,
      "rd": null,
      "sga": 3381502,
      "fcf": 1232262,
      "ocf": 1484774,
      "capex": -252512,
      "gross_margin": 0.07644602595538544,
      "op_margin": -0.05837453900285071,
      "fcf_margin": 0.04913031517253753,
      "incr_op_margin_yoy": 0.1096024249350694,
      "rev_growth_yoy": 0.5902992475062708,
      "rev_growth_yoy_accel": 0.7158867491893203,
      "fcf_margin_change": 0.023670909557528368
    },
    {
      "date": "2024-12-31T00:00:00",
      "quarter_label": "2024-12 (Q4)",
      "revenue": 17642814,
      "gross_profit": 1109946,
      "operating_income": -3792680,
      "net_income": -4044865,
      "opex": 4902626,
      "cogs": 16532868,
      "rd": null,
      "sga": 4800136,
      "fcf": 3453899,
      "ocf": 3468358,
      "capex": -14459,
      "gross_margin": 0.06291207287000815,
      "op_margin": -0.21497024227541026,
      "fcf_margin": 0.19576803337608162,
      "incr_op_margin_yoy": -0.0023032797125641788,
      "rev_growth_yoy": -0.15844734258928586,
      "rev_growth_yoy_accel": -0.7487465900955567,
      "fcf_margin_change": 0.1466377182035441
    },
    {
      "date": "2025-03-31T00:00:00",
      "quarter_label": "2025-03 (Q1)",
      "revenue": 10897266,
      "gross_profit": 84086,
      "operating_income": -3377235,
      "net_income": -3503785,
      "opex": 3461321,
      "cogs": 10813180,
      "rd": null,
      "sga": 3461321,
      "fcf": -2483342,
      "ocf": -2474978,
      "capex": -8364,
      "gross_margin": 0.0077162473596588356,
      "op_margin": -0.3099158082403421,
      "fcf_margin": -0.22788670112301562,
      "incr_op_margin_yoy": 0.030850951734568016,
      "rev_growth_yoy": 0.5876338044543864,
      "rev_growth_yoy_accel": 0.7460811470436722,
      "fcf_margin_change": -0.42365473449909724
    },
    {
      "date": "2025-06-30T00:00:00",
      "quarter_label": "2025-06 (Q2)",
      "revenue": 24794641,
      "gross_profit": 1273745,
      "operating_income": -1763030,
      "net_income": -1951826,
      "opex": 3036775,
      "cogs": 23520896,
      "rd": null,
      "sga": 3036775,
      "fcf": 1342133,
      "ocf": 1363665,
      "capex": -21532,
      "gross_margin": 0.05137178634689649,
      "op_margin": -0.07110528440399681,
      "fcf_margin": 0.05412996300289244,
      "incr_op_margin_yoy": 1.588005885316054,
      "rev_growth_yoy": -0.05543461912911449,
      "rev_growth_yoy_accel": -0.6430684235835009,
      "op_leverage_ratio": Infinity,
      "fcf_margin_change": 0.2820166641259081
    },
    {
      "date": "2025-09-30T00:00:00",
      "quarter_label": "2025-09 (Q3)",
      "revenue": 25601344,
      "gross_profit": 2021846,
      "operating_income": -992632,
      "net_income": -1448247,
      "opex": 3014478,
      "cogs": 23579498,
      "rd": null,
      "sga": 3018187,
      "fcf": 1499682,
      "ocf": 1499763,
      "capex": -81,
      "gross_margin": 0.07897421322880549,
      "op_margin": -0.038772651935773374,
      "fcf_margin": 0.058578252766729746,
      "rev_growth_yoy": 0.020726192612084603,
      "rev_growth_yoy_accel": 0.0761608117411991,
      "op_leverage_ratio": Infinity,
      "fcf_margin_change": 0.004448289763837307
    }
  ],
  "signals": [
    {
      "quarter": "2025-09 (Q3)",
      "signal": "YoY REVENUE GROWTH ACCELERATION",
      "detail": "YoY growth: +2.1% vs prior quarter YoY: -5.5% (accel: +7.6%)",
      "severity": "MEDIUM"
    },
    {
      "quarter": "2025-06 (Q2)",
      "signal": "FCF TURNED POSITIVE",
      "detail": "FCF margin: -22.8% -> +5.4%",
      "severity": "HIGH"
    },
    {
      "quarter": "2025-06 (Q2)",
      "signal": "GROSS MARGIN INFLECTION",
      "detail": "GM: +6.3% -> +0.8% -> +5.1% (reversal +4.4%)",
      "severity": "MEDIUM"
    },
    {
      "quarter": "2025-06 (Q2)",
      "signal": "YoY REVENUE GROWTH DECELERATION",
      "detail": "YoY growth: -5.5% vs prior quarter YoY: +58.8% (decel: -64.3%)",
      "severity": "WARNING"
    },
    {
      "quarter": "2025-03 (Q1)",
      "signal": "YoY REVENUE GROWTH ACCELERATION",
      "detail": "YoY growth: +58.8% vs prior quarter YoY: -15.8% (accel: +74.6%)",
      "severity": "HIGH"
    },
    {
      "quarter": "2024-12 (Q4)",
      "signal": "FCF MARGIN EXPANSION",
      "detail": "FCF margin: +4.9% -> +19.6% (+14.7%)",
      "severity": "MEDIUM"
    },
    {
      "quarter": "2024-12 (Q4)",
      "signal": "YoY REVENUE GROWTH DECELERATION",
      "detail": "YoY growth: -15.8% vs prior quarter YoY: +59.0% (decel: -74.9%)",
      "severity": "WARNING"
    },
    {
      "quarter": "2024-09 (Q3)",
      "signal": "YoY REVENUE GROWTH ACCELERATION",
      "detail": "YoY growth: +59.0% vs prior quarter YoY: -12.6% (accel: +71.6%)",
      "severity": "HIGH"
    },
    {
      "quarter": "2024-06 (Q2)",
      "signal": "YoY REVENUE GROWTH ACCELERATION",
      "detail": "YoY growth: -12.6% vs prior quarter YoY: -65.3% (accel: +52.8%)",
      "severity": "HIGH"
    },
    {
      "quarter": "2024-06 (Q2)",
      "signal": "OP MARGIN TURNED POSITIVE (YoY)",
      "detail": "Op margin: -1.7% (year-ago) -> +2.1%",
      "severity": "HIGH"
    },
    {
      "quarter": "2024-06 (Q2)",
      "signal": "OP MARGIN TURNED POSITIVE (QoQ)",
      "detail": "Op margin: -51.0% -> +2.1%",
      "severity": "HIGH"
    },
    {
      "quarter": "2024-03 (Q1)",
      "signal": "FCF TURNED POSITIVE",
      "detail": "FCF margin: -36.7% -> +9.0%",
      "severity": "HIGH"
    },
    {
      "quarter": "2024-03 (Q1)",
      "signal": "YoY REVENUE GROWTH DECELERATION",
      "detail": "YoY growth: -65.3% vs prior quarter YoY: -1.9% (decel: -63.4%)",
      "severity": "WARNING"
    },
    {
      "quarter": "2023-12 (Q4)",
      "signal": "GROSS MARGIN INFLECTION",
      "detail": "GM: +3.9% -> -1.0% -> +1.2% (reversal +2.2%)",
      "severity": "MEDIUM"
    },
    {
      "quarter": "2023-12 (Q4)",
      "signal": "YoY REVENUE GROWTH ACCELERATION",
      "detail": "YoY growth: -1.9% vs prior quarter YoY: -50.3% (accel: +48.4%)",
      "severity": "HIGH"
    },
    {
      "quarter": "2023-09 (Q3)",
      "signal": "YoY REVENUE GROWTH DECELERATION",
      "detail": "YoY growth: -50.3% vs prior quarter YoY: -5.6% (decel: -44.7%)",
      "severity": "WARNING"
    },
    {
      "quarter": "2023-06 (Q2)",
      "signal": "GROSS MARGIN INFLECTION",
      "detail": "GM: +4.8% -> -1.4% -> +3.9% (reversal +5.3%)",
      "severity": "HIGH"
    },
    {
      "quarter": "2023-06 (Q2)",
      "signal": "YoY REVENUE GROWTH DECELERATION",
      "detail": "YoY growth: -5.6% vs prior quarter YoY: +27.8% (decel: -33.4%)",
      "severity": "WARNING"
    },
    {
      "quarter": "2023-03 (Q1)",
      "signal": "FCF MARGIN EXPANSION",
      "detail": "FCF margin: +2.0% -> +22.8% (+20.8%)",
      "severity": "MEDIUM"
    },
    {
      "quarter": "2023-03 (Q1)",
      "signal": "YoY REVENUE GROWTH ACCELERATION",
      "detail": "YoY growth: +27.8% vs prior quarter YoY: -52.6% (accel: +80.4%)",
      "severity": "HIGH"
    },
    {
      "quarter": "2022-12 (Q4)",
      "signal": "YoY REVENUE GROWTH DECELERATION",
      "detail": "YoY growth: -52.6% vs prior quarter YoY: -29.7% (decel: -22.9%)",
      "severity": "WARNING"
    },
    {
      "quarter": "2022-09 (Q3)",
      "signal": "FCF TURNED POSITIVE",
      "detail": "FCF margin: -2.4% -> +7.8%",
      "severity": "HIGH"
    },
    {
      "quarter": "2022-09 (Q3)",
      "signal": "GROSS MARGIN INFLECTION",
      "detail": "GM: +2.0% -> +2.0% -> +8.8% (reversal +6.8%)",
      "severity": "HIGH"
    },
    {
      "quarter": "2022-03 (Q1)",
      "signal": "FCF TURNED POSITIVE",
      "detail": "FCF margin: -18.4% -> +26.1%",
      "severity": "HIGH"
    },
    {
      "quarter": "2022-03 (Q1)",
      "signal": "YoY REVENUE GROWTH DECELERATION",
      "detail": "YoY growth: -36.1% vs prior quarter YoY: +38.7% (decel: -74.8%)",
      "severity": "WARNING"
    },
    {
      "quarter": "2021-12 (Q4)",
      "signal": "GROSS MARGIN INFLECTION",
      "detail": "GM: +6.5% -> +4.0% -> +9.6% (reversal +5.6%)",
      "severity": "HIGH"
    },
    {
      "quarter": "2021-12 (Q4)",
      "signal": "OP MARGIN TURNED POSITIVE (YoY)",
      "detail": "Op margin: -6.1% (year-ago) -> +4.3%",
      "severity": "HIGH"
    },
    {
      "quarter": "2021-12 (Q4)",
      "signal": "OP MARGIN TURNED POSITIVE (QoQ)",
      "detail": "Op margin: -0.4% -> +4.3%",
      "severity": "HIGH"
    },
    {
      "quarter": "2021-09 (Q3)",
      "signal": "FCF MARGIN EXPANSION",
      "detail": "FCF margin: -15.9% -> -7.7% (+8.2%)",
      "severity": "MEDIUM"
    },
    {
      "quarter": "2021-06 (Q2)",
      "signal": "FCF MARGIN EXPANSION",
      "detail": "FCF margin: -34.4% -> -15.9% (+18.4%)",
      "severity": "MEDIUM"
    },
    {
      "quarter": "2021-06 (Q2)",
      "signal": "OPERATING LEVERAGE",
      "detail": "Rev growth +92.2% vs OpEx growth +1.7% (leverage: 55.7x)",
      "severity": "MEDIUM"
    },
    {
      "quarter": "2021-06 (Q2)",
      "signal": "OP MARGIN TURNED POSITIVE (QoQ)",
      "detail": "Op margin: -3.0% -> +0.9%",
      "severity": "HIGH"
    }
  ],
  "data_quality": {
    "n_quarters": 20,
    "coverage": {
      "revenue": [
        20,
        20
      ],
      "gross_profit": [
        20,
        20
      ],
      "op_income": [
        20,
        20
      ],
      "fcf": [
        20,
        20
      ]
    },
    "gaps": [],
    "warnings": []
  },
  "market_cap": null,
  "source": "SEC EDGAR",
  "last_updated": "2026-02-03T00:25:19.903215",
  "sector": "Basic Materials",
  "industry": "Paper & Paper Products"
}