{
  "ticker": "ITRI",
  "name": "Itron, Inc.",
  "quarters": [
    {
      "date": "2020-12-31T00:00:00",
      "quarter_label": "2020-12 (Q4)",
      "revenue": 525157000,
      "gross_profit": 148833000,
      "operating_income": 32602000,
      "net_income": 21520000,
      "opex": 116231000,
      "cogs": 376324000,
      "rd": 45102000,
      "sga": 61902000,
      "fcf": 29032000,
      "ocf": 38943000,
      "capex": -9911000,
      "gross_margin": 0.28340667647960516,
      "op_margin": 0.0620804825985372,
      "fcf_margin": 0.05528251551440807
    },
    {
      "date": "2021-03-31T00:00:00",
      "quarter_label": "2021-03 (Q1)",
      "revenue": 519574000,
      "gross_profit": 167044000,
      "operating_income": 30940000,
      "net_income": 12603000,
      "opex": 136104000,
      "cogs": 352530000,
      "rd": 51727000,
      "sga": 75992000,
      "fcf": 38543000,
      "ocf": 49955000,
      "capex": -11412000,
      "gross_margin": 0.32150184574285856,
      "op_margin": 0.05954878419628388,
      "fcf_margin": 0.07418192596242307,
      "fcf_margin_change": 0.018899410448015
    },
    {
      "date": "2021-06-30T00:00:00",
      "quarter_label": "2021-06 (Q2)",
      "revenue": 489412000,
      "gross_profit": 149875000,
      "operating_income": -6932000,
      "net_income": -33123000,
      "opex": 156807000,
      "cogs": 339537000,
      "rd": 48763000,
      "sga": 74144000,
      "fcf": 63661000,
      "ocf": 72725000,
      "capex": -9064000,
      "gross_margin": 0.3062348287332554,
      "op_margin": -0.014163935498107934,
      "fcf_margin": 0.13007649996322118,
      "fcf_margin_change": 0.055894574000798114
    },
    {
      "date": "2021-09-30T00:00:00",
      "quarter_label": "2021-09 (Q3)",
      "revenue": 486949000,
      "gross_profit": 134963000,
      "operating_income": 4163000,
      "net_income": -1869000,
      "opex": 130800000,
      "cogs": 351986000,
      "rd": 46889000,
      "sga": 71838000,
      "fcf": 11162000,
      "ocf": 18467000,
      "capex": -7305000,
      "gross_margin": 0.2771604418532536,
      "op_margin": 0.008549149910976304,
      "fcf_margin": 0.022922318353667426,
      "fcf_margin_change": -0.10715418160955376
    },
    {
      "date": "2021-12-31T00:00:00",
      "quarter_label": "2021-12 (Q4)",
      "revenue": 485637000,
      "gross_profit": 121287000,
      "operating_income": -107470000,
      "net_income": -58866000,
      "opex": 228757000,
      "cogs": 364350000,
      "rd": 49856000,
      "sga": 78546000,
      "fcf": 6746000,
      "ocf": 13647000,
      "capex": -6901000,
      "gross_margin": 0.2497482687686482,
      "op_margin": -0.2212969769601575,
      "fcf_margin": 0.013891033838031287,
      "incr_op_margin_yoy": 3.544331983805668,
      "rev_growth_yoy": -0.07525368604055549,
      "fcf_margin_change": -0.009031284515636138
    },
    {
      "date": "2022-03-31T00:00:00",
      "quarter_label": "2022-03 (Q1)",
      "revenue": 475331000,
      "gross_profit": 135224000,
      "operating_income": 6819000,
      "net_income": 906000,
      "opex": 128405000,
      "cogs": 340107000,
      "rd": 49596000,
      "sga": 76401000,
      "fcf": 2222000,
      "ocf": 7591000,
      "capex": -5369000,
      "gross_margin": 0.2844838649278082,
      "op_margin": 0.014345792721282643,
      "fcf_margin": 0.004674637252777538,
      "incr_op_margin_yoy": 0.5451935899464322,
      "rev_growth_yoy": -0.08515245181629566,
      "rev_growth_yoy_accel": -0.00989876577574017,
      "fcf_margin_change": -0.00921639658525375
    },
    {
      "date": "2022-06-30T00:00:00",
      "quarter_label": "2022-06 (Q2)",
      "revenue": 431882000,
      "gross_profit": 126105000,
      "operating_income": -33527000,
      "net_income": -36967000,
      "opex": 159632000,
      "cogs": 305777000,
      "rd": 45055000,
      "sga": 72877000,
      "fcf": 9771000,
      "ocf": 15065000,
      "capex": -5294000,
      "gross_margin": 0.2919894786075826,
      "op_margin": -0.07763000078725207,
      "fcf_margin": 0.022624235323537446,
      "incr_op_margin_yoy": 0.4622805492786372,
      "rev_growth_yoy": -0.11754922233210464,
      "rev_growth_yoy_accel": -0.032396770515808984,
      "fcf_margin_change": 0.01794959807075991
    },
    {
      "date": "2022-09-30T00:00:00",
      "quarter_label": "2022-09 (Q3)",
      "revenue": 420860000,
      "gross_profit": 120062000,
      "operating_income": 6888000,
      "net_income": 4117000,
      "opex": 113174000,
      "cogs": 300798000,
      "rd": 43820000,
      "sga": 63446000,
      "fcf": 10651000,
      "ocf": 14874000,
      "capex": -4223000,
      "gross_margin": 0.2852777645772941,
      "op_margin": 0.016366487668108158,
      "fcf_margin": 0.02530770327424797,
      "incr_op_margin_yoy": -0.041232277686150495,
      "rev_growth_yoy": -0.13572057854107925,
      "rev_growth_yoy_accel": -0.0181713562089746,
      "fcf_margin_change": 0.0026834679507105226
    },
    {
      "date": "2022-12-31T00:00:00",
      "quarter_label": "2022-12 (Q4)",
      "revenue": 467491000,
      "gross_profit": 140798000,
      "operating_income": 12381000,
      "net_income": 22212000,
      "opex": 128417000,
      "cogs": 326693000,
      "rd": 46627000,
      "sga": 77729000,
      "fcf": -17891000,
      "ocf": -13030000,
      "capex": -4861000,
      "gross_margin": 0.30117799059233225,
      "op_margin": 0.026483932310996362,
      "fcf_margin": -0.03827025547015878,
      "incr_op_margin_yoy": -6.60481648848231,
      "rev_growth_yoy": -0.0373653572524334,
      "rev_growth_yoy_accel": 0.09835522128864585,
      "op_leverage_ratio": 0.8226465757103097,
      "fcf_margin_change": -0.06357795874440675
    },
    {
      "date": "2023-03-31T00:00:00",
      "quarter_label": "2023-03 (Q1)",
      "revenue": 494618000,
      "gross_profit": 156368000,
      "operating_income": -10393000,
      "net_income": -11836000,
      "opex": 166761000,
      "cogs": 338250000,
      "rd": 49565000,
      "sga": 75521000,
      "fcf": -5473000,
      "ocf": 1429000,
      "capex": -6902000,
      "gross_margin": 0.31613891932764276,
      "op_margin": -0.021012175052262553,
      "fcf_margin": -0.011065104787937357,
      "incr_op_margin_yoy": -0.8924145797687562,
      "rev_growth_yoy": 0.04057593550599477,
      "rev_growth_yoy_accel": 0.07794129275842818,
      "op_leverage_ratio": 0.1943361599988994,
      "fcf_margin_change": 0.027205150682221426
    },
    {
      "date": "2023-06-30T00:00:00",
      "quarter_label": "2023-06 (Q2)",
      "revenue": 541070000,
      "gross_profit": 173947000,
      "operating_income": 35100000,
      "net_income": 24201000,
      "opex": 138847000,
      "cogs": 367123000,
      "rd": 53560000,
      "sga": 79079000,
      "fcf": 35964000,
      "ocf": 41560000,
      "capex": -5596000,
      "gross_margin": 0.3214870534311642,
      "op_margin": 0.06487145840649085,
      "fcf_margin": 0.06646829430572754,
      "incr_op_margin_yoy": 0.6285214492435066,
      "rev_growth_yoy": 0.2528190570572518,
      "rev_growth_yoy_accel": 0.21224312155125702,
      "op_leverage_ratio": Infinity,
      "fcf_margin_change": 0.0775333990936649
    },
    {
      "date": "2023-09-30T00:00:00",
      "quarter_label": "2023-09 (Q3)",
      "revenue": 560772000,
      "gross_profit": 187203000,
      "operating_income": 54890000,
      "net_income": 40172000,
      "opex": 132313000,
      "cogs": 373569000,
      "rd": 51644000,
      "sga": 76576000,
      "fcf": 28281000,
      "ocf": 34087000,
      "capex": -5806000,
      "gross_margin": 0.33383086174060045,
      "op_margin": 0.09788291854800169,
      "fcf_margin": 0.05043226123986219,
      "incr_op_margin_yoy": 0.3430870833095088,
      "rev_growth_yoy": 0.33244309271491707,
      "rev_growth_yoy_accel": 0.07962403565766529,
      "op_leverage_ratio": Infinity,
      "fcf_margin_change": -0.016036033065865346
    },
    {
      "date": "2023-12-31T00:00:00",
      "quarter_label": "2023-12 (Q4)",
      "revenue": 577173000,
      "gross_profit": 196390000,
      "operating_income": 49270000,
      "net_income": 44386000,
      "opex": 147120000,
      "cogs": 380783000,
      "rd": 53919000,
      "sga": 81603000,
      "fcf": 39315000,
      "ocf": 47895000,
      "capex": -8580000,
      "gross_margin": 0.34026193186444964,
      "op_margin": 0.08536435349539913,
      "fcf_margin": 0.06811649193569345,
      "incr_op_margin_yoy": 0.33632683576156525,
      "rev_growth_yoy": 0.2346184204615704,
      "rev_growth_yoy_accel": -0.09782467225334668,
      "op_leverage_ratio": 0.2613481607551707,
      "fcf_margin_change": 0.017684230695831263
    },
    {
      "date": "2024-03-31T00:00:00",
      "quarter_label": "2024-03 (Q1)",
      "revenue": 603442000,
      "gross_profit": 205379000,
      "operating_income": 62800000,
      "net_income": 51721000,
      "opex": 142579000,
      "cogs": 398063000,
      "rd": 52401000,
      "sga": 85971000,
      "fcf": 34163000,
      "ocf": 41308000,
      "capex": -7145000,
      "gross_margin": 0.3403458824543204,
      "op_margin": 0.10406965375297046,
      "fcf_margin": 0.05661356020959761,
      "incr_op_margin_yoy": 0.6725814158641477,
      "rev_growth_yoy": 0.22001625496848073,
      "rev_growth_yoy_accel": -0.014602165493089653,
      "op_leverage_ratio": Infinity,
      "fcf_margin_change": -0.011502931726095844
    },
    {
      "date": "2024-06-30T00:00:00",
      "quarter_label": "2024-06 (Q2)",
      "revenue": 609069000,
      "gross_profit": 210460000,
      "operating_income": 64647000,
      "net_income": 51318000,
      "opex": 145813000,
      "cogs": 398609000,
      "rd": 53053000,
      "sga": 88413000,
      "fcf": 44607000,
      "ocf": 51717000,
      "capex": -7110000,
      "gross_margin": 0.34554377254465424,
      "op_margin": 0.10614068356787162,
      "fcf_margin": 0.07323800751638977,
      "incr_op_margin_yoy": 0.4345210958984691,
      "rev_growth_yoy": 0.1256750512872641,
      "rev_growth_yoy_accel": -0.09434120368121662,
      "fcf_margin_change": 0.01662444730679216
    },
    {
      "date": "2024-09-30T00:00:00",
      "quarter_label": "2024-09 (Q3)",
      "revenue": 615462000,
      "gross_profit": 209598000,
      "operating_income": 73933000,
      "net_income": 77959000,
      "opex": 135665000,
      "cogs": 405864000,
      "rd": 51237000,
      "sga": 79639000,
      "fcf": 58678000,
      "ocf": 65301000,
      "capex": -6623000,
      "gross_margin": 0.340553925343888,
      "op_margin": 0.1201260191530915,
      "fcf_margin": 0.0953397610250511,
      "incr_op_margin_yoy": 0.3481989394770525,
      "rev_growth_yoy": 0.09752626735999657,
      "rev_growth_yoy_accel": -0.028148783927267537,
      "op_leverage_ratio": Infinity,
      "fcf_margin_change": 0.022101753508661323
    },
    {
      "date": "2024-12-31T00:00:00",
      "quarter_label": "2024-12 (Q4)",
      "revenue": 612864000,
      "gross_profit": 213880000,
      "operating_income": 62730000,
      "net_income": 58107000,
      "opex": 151150000,
      "cogs": 398984000,
      "rd": 58343000,
      "sga": 85046000,
      "fcf": 70165000,
      "ocf": 79849000,
      "capex": -9684000,
      "gross_margin": 0.348984440267335,
      "op_margin": 0.10235549812030076,
      "fcf_margin": 0.11448706401420217,
      "incr_op_margin_yoy": 0.3771258860777227,
      "rev_growth_yoy": 0.06183761194650477,
      "rev_growth_yoy_accel": -0.0356886554134918,
      "fcf_margin_change": 0.01914730298915107
    },
    {
      "date": "2025-03-31T00:00:00",
      "quarter_label": "2025-03 (Q1)",
      "revenue": 607151000,
      "gross_profit": 217219000,
      "operating_income": 76213000,
      "net_income": 65474000,
      "opex": 141006000,
      "cogs": 389932000,
      "rd": 50090000,
      "sga": 86911000,
      "fcf": 67478000,
      "ocf": 72117000,
      "capex": -4639000,
      "gross_margin": 0.35776767229239514,
      "op_margin": 0.12552561059769315,
      "fcf_margin": 0.11113874472742366,
      "incr_op_margin_yoy": 3.616338635750876,
      "rev_growth_yoy": 0.006146406779773367,
      "rev_growth_yoy_accel": -0.05569120516673141,
      "fcf_margin_change": -0.003348319286778506
    },
    {
      "date": "2025-06-30T00:00:00",
      "quarter_label": "2025-06 (Q2)",
      "revenue": 606761000,
      "gross_profit": 223618000,
      "operating_income": 76413000,
      "net_income": 68340000,
      "opex": 147205000,
      "cogs": 383143000,
      "rd": 53810000,
      "sga": 87615000,
      "fcf": 90668000,
      "ocf": 96685000,
      "capex": -6017000,
      "gross_margin": 0.3685437923663518,
      "op_margin": 0.1259359121631087,
      "fcf_margin": 0.149429511784706,
      "incr_op_margin_yoy": -5.09792027729636,
      "rev_growth_yoy": -0.003789390036268469,
      "rev_growth_yoy_accel": -0.009935796816041835,
      "fcf_margin_change": 0.03829076705728235
    },
    {
      "date": "2025-09-30T00:00:00",
      "quarter_label": "2025-09 (Q3)",
      "revenue": 581625000,
      "gross_profit": 219545000,
      "operating_income": 81783000,
      "net_income": 65613000,
      "opex": 137762000,
      "cogs": 362080000,
      "rd": 50032000,
      "sga": 83139000,
      "fcf": 113408000,
      "ocf": 117829000,
      "capex": -4421000,
      "gross_margin": 0.3774683000214915,
      "op_margin": 0.14061121856866537,
      "fcf_margin": 0.1949847410272942,
      "incr_op_margin_yoy": -0.23199456216567663,
      "rev_growth_yoy": -0.05497821148990514,
      "rev_growth_yoy_accel": -0.05118882145363667,
      "fcf_margin_change": 0.0455552292425882
    }
  ],
  "signals": [
    {
      "quarter": "2025-09 (Q3)",
      "signal": "YoY REVENUE GROWTH DECELERATION",
      "detail": "YoY growth: -5.5% vs prior quarter YoY: -0.4% (decel: -5.1%)",
      "severity": "WARNING"
    },
    {
      "quarter": "2025-03 (Q1)",
      "signal": "YoY REVENUE GROWTH DECELERATION",
      "detail": "YoY growth: +0.6% vs prior quarter YoY: +6.2% (decel: -5.6%)",
      "severity": "WARNING"
    },
    {
      "quarter": "2025-03 (Q1)",
      "signal": "INCREMENTAL MARGIN (YoY)",
      "detail": "YoY Incr OPM: +361.6% vs year-ago OPM: +10.4%",
      "severity": "HIGH"
    },
    {
      "quarter": "2024-12 (Q4)",
      "signal": "INCREMENTAL MARGIN (YoY)",
      "detail": "YoY Incr OPM: +37.7% vs year-ago OPM: +8.5%",
      "severity": "HIGH"
    },
    {
      "quarter": "2024-09 (Q3)",
      "signal": "INCREMENTAL MARGIN (YoY)",
      "detail": "YoY Incr OPM: +34.8% vs year-ago OPM: +9.8%",
      "severity": "HIGH"
    },
    {
      "quarter": "2024-06 (Q2)",
      "signal": "YoY REVENUE GROWTH DECELERATION",
      "detail": "YoY growth: +12.6% vs prior quarter YoY: +22.0% (decel: -9.4%)",
      "severity": "WARNING"
    },
    {
      "quarter": "2024-06 (Q2)",
      "signal": "INCREMENTAL MARGIN (YoY)",
      "detail": "YoY Incr OPM: +43.5% vs year-ago OPM: +6.5%",
      "severity": "HIGH"
    },
    {
      "quarter": "2024-03 (Q1)",
      "signal": "OP MARGIN TURNED POSITIVE (YoY)",
      "detail": "Op margin: -2.1% (year-ago) -> +10.4%",
      "severity": "HIGH"
    },
    {
      "quarter": "2023-12 (Q4)",
      "signal": "YoY REVENUE GROWTH DECELERATION",
      "detail": "YoY growth: +23.5% vs prior quarter YoY: +33.2% (decel: -9.8%)",
      "severity": "WARNING"
    },
    {
      "quarter": "2023-12 (Q4)",
      "signal": "INCREMENTAL MARGIN (YoY)",
      "detail": "YoY Incr OPM: +33.6% vs year-ago OPM: +2.6%",
      "severity": "HIGH"
    },
    {
      "quarter": "2023-09 (Q3)",
      "signal": "YoY REVENUE GROWTH ACCELERATION",
      "detail": "YoY growth: +33.2% vs prior quarter YoY: +25.3% (accel: +8.0%)",
      "severity": "MEDIUM"
    },
    {
      "quarter": "2023-09 (Q3)",
      "signal": "INCREMENTAL MARGIN (YoY)",
      "detail": "YoY Incr OPM: +34.3% vs year-ago OPM: +1.6%",
      "severity": "HIGH"
    },
    {
      "quarter": "2023-06 (Q2)",
      "signal": "FCF TURNED POSITIVE",
      "detail": "FCF margin: -1.1% -> +6.6%",
      "severity": "HIGH"
    },
    {
      "quarter": "2023-06 (Q2)",
      "signal": "YoY REVENUE GROWTH ACCELERATION",
      "detail": "YoY growth: +25.3% vs prior quarter YoY: +4.1% (accel: +21.2%)",
      "severity": "HIGH"
    },
    {
      "quarter": "2023-06 (Q2)",
      "signal": "OP MARGIN TURNED POSITIVE (YoY)",
      "detail": "Op margin: -7.8% (year-ago) -> +6.5%",
      "severity": "HIGH"
    },
    {
      "quarter": "2023-06 (Q2)",
      "signal": "OP MARGIN TURNED POSITIVE (QoQ)",
      "detail": "Op margin: -2.1% -> +6.5%",
      "severity": "HIGH"
    },
    {
      "quarter": "2023-03 (Q1)",
      "signal": "YoY REVENUE GROWTH ACCELERATION",
      "detail": "YoY growth: +4.1% vs prior quarter YoY: -3.7% (accel: +7.8%)",
      "severity": "MEDIUM"
    },
    {
      "quarter": "2022-12 (Q4)",
      "signal": "YoY REVENUE GROWTH ACCELERATION",
      "detail": "YoY growth: -3.7% vs prior quarter YoY: -13.6% (accel: +9.8%)",
      "severity": "MEDIUM"
    },
    {
      "quarter": "2022-12 (Q4)",
      "signal": "OP MARGIN TURNED POSITIVE (YoY)",
      "detail": "Op margin: -22.1% (year-ago) -> +2.6%",
      "severity": "HIGH"
    },
    {
      "quarter": "2022-09 (Q3)",
      "signal": "OP MARGIN TURNED POSITIVE (QoQ)",
      "detail": "Op margin: -7.8% -> +1.6%",
      "severity": "HIGH"
    },
    {
      "quarter": "2022-03 (Q1)",
      "signal": "GROSS MARGIN INFLECTION",
      "detail": "GM: +27.7% -> +25.0% -> +28.4% (reversal +3.5%)",
      "severity": "MEDIUM"
    },
    {
      "quarter": "2022-03 (Q1)",
      "signal": "INCREMENTAL MARGIN (YoY)",
      "detail": "YoY Incr OPM: +54.5% vs year-ago OPM: +6.0%",
      "severity": "HIGH"
    },
    {
      "quarter": "2022-03 (Q1)",
      "signal": "OP MARGIN TURNED POSITIVE (QoQ)",
      "detail": "Op margin: -22.1% -> +1.4%",
      "severity": "HIGH"
    },
    {
      "quarter": "2021-09 (Q3)",
      "signal": "OP MARGIN TURNED POSITIVE (QoQ)",
      "detail": "Op margin: -1.4% -> +0.9%",
      "severity": "HIGH"
    },
    {
      "quarter": "2021-06 (Q2)",
      "signal": "FCF MARGIN EXPANSION",
      "detail": "FCF margin: +7.4% -> +13.0% (+5.6%)",
      "severity": "MEDIUM"
    }
  ],
  "data_quality": {
    "n_quarters": 20,
    "coverage": {
      "revenue": [
        20,
        20
      ],
      "gross_profit": [
        20,
        20
      ],
      "op_income": [
        20,
        20
      ],
      "fcf": [
        20,
        20
      ]
    },
    "gaps": [],
    "warnings": []
  },
  "market_cap": null,
  "source": "SEC EDGAR",
  "last_updated": "2026-02-02T21:08:57.848784",
  "sector": "Technology",
  "industry": "Scientific & Technical Instruments"
}