{
  "ticker": "IVFH",
  "name": "INNOVATIVE FOOD HOLDINGS, INC.",
  "quarters": [
    {
      "date": "2020-12-31T00:00:00",
      "quarter_label": "2020-12 (Q4)",
      "revenue": 15137833,
      "gross_profit": 4515858,
      "operating_income": -1041138,
      "net_income": -1112938,
      "opex": 5556996,
      "cogs": 10621975,
      "rd": null,
      "sga": 5556996,
      "fcf": 1511214,
      "ocf": 1813733,
      "capex": -302519,
      "gross_margin": 0.29831601392352525,
      "op_margin": -0.06877721533854944,
      "fcf_margin": 0.09983027293272426
    },
    {
      "date": "2021-03-31T00:00:00",
      "quarter_label": "2021-03 (Q1)",
      "revenue": 12180899,
      "gross_profit": 3301985,
      "operating_income": -1548843,
      "net_income": -1843871,
      "opex": 4850828,
      "cogs": 8878914,
      "rd": null,
      "sga": 4850828,
      "fcf": -3501622,
      "ocf": -3497010,
      "capex": -4612,
      "gross_margin": 0.27107892447018894,
      "op_margin": -0.1271534227481896,
      "fcf_margin": -0.2874682730724555,
      "fcf_margin_change": -0.38729854600517977
    },
    {
      "date": "2021-06-30T00:00:00",
      "quarter_label": "2021-06 (Q2)",
      "revenue": 13974564,
      "gross_profit": 3809420,
      "operating_income": -853882,
      "net_income": -937524,
      "opex": 4663302,
      "cogs": 10165144,
      "rd": null,
      "sga": 4663302,
      "fcf": -1388047,
      "ocf": -1379973,
      "capex": -8074,
      "gross_margin": 0.2725966978289985,
      "op_margin": -0.061102586098571665,
      "fcf_margin": -0.09932667666769425,
      "op_leverage_ratio": Infinity,
      "fcf_margin_change": 0.18814159640476125
    },
    {
      "date": "2021-09-30T00:00:00",
      "quarter_label": "2021-09 (Q3)",
      "revenue": 15207353,
      "gross_profit": 3780010,
      "operating_income": -1218663,
      "net_income": 367026,
      "opex": 4998673,
      "cogs": 11427343,
      "rd": null,
      "sga": 4998673,
      "fcf": -1072284,
      "ocf": -1070158,
      "capex": -2126,
      "gross_margin": 0.2485646252835717,
      "op_margin": -0.08013643136974594,
      "fcf_margin": -0.07051089035678991,
      "op_leverage_ratio": 1.2266439451645648,
      "fcf_margin_change": 0.02881578631090434
    },
    {
      "date": "2021-12-31T00:00:00",
      "quarter_label": "2021-12 (Q4)",
      "revenue": 20849332,
      "gross_profit": 6059332,
      "operating_income": 31906,
      "net_income": 1698038,
      "opex": 6027426,
      "cogs": 14790000,
      "rd": null,
      "sga": 6027426,
      "fcf": 2275873,
      "ocf": 2285572,
      "capex": -9699,
      "gross_margin": 0.2906247547883069,
      "op_margin": 0.0015303128176960298,
      "fcf_margin": 0.10915807758253358,
      "incr_op_margin_yoy": 0.18787432160979106,
      "rev_growth_yoy": 0.37729964387901493,
      "op_leverage_ratio": 1.8026916654588891,
      "fcf_margin_change": 0.1796689679393235
    },
    {
      "date": "2022-03-31T00:00:00",
      "quarter_label": "2022-03 (Q1)",
      "revenue": 15643111,
      "gross_profit": 3725932,
      "operating_income": -1446494,
      "net_income": -1230377,
      "opex": 5172426,
      "cogs": 11917179,
      "rd": null,
      "sga": 5172426,
      "fcf": -2878050,
      "ocf": -2873290,
      "capex": -4760,
      "gross_margin": 0.2381835684730486,
      "op_margin": -0.09246843546657695,
      "fcf_margin": -0.1839819457907062,
      "incr_op_margin_yoy": 0.0295617368318289,
      "rev_growth_yoy": 0.2842328796913922,
      "rev_growth_yoy_accel": -0.09306676418762272,
      "fcf_margin_change": -0.2931400233732398
    },
    {
      "date": "2022-06-30T00:00:00",
      "quarter_label": "2022-06 (Q2)",
      "revenue": 20523156,
      "gross_profit": 4448897,
      "operating_income": -1073152,
      "net_income": -1223786,
      "opex": 5522049,
      "cogs": 16074259,
      "rd": null,
      "sga": 5522049,
      "fcf": -471666,
      "ocf": -383793,
      "capex": -87873,
      "gross_margin": 0.21677450583136434,
      "op_margin": -0.05228981351601089,
      "fcf_margin": -0.022982137834941175,
      "incr_op_margin_yoy": -0.03348353355958044,
      "rev_growth_yoy": 0.46860796515726716,
      "rev_growth_yoy_accel": 0.18437508546587494,
      "op_leverage_ratio": 4.615247448152868,
      "fcf_margin_change": 0.16099980795576502
    },
    {
      "date": "2022-09-30T00:00:00",
      "quarter_label": "2022-09 (Q3)",
      "revenue": 20059982,
      "gross_profit": 4513850,
      "operating_income": 192869,
      "net_income": 9746,
      "opex": 4320981,
      "cogs": 15546132,
      "rd": null,
      "sga": 4320981,
      "fcf": 439909,
      "ocf": 454321,
      "capex": -14412,
      "gross_margin": 0.22501764956718306,
      "op_margin": 0.009614614808727147,
      "fcf_margin": 0.02192968069462874,
      "incr_op_margin_yoy": 0.2908798509014392,
      "rev_growth_yoy": 0.31909754445760546,
      "rev_growth_yoy_accel": -0.1495104206996617,
      "fcf_margin_change": 0.044911818529569915
    },
    {
      "date": "2022-12-31T00:00:00",
      "quarter_label": "2022-12 (Q4)",
      "revenue": 23876715,
      "gross_profit": 5999520,
      "operating_income": 1289383,
      "net_income": 1094415,
      "opex": 4710137,
      "cogs": 17877195,
      "rd": null,
      "sga": 4710137,
      "fcf": 2195755,
      "ocf": 2203676,
      "capex": -7921,
      "gross_margin": 0.2512707464154931,
      "op_margin": 0.054001691606236454,
      "fcf_margin": 0.09196218994112046,
      "incr_op_margin_yoy": 0.4153676624331972,
      "rev_growth_yoy": 0.14520287748307714,
      "rev_growth_yoy_accel": -0.17389466697452832,
      "op_leverage_ratio": 2.112612605388959,
      "fcf_margin_change": 0.07003250924649172
    },
    {
      "date": "2023-03-31T00:00:00",
      "quarter_label": "2023-03 (Q1)",
      "revenue": 16995200,
      "gross_profit": 4086511,
      "operating_income": -2658225,
      "net_income": -2828766,
      "opex": 6744736,
      "cogs": 12908689,
      "rd": null,
      "sga": 4799086,
      "fcf": -3199707,
      "ocf": -3191712,
      "capex": -7995,
      "gross_margin": 0.24045089201656938,
      "op_margin": -0.1564103393899454,
      "fcf_margin": -0.18827121775560157,
      "incr_op_margin_yoy": -0.8961917447741976,
      "rev_growth_yoy": 0.08643351057216177,
      "rev_growth_yoy_accel": -0.058769366910915374,
      "fcf_margin_change": -0.280233407696722
    },
    {
      "date": "2023-06-30T00:00:00",
      "quarter_label": "2023-06 (Q2)",
      "revenue": 18833321,
      "gross_profit": 4792911,
      "operating_income": 236762,
      "net_income": 13471,
      "opex": 4556149,
      "cogs": 14040410,
      "rd": null,
      "sga": 4556149,
      "fcf": 1287095,
      "ocf": 1311573,
      "capex": -24478,
      "gross_margin": 0.25449101621535575,
      "op_margin": 0.012571441860944228,
      "fcf_margin": 0.06834137218815524,
      "incr_op_margin_yoy": -0.775172723964174,
      "rev_growth_yoy": -0.08233796985220011,
      "rev_growth_yoy_accel": -0.16877148042436188,
      "op_leverage_ratio": Infinity,
      "fcf_margin_change": 0.2566125899437568
    },
    {
      "date": "2023-09-30T00:00:00",
      "quarter_label": "2023-09 (Q3)",
      "revenue": 17300291,
      "gross_profit": 4876186,
      "operating_income": 393052,
      "net_income": 134733,
      "opex": 4483134,
      "cogs": 12424105,
      "rd": null,
      "sga": 4483134,
      "fcf": -342616,
      "ocf": -316140,
      "capex": -26476,
      "gross_margin": 0.2818557213864206,
      "op_margin": 0.02271938662765846,
      "fcf_margin": -0.019804059943269163,
      "incr_op_margin_yoy": -0.07253819358761543,
      "rev_growth_yoy": -0.13757195794093932,
      "rev_growth_yoy_accel": -0.05523398808873921,
      "fcf_margin_change": -0.0881454321314244
    },
    {
      "date": "2023-12-31T00:00:00",
      "quarter_label": "2023-12 (Q4)",
      "revenue": 19090184,
      "gross_profit": 3770029,
      "operating_income": -1225188,
      "net_income": -1674590,
      "opex": 4995217,
      "cogs": 15320155,
      "rd": null,
      "sga": 3550982,
      "fcf": 1697263,
      "ocf": 1760717,
      "capex": -63454,
      "gross_margin": 0.19748521020017407,
      "op_margin": -0.06417895186342887,
      "fcf_margin": 0.08890762917738247,
      "incr_op_margin_yoy": 0.5253430929414225,
      "rev_growth_yoy": -0.2004685736710431,
      "rev_growth_yoy_accel": -0.06289661573010377,
      "op_leverage_ratio": 0.9057639320781301,
      "fcf_margin_change": 0.10871168912065163
    },
    {
      "date": "2024-03-31T00:00:00",
      "quarter_label": "2024-03 (Q1)",
      "revenue": 15730113,
      "gross_profit": 3834314,
      "operating_income": -179113,
      "net_income": 1425874,
      "opex": 4013427,
      "cogs": 11895799,
      "rd": null,
      "sga": 4013427,
      "fcf": -3158619,
      "ocf": -3157213,
      "capex": -1406,
      "gross_margin": 0.24375629087979214,
      "op_margin": -0.011386631488279836,
      "fcf_margin": -0.20080078255000458,
      "incr_op_margin_yoy": -1.959637558523643,
      "rev_growth_yoy": -0.07443790011297308,
      "rev_growth_yoy_accel": 0.12603067355807002,
      "fcf_margin_change": -0.28970841172738704
    },
    {
      "date": "2024-06-30T00:00:00",
      "quarter_label": "2024-06 (Q2)",
      "revenue": 16658990,
      "gross_profit": 3967423,
      "operating_income": 104629,
      "net_income": -103324,
      "opex": 3862794,
      "cogs": 12691567,
      "rd": null,
      "sga": 3862794,
      "fcf": -340456,
      "ocf": -326005,
      "capex": -14451,
      "gross_margin": 0.23815507422718904,
      "op_margin": 0.006280632859495083,
      "fcf_margin": -0.02043677317772566,
      "incr_op_margin_yoy": 0.060769496456611255,
      "rev_growth_yoy": -0.11545127914508546,
      "rev_growth_yoy_accel": -0.041013379032112385,
      "op_leverage_ratio": Infinity,
      "fcf_margin_change": 0.18036400937227892
    },
    {
      "date": "2024-09-30T00:00:00",
      "quarter_label": "2024-09 (Q3)",
      "revenue": 17009771,
      "gross_profit": 4284234,
      "operating_income": 713895,
      "net_income": 1334830,
      "opex": 3570339,
      "cogs": 12725537,
      "rd": null,
      "sga": 3570339,
      "fcf": 472481,
      "ocf": 765886,
      "capex": -293405,
      "gross_margin": 0.2518689992945819,
      "op_margin": 0.041969700826660156,
      "fcf_margin": 0.027777034740796923,
      "rev_growth_yoy": -0.01679278111564713,
      "rev_growth_yoy_accel": 0.09865849802943832,
      "op_leverage_ratio": Infinity,
      "fcf_margin_change": 0.04821380791852258
    },
    {
      "date": "2024-12-31T00:00:00",
      "quarter_label": "2024-12 (Q4)",
      "revenue": 22735502,
      "gross_profit": 4767737,
      "operating_income": -100689,
      "net_income": -45866,
      "opex": 4868426,
      "cogs": 17967765,
      "rd": null,
      "sga": 4868426,
      "fcf": -3554661,
      "ocf": -3554661,
      "capex": null,
      "gross_margin": 0.2097044965182647,
      "op_margin": -0.004428712416378578,
      "fcf_margin": -0.15634847209443628,
      "incr_op_margin_yoy": 0.30847761429867027,
      "rev_growth_yoy": 0.19095248112852134,
      "rev_growth_yoy_accel": 0.20774526224416848,
      "op_leverage_ratio": 0.9258446622730465,
      "fcf_margin_change": -0.1841255068352332
    },
    {
      "date": "2025-03-31T00:00:00",
      "quarter_label": "2025-03 (Q1)",
      "revenue": 19548566,
      "gross_profit": 4485807,
      "operating_income": -223170,
      "net_income": -430436,
      "opex": 4708977,
      "cogs": 15062759,
      "rd": null,
      "sga": 4708977,
      "fcf": -977407,
      "ocf": -977407,
      "capex": null,
      "gross_margin": 0.22946987518163736,
      "op_margin": -0.011416182649919181,
      "fcf_margin": -0.049998910406011364,
      "incr_op_margin_yoy": -0.011537918628303138,
      "rev_growth_yoy": 0.24274797008769103,
      "rev_growth_yoy_accel": 0.05179548895916969,
      "fcf_margin_change": 0.10634956168842491
    },
    {
      "date": "2025-06-30T00:00:00",
      "quarter_label": "2025-06 (Q2)",
      "revenue": 21103134,
      "gross_profit": 4433853,
      "operating_income": 244537,
      "net_income": 58510,
      "opex": 4189316,
      "cogs": 16669281,
      "rd": null,
      "sga": 4189316,
      "fcf": 575120,
      "ocf": 575120,
      "capex": null,
      "gross_margin": 0.2101040063528005,
      "op_margin": 0.011587710147696545,
      "fcf_margin": 0.02725282415398585,
      "incr_op_margin_yoy": 0.03148142814454257,
      "rev_growth_yoy": 0.26677151495979046,
      "rev_growth_yoy_accel": 0.024023544872099428,
      "op_leverage_ratio": Infinity,
      "fcf_margin_change": 0.07725173455999722
    },
    {
      "date": "2025-09-30T00:00:00",
      "quarter_label": "2025-09 (Q3)",
      "revenue": 16423716,
      "gross_profit": 3856279,
      "operating_income": 663361,
      "net_income": -1719196,
      "opex": 3192918,
      "cogs": 12567437,
      "rd": null,
      "sga": 3192918,
      "fcf": -285307,
      "ocf": -285307,
      "capex": null,
      "gross_margin": 0.23479942054526515,
      "op_margin": 0.040390432956829016,
      "fcf_margin": -0.0173716471960426,
      "rev_growth_yoy": -0.03445402057440985,
      "rev_growth_yoy_accel": -0.3012255355342003,
      "fcf_margin_change": -0.04462447135002845
    }
  ],
  "signals": [
    {
      "quarter": "2025-09 (Q3)",
      "signal": "GROSS MARGIN INFLECTION",
      "detail": "GM: +22.9% -> +21.0% -> +23.5% (reversal +2.5%)",
      "severity": "MEDIUM"
    },
    {
      "quarter": "2025-09 (Q3)",
      "signal": "YoY REVENUE GROWTH DECELERATION",
      "detail": "YoY growth: -3.4% vs prior quarter YoY: +26.7% (decel: -30.1%)",
      "severity": "WARNING"
    },
    {
      "quarter": "2025-06 (Q2)",
      "signal": "FCF TURNED POSITIVE",
      "detail": "FCF margin: -5.0% -> +2.7%",
      "severity": "HIGH"
    },
    {
      "quarter": "2025-06 (Q2)",
      "signal": "OP MARGIN TURNED POSITIVE (QoQ)",
      "detail": "Op margin: -1.1% -> +1.2%",
      "severity": "HIGH"
    },
    {
      "quarter": "2025-03 (Q1)",
      "signal": "FCF MARGIN EXPANSION",
      "detail": "FCF margin: -15.6% -> -5.0% (+10.6%)",
      "severity": "MEDIUM"
    },
    {
      "quarter": "2025-03 (Q1)",
      "signal": "YoY REVENUE GROWTH ACCELERATION",
      "detail": "YoY growth: +24.3% vs prior quarter YoY: +19.1% (accel: +5.2%)",
      "severity": "MEDIUM"
    },
    {
      "quarter": "2024-12 (Q4)",
      "signal": "YoY REVENUE GROWTH ACCELERATION",
      "detail": "YoY growth: +19.1% vs prior quarter YoY: -1.7% (accel: +20.8%)",
      "severity": "HIGH"
    },
    {
      "quarter": "2024-09 (Q3)",
      "signal": "FCF TURNED POSITIVE",
      "detail": "FCF margin: -2.0% -> +2.8%",
      "severity": "HIGH"
    },
    {
      "quarter": "2024-09 (Q3)",
      "signal": "YoY REVENUE GROWTH ACCELERATION",
      "detail": "YoY growth: -1.7% vs prior quarter YoY: -11.5% (accel: +9.9%)",
      "severity": "MEDIUM"
    },
    {
      "quarter": "2024-06 (Q2)",
      "signal": "FCF MARGIN EXPANSION",
      "detail": "FCF margin: -20.1% -> -2.0% (+18.0%)",
      "severity": "MEDIUM"
    },
    {
      "quarter": "2024-06 (Q2)",
      "signal": "OP MARGIN TURNED POSITIVE (QoQ)",
      "detail": "Op margin: -1.1% -> +0.6%",
      "severity": "HIGH"
    },
    {
      "quarter": "2024-03 (Q1)",
      "signal": "GROSS MARGIN INFLECTION",
      "detail": "GM: +28.2% -> +19.7% -> +24.4% (reversal +4.6%)",
      "severity": "MEDIUM"
    },
    {
      "quarter": "2024-03 (Q1)",
      "signal": "YoY REVENUE GROWTH ACCELERATION",
      "detail": "YoY growth: -7.4% vs prior quarter YoY: -20.0% (accel: +12.6%)",
      "severity": "MEDIUM"
    },
    {
      "quarter": "2023-12 (Q4)",
      "signal": "FCF TURNED POSITIVE",
      "detail": "FCF margin: -2.0% -> +8.9%",
      "severity": "HIGH"
    },
    {
      "quarter": "2023-12 (Q4)",
      "signal": "YoY REVENUE GROWTH DECELERATION",
      "detail": "YoY growth: -20.0% vs prior quarter YoY: -13.8% (decel: -6.3%)",
      "severity": "WARNING"
    },
    {
      "quarter": "2023-09 (Q3)",
      "signal": "YoY REVENUE GROWTH DECELERATION",
      "detail": "YoY growth: -13.8% vs prior quarter YoY: -8.2% (decel: -5.5%)",
      "severity": "WARNING"
    },
    {
      "quarter": "2023-06 (Q2)",
      "signal": "FCF TURNED POSITIVE",
      "detail": "FCF margin: -18.8% -> +6.8%",
      "severity": "HIGH"
    },
    {
      "quarter": "2023-06 (Q2)",
      "signal": "YoY REVENUE GROWTH DECELERATION",
      "detail": "YoY growth: -8.2% vs prior quarter YoY: +8.6% (decel: -16.9%)",
      "severity": "WARNING"
    },
    {
      "quarter": "2023-06 (Q2)",
      "signal": "OP MARGIN TURNED POSITIVE (YoY)",
      "detail": "Op margin: -5.2% (year-ago) -> +1.3%",
      "severity": "HIGH"
    },
    {
      "quarter": "2023-06 (Q2)",
      "signal": "OP MARGIN TURNED POSITIVE (QoQ)",
      "detail": "Op margin: -15.6% -> +1.3%",
      "severity": "HIGH"
    },
    {
      "quarter": "2023-03 (Q1)",
      "signal": "YoY REVENUE GROWTH DECELERATION",
      "detail": "YoY growth: +8.6% vs prior quarter YoY: +14.5% (decel: -5.9%)",
      "severity": "WARNING"
    },
    {
      "quarter": "2022-12 (Q4)",
      "signal": "FCF MARGIN EXPANSION",
      "detail": "FCF margin: +2.2% -> +9.2% (+7.0%)",
      "severity": "MEDIUM"
    },
    {
      "quarter": "2022-12 (Q4)",
      "signal": "OPERATING LEVERAGE",
      "detail": "Rev growth +19.0% vs OpEx growth +9.0% (leverage: 2.1x)",
      "severity": "MEDIUM"
    },
    {
      "quarter": "2022-12 (Q4)",
      "signal": "YoY REVENUE GROWTH DECELERATION",
      "detail": "YoY growth: +14.5% vs prior quarter YoY: +31.9% (decel: -17.4%)",
      "severity": "WARNING"
    },
    {
      "quarter": "2022-12 (Q4)",
      "signal": "INCREMENTAL MARGIN (YoY)",
      "detail": "YoY Incr OPM: +41.5% vs year-ago OPM: +0.2%",
      "severity": "HIGH"
    },
    {
      "quarter": "2022-09 (Q3)",
      "signal": "FCF TURNED POSITIVE",
      "detail": "FCF margin: -2.3% -> +2.2%",
      "severity": "HIGH"
    },
    {
      "quarter": "2022-09 (Q3)",
      "signal": "YoY REVENUE GROWTH DECELERATION",
      "detail": "YoY growth: +31.9% vs prior quarter YoY: +46.9% (decel: -15.0%)",
      "severity": "WARNING"
    },
    {
      "quarter": "2022-09 (Q3)",
      "signal": "OP MARGIN TURNED POSITIVE (YoY)",
      "detail": "Op margin: -8.0% (year-ago) -> +1.0%",
      "severity": "HIGH"
    },
    {
      "quarter": "2022-09 (Q3)",
      "signal": "OP MARGIN TURNED POSITIVE (QoQ)",
      "detail": "Op margin: -5.2% -> +1.0%",
      "severity": "HIGH"
    },
    {
      "quarter": "2022-06 (Q2)",
      "signal": "FCF MARGIN EXPANSION",
      "detail": "FCF margin: -18.4% -> -2.3% (+16.1%)",
      "severity": "MEDIUM"
    },
    {
      "quarter": "2022-06 (Q2)",
      "signal": "OPERATING LEVERAGE",
      "detail": "Rev growth +31.2% vs OpEx growth +6.8% (leverage: 4.6x)",
      "severity": "MEDIUM"
    },
    {
      "quarter": "2022-06 (Q2)",
      "signal": "YoY REVENUE GROWTH ACCELERATION",
      "detail": "YoY growth: +46.9% vs prior quarter YoY: +28.4% (accel: +18.4%)",
      "severity": "HIGH"
    },
    {
      "quarter": "2022-03 (Q1)",
      "signal": "YoY REVENUE GROWTH DECELERATION",
      "detail": "YoY growth: +28.4% vs prior quarter YoY: +37.7% (decel: -9.3%)",
      "severity": "WARNING"
    },
    {
      "quarter": "2021-12 (Q4)",
      "signal": "FCF TURNED POSITIVE",
      "detail": "FCF margin: -7.1% -> +10.9%",
      "severity": "HIGH"
    },
    {
      "quarter": "2021-12 (Q4)",
      "signal": "OPERATING LEVERAGE",
      "detail": "Rev growth +37.1% vs OpEx growth +20.6% (leverage: 1.8x)",
      "severity": "MEDIUM"
    },
    {
      "quarter": "2021-12 (Q4)",
      "signal": "GROSS MARGIN INFLECTION",
      "detail": "GM: +27.3% -> +24.9% -> +29.1% (reversal +4.2%)",
      "severity": "MEDIUM"
    },
    {
      "quarter": "2021-12 (Q4)",
      "signal": "OP MARGIN TURNED POSITIVE (YoY)",
      "detail": "Op margin: -6.9% (year-ago) -> +0.2%",
      "severity": "HIGH"
    },
    {
      "quarter": "2021-12 (Q4)",
      "signal": "OP MARGIN TURNED POSITIVE (QoQ)",
      "detail": "Op margin: -8.0% -> +0.2%",
      "severity": "HIGH"
    },
    {
      "quarter": "2021-06 (Q2)",
      "signal": "FCF MARGIN EXPANSION",
      "detail": "FCF margin: -28.7% -> -9.9% (+18.8%)",
      "severity": "MEDIUM"
    }
  ],
  "data_quality": {
    "n_quarters": 20,
    "coverage": {
      "revenue": [
        20,
        20
      ],
      "gross_profit": [
        20,
        20
      ],
      "op_income": [
        20,
        20
      ],
      "fcf": [
        20,
        20
      ]
    },
    "gaps": [],
    "warnings": []
  },
  "market_cap": null,
  "source": "SEC EDGAR",
  "last_updated": "2026-02-02T23:54:27.237462",
  "sector": "Consumer Defensive",
  "industry": "Food Distribution"
}