{
  "ticker": "IZEA",
  "name": "IZEA WORLDWIDE, INC.",
  "quarters": [
    {
      "date": "2020-12-31T00:00:00",
      "quarter_label": "2020-12 (Q4)",
      "revenue": 6394728,
      "gross_profit": 3651226,
      "operating_income": -1040667,
      "net_income": -1040604,
      "opex": 7435395,
      "cogs": 2743502,
      "rd": null,
      "sga": null,
      "fcf": -97656,
      "ocf": -97656,
      "capex": null,
      "gross_margin": 0.5709744026641946,
      "op_margin": -0.1627382744035399,
      "fcf_margin": -0.01527132975788806
    },
    {
      "date": "2021-03-31T00:00:00",
      "quarter_label": "2021-03 (Q1)",
      "revenue": 5375632,
      "gross_profit": 2970880,
      "operating_income": -2008119,
      "net_income": -1992438,
      "opex": 7383751,
      "cogs": 2404752,
      "rd": null,
      "sga": null,
      "fcf": -829707,
      "ocf": -829707,
      "capex": null,
      "gross_margin": 0.5526568782982169,
      "op_margin": -0.3735596112233873,
      "fcf_margin": -0.15434594481169842,
      "fcf_margin_change": -0.13907461505381036
    },
    {
      "date": "2021-06-30T00:00:00",
      "quarter_label": "2021-06 (Q2)",
      "revenue": 6538739,
      "gross_profit": 3254480,
      "operating_income": -2071891,
      "net_income": -111686,
      "opex": 8610630,
      "cogs": 3284259,
      "rd": null,
      "sga": null,
      "fcf": -2311997,
      "ocf": -2311997,
      "capex": null,
      "gross_margin": 0.49772287898324125,
      "op_margin": -0.31686400084175254,
      "fcf_margin": -0.3535845367126597,
      "op_leverage_ratio": 1.3021632929826006,
      "fcf_margin_change": -0.1992385919009613
    },
    {
      "date": "2021-09-30T00:00:00",
      "quarter_label": "2021-09 (Q3)",
      "revenue": 7607546,
      "gross_profit": 3632014,
      "operating_income": -1500160,
      "net_income": -1480757,
      "opex": 9107706,
      "cogs": 3975532,
      "rd": null,
      "sga": null,
      "fcf": -510376,
      "ocf": -510376,
      "capex": null,
      "gross_margin": 0.4774225486116022,
      "op_margin": -0.19719368111609184,
      "fcf_margin": -0.06708812539549547,
      "op_leverage_ratio": 2.831505568862047,
      "fcf_margin_change": 0.28649641131716425
    },
    {
      "date": "2021-12-31T00:00:00",
      "quarter_label": "2021-12 (Q4)",
      "revenue": 10500460,
      "gross_profit": 5703301,
      "operating_income": 222443,
      "net_income": 444260,
      "opex": 10278017,
      "cogs": 4797159,
      "rd": null,
      "sga": null,
      "fcf": 1085081,
      "ocf": 1085081,
      "capex": null,
      "gross_margin": 0.5431477287661683,
      "op_margin": 0.021184119552857684,
      "fcf_margin": 0.10333652049529259,
      "incr_op_margin_yoy": 0.30764550633114873,
      "rev_growth_yoy": 0.6420495132865698,
      "op_leverage_ratio": 2.9593658102951075,
      "fcf_margin_change": 0.17042464589078804
    },
    {
      "date": "2022-03-31T00:00:00",
      "quarter_label": "2022-03 (Q1)",
      "revenue": 8890336,
      "gross_profit": 3710612,
      "operating_income": -2450995,
      "net_income": -2476243,
      "opex": 11341331,
      "cogs": 5179724,
      "rd": null,
      "sga": null,
      "fcf": -2755956,
      "ocf": -2726806,
      "capex": -29150,
      "gross_margin": 0.4173759012032841,
      "op_margin": -0.2756920548334731,
      "fcf_margin": -0.30999458288190684,
      "incr_op_margin_yoy": -0.12600662815417743,
      "rev_growth_yoy": 0.6538215413555094,
      "rev_growth_yoy_accel": 0.011772028068939622,
      "fcf_margin_change": -0.4133311033771994
    },
    {
      "date": "2022-06-30T00:00:00",
      "quarter_label": "2022-06 (Q2)",
      "revenue": 12577011,
      "gross_profit": 5365089,
      "operating_income": -442160,
      "net_income": -169890,
      "opex": 13019171,
      "cogs": 7211922,
      "rd": null,
      "sga": null,
      "fcf": -1842126,
      "ocf": -1839966,
      "capex": -2160,
      "gross_margin": 0.42657901786044394,
      "op_margin": -0.03515620682847459,
      "fcf_margin": -0.14646771001472447,
      "incr_op_margin_yoy": 0.2699002297345996,
      "rev_growth_yoy": 0.9234612361802482,
      "rev_growth_yoy_accel": 0.2696396948247388,
      "op_leverage_ratio": 2.8030455861424177,
      "fcf_margin_change": 0.16352687286718237
    },
    {
      "date": "2022-09-30T00:00:00",
      "quarter_label": "2022-09 (Q3)",
      "revenue": 10826335,
      "gross_profit": 4228905,
      "operating_income": -1329437,
      "net_income": -906232,
      "opex": 12155772,
      "cogs": 6597430,
      "rd": null,
      "sga": null,
      "fcf": -2359570,
      "ocf": -2349783,
      "capex": -9787,
      "gross_margin": 0.3906127974055855,
      "op_margin": -0.12279658813439635,
      "fcf_margin": -0.21794725546549223,
      "incr_op_margin_yoy": 0.05303951268629289,
      "rev_growth_yoy": 0.4231047699218644,
      "rev_growth_yoy_accel": -0.5003564662583838,
      "fcf_margin_change": -0.07147954545076776
    },
    {
      "date": "2022-12-31T00:00:00",
      "quarter_label": "2022-12 (Q4)",
      "revenue": 8802255,
      "gross_profit": 3053632,
      "operating_income": -1408269,
      "net_income": -917133,
      "opex": 10210524,
      "cogs": 5748623,
      "rd": null,
      "sga": null,
      "fcf": 3821534,
      "ocf": 3859443,
      "capex": -37909,
      "gross_margin": 0.3469147394616493,
      "op_margin": -0.15998957085428678,
      "fcf_margin": 0.4341539753165524,
      "incr_op_margin_yoy": 0.9602562705915952,
      "rev_growth_yoy": -0.16172672435302834,
      "rev_growth_yoy_accel": -0.5848314942748928,
      "fcf_margin_change": 0.6521012307820446
    },
    {
      "date": "2023-03-31T00:00:00",
      "quarter_label": "2023-03 (Q1)",
      "revenue": 8737722,
      "gross_profit": 2777560,
      "operating_income": -3376861,
      "net_income": -2806339,
      "opex": 12114583,
      "cogs": 5960162,
      "rd": null,
      "sga": null,
      "fcf": -2484308,
      "ocf": -2436879,
      "capex": -47429,
      "gross_margin": 0.3178814798639737,
      "op_margin": -0.38646926510136165,
      "fcf_margin": -0.28431987193000646,
      "rev_growth_yoy": -0.01716628032956235,
      "rev_growth_yoy_accel": 0.144560444023466,
      "fcf_margin_change": -0.7184738472465588
    },
    {
      "date": "2023-06-30T00:00:00",
      "quarter_label": "2023-06 (Q2)",
      "revenue": 10689059,
      "gross_profit": 4434542,
      "operating_income": -1675780,
      "net_income": -1033426,
      "opex": 12364839,
      "cogs": 6254517,
      "rd": null,
      "sga": null,
      "fcf": -1395337,
      "ocf": -1376963,
      "capex": -18374,
      "gross_margin": 0.4148673891686817,
      "op_margin": -0.15677525963698022,
      "fcf_margin": -0.1305388060819947,
      "incr_op_margin_yoy": 0.6534170360263396,
      "rev_growth_yoy": -0.1501113420350829,
      "rev_growth_yoy_accel": -0.13294506170552053,
      "op_leverage_ratio": 10.810804841262929,
      "fcf_margin_change": 0.15378106584801177
    },
    {
      "date": "2023-09-30T00:00:00",
      "quarter_label": "2023-09 (Q3)",
      "revenue": 7894901,
      "gross_profit": 3209464,
      "operating_income": -2641140,
      "net_income": -1982938,
      "opex": 10536041,
      "cogs": 4685437,
      "rd": null,
      "sga": null,
      "fcf": 9459839,
      "ocf": 9493747,
      "capex": -33908,
      "gross_margin": 0.40652365368482773,
      "op_margin": -0.33453744385141754,
      "fcf_margin": 1.1982213583172228,
      "incr_op_margin_yoy": 0.4474612084051696,
      "rev_growth_yoy": -0.2707688243528396,
      "rev_growth_yoy_accel": -0.12065748231775672,
      "fcf_margin_change": 1.3287601643992175
    },
    {
      "date": "2023-12-31T00:00:00",
      "quarter_label": "2023-12 (Q4)",
      "revenue": 8892916,
      "gross_profit": 4171587,
      "operating_income": -2188501,
      "net_income": -1526657,
      "opex": 11081417,
      "cogs": 4721329,
      "rd": null,
      "sga": null,
      "fcf": -10544233,
      "ocf": -10512222,
      "capex": -32011,
      "gross_margin": 0.4690910158152849,
      "op_margin": -0.2460948692195001,
      "fcf_margin": -1.185689036082203,
      "rev_growth_yoy": 0.010299747053453916,
      "rev_growth_yoy_accel": 0.28106857140629354,
      "op_leverage_ratio": 2.4421470453877183,
      "fcf_margin_change": -2.3839103943994258
    },
    {
      "date": "2024-03-31T00:00:00",
      "quarter_label": "2024-03 (Q1)",
      "revenue": 6952883,
      "gross_profit": 2984908,
      "operating_income": -4058655,
      "net_income": -3265850,
      "opex": 11011538,
      "cogs": 3967975,
      "rd": null,
      "sga": null,
      "fcf": -3356718,
      "ocf": -3341872,
      "capex": -14846,
      "gross_margin": 0.42930508107212506,
      "op_margin": -0.5837369908281212,
      "fcf_margin": -0.4827807400182054,
      "incr_op_margin_yoy": 0.3819918771384982,
      "rev_growth_yoy": -0.20426822917918422,
      "rev_growth_yoy_accel": -0.21456797623263812,
      "fcf_margin_change": 0.7029082960639976
    },
    {
      "date": "2024-06-30T00:00:00",
      "quarter_label": "2024-06 (Q2)",
      "revenue": 9093816,
      "gross_profit": 3916216,
      "operating_income": -2889308,
      "net_income": -2194828,
      "opex": 11983124,
      "cogs": 5177600,
      "rd": null,
      "sga": null,
      "fcf": -3929831,
      "ocf": -3914985,
      "capex": -14846,
      "gross_margin": 0.43064605661693617,
      "op_margin": -0.31772228512210937,
      "fcf_margin": -0.43214322788145265,
      "incr_op_margin_yoy": 0.7607167058560984,
      "rev_growth_yoy": -0.14924073297752402,
      "rev_growth_yoy_accel": 0.0550274962016602,
      "op_leverage_ratio": 3.489834957466063,
      "fcf_margin_change": 0.05063751213675277
    },
    {
      "date": "2024-09-30T00:00:00",
      "quarter_label": "2024-09 (Q3)",
      "revenue": 8831794,
      "gross_profit": 3621690,
      "operating_income": -9354228,
      "net_income": -8768319,
      "opex": 18186022,
      "cogs": 5210104,
      "rd": null,
      "sga": null,
      "fcf": -1427597,
      "ocf": -1400731,
      "capex": -26866,
      "gross_margin": 0.4100741027247692,
      "op_margin": -1.0591537800813742,
      "fcf_margin": -0.16164292328376317,
      "rev_growth_yoy": 0.11867064577503886,
      "rev_growth_yoy_accel": 0.2679113787525629,
      "fcf_margin_change": 0.2705003045976895
    },
    {
      "date": "2024-12-31T00:00:00",
      "quarter_label": "2024-12 (Q4)",
      "revenue": 11002517,
      "gross_profit": 4153992,
      "operating_income": -3178753,
      "net_income": -4623264,
      "opex": 14181270,
      "cogs": 6848525,
      "rd": null,
      "sga": null,
      "fcf": -2818363,
      "ocf": -2799936,
      "capex": -18427,
      "gross_margin": 0.3775492462315668,
      "op_margin": -0.28891143726476404,
      "fcf_margin": -0.2561562049847321,
      "incr_op_margin_yoy": -0.4694025078676015,
      "rev_growth_yoy": 0.23722263878349914,
      "rev_growth_yoy_accel": 0.11855199300846028,
      "op_leverage_ratio": Infinity,
      "fcf_margin_change": -0.09451328170096895
    },
    {
      "date": "2025-03-31T00:00:00",
      "quarter_label": "2025-03 (Q1)",
      "revenue": 7968363,
      "gross_profit": 3566789,
      "operating_income": -655852,
      "net_income": -142800,
      "opex": 8624215,
      "cogs": 4401574,
      "rd": null,
      "sga": null,
      "fcf": 2004098,
      "ocf": 2008132,
      "capex": -4034,
      "gross_margin": 0.44761878945524947,
      "op_margin": -0.08230699329335273,
      "fcf_margin": 0.2515068653373347,
      "incr_op_margin_yoy": 3.350930594398708,
      "rev_growth_yoy": 0.1460516450514125,
      "rev_growth_yoy_accel": -0.09117099373208665,
      "fcf_margin_change": 0.5076630703220668
    },
    {
      "date": "2025-06-30T00:00:00",
      "quarter_label": "2025-06 (Q2)",
      "revenue": 9133232,
      "gross_profit": 4746620,
      "operating_income": 737810,
      "net_income": 1205068,
      "opex": 8395422,
      "cogs": 4386612,
      "rd": null,
      "sga": null,
      "fcf": -787803,
      "ocf": -762144,
      "capex": -25659,
      "gross_margin": 0.519708685818996,
      "op_margin": 0.08078301306700629,
      "fcf_margin": -0.08625675992901527,
      "rev_growth_yoy": 0.004334374040556792,
      "rev_growth_yoy_accel": -0.1417172710108557,
      "op_leverage_ratio": Infinity,
      "fcf_margin_change": -0.33776362526634995
    },
    {
      "date": "2025-09-30T00:00:00",
      "quarter_label": "2025-09 (Q3)",
      "revenue": 8072380,
      "gross_profit": 3920005,
      "operating_income": -330419,
      "net_income": 147745,
      "opex": 8402799,
      "cogs": 4152375,
      "rd": null,
      "sga": null,
      "fcf": 1189977,
      "ocf": 1189977,
      "capex": null,
      "gross_margin": 0.48560709480970915,
      "op_margin": -0.040932042346866725,
      "fcf_margin": 0.1474134022432046,
      "rev_growth_yoy": -0.08598638057001783,
      "rev_growth_yoy_accel": -0.09032075461057462,
      "fcf_margin_change": 0.23367016217221986
    }
  ],
  "signals": [
    {
      "quarter": "2025-09 (Q3)",
      "signal": "FCF TURNED POSITIVE",
      "detail": "FCF margin: -8.6% -> +14.7%",
      "severity": "HIGH"
    },
    {
      "quarter": "2025-09 (Q3)",
      "signal": "YoY REVENUE GROWTH DECELERATION",
      "detail": "YoY growth: -8.6% vs prior quarter YoY: +0.4% (decel: -9.0%)",
      "severity": "WARNING"
    },
    {
      "quarter": "2025-06 (Q2)",
      "signal": "YoY REVENUE GROWTH DECELERATION",
      "detail": "YoY growth: +0.4% vs prior quarter YoY: +14.6% (decel: -14.2%)",
      "severity": "WARNING"
    },
    {
      "quarter": "2025-06 (Q2)",
      "signal": "OP MARGIN TURNED POSITIVE (YoY)",
      "detail": "Op margin: -31.8% (year-ago) -> +8.1%",
      "severity": "HIGH"
    },
    {
      "quarter": "2025-06 (Q2)",
      "signal": "OP MARGIN TURNED POSITIVE (QoQ)",
      "detail": "Op margin: -8.2% -> +8.1%",
      "severity": "HIGH"
    },
    {
      "quarter": "2025-03 (Q1)",
      "signal": "FCF TURNED POSITIVE",
      "detail": "FCF margin: -25.6% -> +25.2%",
      "severity": "HIGH"
    },
    {
      "quarter": "2025-03 (Q1)",
      "signal": "GROSS MARGIN INFLECTION",
      "detail": "GM: +41.0% -> +37.8% -> +44.8% (reversal +7.0%)",
      "severity": "HIGH"
    },
    {
      "quarter": "2025-03 (Q1)",
      "signal": "YoY REVENUE GROWTH DECELERATION",
      "detail": "YoY growth: +14.6% vs prior quarter YoY: +23.7% (decel: -9.1%)",
      "severity": "WARNING"
    },
    {
      "quarter": "2024-12 (Q4)",
      "signal": "YoY REVENUE GROWTH ACCELERATION",
      "detail": "YoY growth: +23.7% vs prior quarter YoY: +11.9% (accel: +11.9%)",
      "severity": "MEDIUM"
    },
    {
      "quarter": "2024-09 (Q3)",
      "signal": "FCF MARGIN EXPANSION",
      "detail": "FCF margin: -43.2% -> -16.2% (+27.1%)",
      "severity": "MEDIUM"
    },
    {
      "quarter": "2024-09 (Q3)",
      "signal": "YoY REVENUE GROWTH ACCELERATION",
      "detail": "YoY growth: +11.9% vs prior quarter YoY: -14.9% (accel: +26.8%)",
      "severity": "HIGH"
    },
    {
      "quarter": "2024-06 (Q2)",
      "signal": "FCF MARGIN EXPANSION",
      "detail": "FCF margin: -48.3% -> -43.2% (+5.1%)",
      "severity": "MEDIUM"
    },
    {
      "quarter": "2024-06 (Q2)",
      "signal": "OPERATING LEVERAGE",
      "detail": "Rev growth +30.8% vs OpEx growth +8.8% (leverage: 3.5x)",
      "severity": "MEDIUM"
    },
    {
      "quarter": "2024-06 (Q2)",
      "signal": "YoY REVENUE GROWTH ACCELERATION",
      "detail": "YoY growth: -14.9% vs prior quarter YoY: -20.4% (accel: +5.5%)",
      "severity": "MEDIUM"
    },
    {
      "quarter": "2024-03 (Q1)",
      "signal": "FCF MARGIN EXPANSION",
      "detail": "FCF margin: -118.6% -> -48.3% (+70.3%)",
      "severity": "MEDIUM"
    },
    {
      "quarter": "2024-03 (Q1)",
      "signal": "YoY REVENUE GROWTH DECELERATION",
      "detail": "YoY growth: -20.4% vs prior quarter YoY: +1.0% (decel: -21.5%)",
      "severity": "WARNING"
    },
    {
      "quarter": "2023-12 (Q4)",
      "signal": "OPERATING LEVERAGE",
      "detail": "Rev growth +12.6% vs OpEx growth +5.2% (leverage: 2.4x)",
      "severity": "MEDIUM"
    },
    {
      "quarter": "2023-12 (Q4)",
      "signal": "GROSS MARGIN INFLECTION",
      "detail": "GM: +41.5% -> +40.7% -> +46.9% (reversal +6.3%)",
      "severity": "HIGH"
    },
    {
      "quarter": "2023-12 (Q4)",
      "signal": "YoY REVENUE GROWTH ACCELERATION",
      "detail": "YoY growth: +1.0% vs prior quarter YoY: -27.1% (accel: +28.1%)",
      "severity": "HIGH"
    },
    {
      "quarter": "2023-09 (Q3)",
      "signal": "FCF TURNED POSITIVE",
      "detail": "FCF margin: -13.1% -> +119.8%",
      "severity": "HIGH"
    },
    {
      "quarter": "2023-09 (Q3)",
      "signal": "YoY REVENUE GROWTH DECELERATION",
      "detail": "YoY growth: -27.1% vs prior quarter YoY: -15.0% (decel: -12.1%)",
      "severity": "WARNING"
    },
    {
      "quarter": "2023-06 (Q2)",
      "signal": "FCF MARGIN EXPANSION",
      "detail": "FCF margin: -28.4% -> -13.1% (+15.4%)",
      "severity": "MEDIUM"
    },
    {
      "quarter": "2023-06 (Q2)",
      "signal": "OPERATING LEVERAGE",
      "detail": "Rev growth +22.3% vs OpEx growth +2.1% (leverage: 10.8x)",
      "severity": "MEDIUM"
    },
    {
      "quarter": "2023-06 (Q2)",
      "signal": "GROSS MARGIN INFLECTION",
      "detail": "GM: +34.7% -> +31.8% -> +41.5% (reversal +9.7%)",
      "severity": "HIGH"
    },
    {
      "quarter": "2023-06 (Q2)",
      "signal": "YoY REVENUE GROWTH DECELERATION",
      "detail": "YoY growth: -15.0% vs prior quarter YoY: -1.7% (decel: -13.3%)",
      "severity": "WARNING"
    },
    {
      "quarter": "2023-03 (Q1)",
      "signal": "YoY REVENUE GROWTH ACCELERATION",
      "detail": "YoY growth: -1.7% vs prior quarter YoY: -16.2% (accel: +14.5%)",
      "severity": "MEDIUM"
    },
    {
      "quarter": "2022-12 (Q4)",
      "signal": "FCF TURNED POSITIVE",
      "detail": "FCF margin: -21.8% -> +43.4%",
      "severity": "HIGH"
    },
    {
      "quarter": "2022-12 (Q4)",
      "signal": "YoY REVENUE GROWTH DECELERATION",
      "detail": "YoY growth: -16.2% vs prior quarter YoY: +42.3% (decel: -58.5%)",
      "severity": "WARNING"
    },
    {
      "quarter": "2022-09 (Q3)",
      "signal": "YoY REVENUE GROWTH DECELERATION",
      "detail": "YoY growth: +42.3% vs prior quarter YoY: +92.3% (decel: -50.0%)",
      "severity": "WARNING"
    },
    {
      "quarter": "2022-06 (Q2)",
      "signal": "FCF MARGIN EXPANSION",
      "detail": "FCF margin: -31.0% -> -14.6% (+16.4%)",
      "severity": "MEDIUM"
    },
    {
      "quarter": "2022-06 (Q2)",
      "signal": "OPERATING LEVERAGE",
      "detail": "Rev growth +41.5% vs OpEx growth +14.8% (leverage: 2.8x)",
      "severity": "MEDIUM"
    },
    {
      "quarter": "2022-06 (Q2)",
      "signal": "YoY REVENUE GROWTH ACCELERATION",
      "detail": "YoY growth: +92.3% vs prior quarter YoY: +65.4% (accel: +27.0%)",
      "severity": "HIGH"
    },
    {
      "quarter": "2021-12 (Q4)",
      "signal": "FCF TURNED POSITIVE",
      "detail": "FCF margin: -6.7% -> +10.3%",
      "severity": "HIGH"
    },
    {
      "quarter": "2021-12 (Q4)",
      "signal": "OPERATING LEVERAGE",
      "detail": "Rev growth +38.0% vs OpEx growth +12.8% (leverage: 3.0x)",
      "severity": "MEDIUM"
    },
    {
      "quarter": "2021-12 (Q4)",
      "signal": "GROSS MARGIN INFLECTION",
      "detail": "GM: +49.8% -> +47.7% -> +54.3% (reversal +6.6%)",
      "severity": "HIGH"
    },
    {
      "quarter": "2021-12 (Q4)",
      "signal": "OP MARGIN TURNED POSITIVE (YoY)",
      "detail": "Op margin: -16.3% (year-ago) -> +2.1%",
      "severity": "HIGH"
    },
    {
      "quarter": "2021-12 (Q4)",
      "signal": "OP MARGIN TURNED POSITIVE (QoQ)",
      "detail": "Op margin: -19.7% -> +2.1%",
      "severity": "HIGH"
    },
    {
      "quarter": "2021-09 (Q3)",
      "signal": "FCF MARGIN EXPANSION",
      "detail": "FCF margin: -35.4% -> -6.7% (+28.6%)",
      "severity": "MEDIUM"
    },
    {
      "quarter": "2021-09 (Q3)",
      "signal": "OPERATING LEVERAGE",
      "detail": "Rev growth +16.3% vs OpEx growth +5.8% (leverage: 2.8x)",
      "severity": "MEDIUM"
    }
  ],
  "data_quality": {
    "n_quarters": 20,
    "coverage": {
      "revenue": [
        20,
        20
      ],
      "gross_profit": [
        20,
        20
      ],
      "op_income": [
        20,
        20
      ],
      "fcf": [
        20,
        20
      ]
    },
    "gaps": [],
    "warnings": []
  },
  "market_cap": null,
  "source": "SEC EDGAR",
  "last_updated": "2026-02-02T23:32:52.056653",
  "sector": "Communication Services",
  "industry": "Internet Content & Information"
}