{
  "ticker": "J",
  "name": "JACOBS SOLUTIONS INC.",
  "quarters": [
    {
      "date": "2021-04-02T00:00:00",
      "quarter_label": "2021-04 (Q2)",
      "revenue": 3547873000,
      "gross_profit": 767013000,
      "operating_income": -41112000,
      "net_income": 11045000,
      "opex": 808125000,
      "cogs": 2780860000,
      "rd": null,
      "sga": 808125000,
      "fcf": 209327000,
      "ocf": 237614000,
      "capex": -28287000,
      "gross_margin": 0.2161895310232356,
      "op_margin": -0.011587787950696093,
      "fcf_margin": 0.059000702674532036
    },
    {
      "date": "2021-07-02T00:00:00",
      "quarter_label": "2021-07 (Q3)",
      "revenue": 3576436000,
      "gross_profit": 816935000,
      "operating_income": 263746000,
      "net_income": 165794000,
      "opex": 553189000,
      "cogs": 2759501000,
      "rd": null,
      "sga": 553189000,
      "fcf": 152724000,
      "ocf": 173341000,
      "capex": -20617000,
      "gross_margin": 0.22842153473457935,
      "op_margin": 0.07374548293328889,
      "fcf_margin": 0.04270284719200903,
      "fcf_margin_change": -0.016297855482523008
    },
    {
      "date": "2021-10-01T00:00:00",
      "quarter_label": "2021-10 (Q4)",
      "revenue": 3586488000,
      "gross_profit": 827765000,
      "operating_income": 251517000,
      "net_income": 43145000,
      "opex": 576248000,
      "cogs": 2758723000,
      "rd": null,
      "sga": 576248000,
      "fcf": 175559000,
      "ocf": 202703000,
      "capex": -27144000,
      "gross_margin": 0.23080099529121526,
      "op_margin": 0.07012905103823015,
      "fcf_margin": 0.04895011498714062,
      "fcf_margin_change": 0.006247267795131593
    },
    {
      "date": "2021-12-31T00:00:00",
      "quarter_label": "2021-12 (Q4)",
      "revenue": 3380625000,
      "gross_profit": 796474000,
      "operating_income": 177333000,
      "net_income": 134034000,
      "opex": 619141000,
      "cogs": 2584151000,
      "rd": null,
      "sga": 619141000,
      "fcf": 302327000,
      "ocf": 321645000,
      "capex": -19318000,
      "gross_margin": 0.23559963024588648,
      "op_margin": 0.052455684969495285,
      "fcf_margin": 0.0894293215012017,
      "fcf_margin_change": 0.040479206514061075
    },
    {
      "date": "2022-04-01T00:00:00",
      "quarter_label": "2022-04 (Q2)",
      "revenue": 3834059000,
      "gross_profit": 870410000,
      "operating_income": 166215000,
      "net_income": 88816000,
      "opex": 704195000,
      "cogs": 2963649000,
      "rd": null,
      "sga": 704195000,
      "fcf": 95706000,
      "ocf": 124611000,
      "capex": -28905000,
      "gross_margin": 0.2270205022927399,
      "op_margin": 0.04335222801735706,
      "fcf_margin": 0.024962057182740277,
      "incr_op_margin_yoy": 0.7244484356327703,
      "rev_growth_yoy": 0.08066410494400447,
      "op_leverage_ratio": 0.9763643295136639,
      "fcf_margin_change": -0.06446726431846142
    },
    {
      "date": "2022-07-01T00:00:00",
      "quarter_label": "2022-07 (Q3)",
      "revenue": 3827093000,
      "gross_profit": 824475000,
      "operating_income": 265762000,
      "net_income": 195983000,
      "opex": 558713000,
      "cogs": 3002618000,
      "rd": null,
      "sga": 558713000,
      "fcf": -280917000,
      "ocf": -249087000,
      "capex": -31830000,
      "gross_margin": 0.2154311379420359,
      "op_margin": 0.06944226335759282,
      "fcf_margin": -0.07340218803149022,
      "incr_op_margin_yoy": 0.00804286335510279,
      "rev_growth_yoy": 0.07008569424980624,
      "rev_growth_yoy_accel": -0.010578410694198237,
      "fcf_margin_change": -0.0983642452142305
    },
    {
      "date": "2022-09-30T00:00:00",
      "quarter_label": "2022-09 (Q3)",
      "revenue": 3881048000,
      "gross_profit": 835681000,
      "operating_income": 308540000,
      "net_income": 225207000,
      "opex": 527141000,
      "cogs": 3045367000,
      "rd": null,
      "sga": 527141000,
      "fcf": 229978000,
      "ocf": 277540000,
      "capex": -47562000,
      "gross_margin": 0.21532354147642596,
      "op_margin": 0.0794991455916031,
      "fcf_margin": 0.05925667500118525,
      "incr_op_margin_yoy": 0.19358704508419336,
      "rev_growth_yoy": 0.08213048531042066,
      "rev_growth_yoy_accel": 0.01204479106061443,
      "op_leverage_ratio": null,
      "fcf_margin_change": 0.13265886303267546
    },
    {
      "date": "2022-12-30T00:00:00",
      "quarter_label": "2022-12 (Q4)",
      "revenue": 3798668000,
      "gross_profit": 814713000,
      "operating_income": 237805000,
      "net_income": 135647000,
      "opex": 576908000,
      "cogs": 2983955000,
      "rd": null,
      "sga": 576908000,
      "fcf": 270110000,
      "ocf": 302297000,
      "capex": -32187000,
      "gross_margin": 0.21447333644319536,
      "op_margin": 0.06260220687883226,
      "fcf_margin": 0.07110650364812086,
      "incr_op_margin_yoy": 0.14465497568431956,
      "rev_growth_yoy": 0.12365849510075799,
      "rev_growth_yoy_accel": 0.04152800979033733,
      "fcf_margin_change": 0.011849828646935616
    },
    {
      "date": "2023-03-31T00:00:00",
      "quarter_label": "2023-03 (Q1)",
      "revenue": 4078332000,
      "gross_profit": 890294000,
      "operating_income": 289863000,
      "net_income": 216512000,
      "opex": 600431000,
      "cogs": 3188038000,
      "rd": null,
      "sga": 600431000,
      "fcf": 96840000,
      "ocf": 132042000,
      "capex": -35202000,
      "gross_margin": 0.21829855931297404,
      "op_margin": 0.07107390962775958,
      "fcf_margin": 0.023745001633020558,
      "incr_op_margin_yoy": 0.5061877489530157,
      "rev_growth_yoy": 0.0637113304724836,
      "rev_growth_yoy_accel": -0.05994716462827439,
      "op_leverage_ratio": 1.8055897452913336,
      "fcf_margin_change": -0.04736150201510031
    },
    {
      "date": "2023-06-30T00:00:00",
      "quarter_label": "2023-06 (Q2)",
      "revenue": 4186702000,
      "gross_profit": 856743000,
      "operating_income": 269741000,
      "net_income": 164239000,
      "opex": 587002000,
      "cogs": 3329959000,
      "rd": null,
      "sga": 587002000,
      "fcf": 290210000,
      "ocf": 321061000,
      "capex": -30851000,
      "gross_margin": 0.20463433986942467,
      "op_margin": 0.06442803906272765,
      "fcf_margin": 0.06931709015831554,
      "incr_op_margin_yoy": 0.011064795374976712,
      "rev_growth_yoy": 0.09396400871366335,
      "rev_growth_yoy_accel": 0.030252678241179748,
      "op_leverage_ratio": null,
      "fcf_margin_change": 0.045572088525294985
    },
    {
      "date": "2023-09-29T00:00:00",
      "quarter_label": "2023-09 (Q3)",
      "revenue": 2834280000,
      "gross_profit": 911566000,
      "operating_income": 168358000,
      "net_income": 149379000,
      "opex": 743208000,
      "cogs": 3377146000,
      "rd": null,
      "sga": 633737000,
      "fcf": 180117000,
      "ocf": 219363000,
      "capex": -39246000,
      "gross_margin": 0.3216217169792681,
      "op_margin": 0.059400623791580225,
      "fcf_margin": 0.06354947288200177,
      "incr_op_margin_yoy": 0.13391888173883804,
      "rev_growth_yoy": -0.2697127167713463,
      "rev_growth_yoy_accel": -0.3636767254850096,
      "fcf_margin_change": -0.005767617276313766
    },
    {
      "date": "2023-12-29T00:00:00",
      "quarter_label": "2023-12 (Q4)",
      "revenue": 4159225000,
      "gross_profit": 850538000,
      "operating_income": 204063000,
      "net_income": 171610000,
      "opex": 646475000,
      "cogs": 3308687000,
      "rd": null,
      "sga": 646475000,
      "fcf": 401055000,
      "ocf": 418361000,
      "capex": -17306000,
      "gross_margin": 0.20449434690356977,
      "op_margin": 0.04906274606447115,
      "fcf_margin": 0.09642541579260559,
      "incr_op_margin_yoy": -0.09358298410514843,
      "rev_growth_yoy": 0.09491669185093302,
      "rev_growth_yoy_accel": 0.3646294086222793,
      "op_leverage_ratio": null,
      "fcf_margin_change": 0.03287594291060382
    },
    {
      "date": "2024-03-29T00:00:00",
      "quarter_label": "2024-03 (Q1)",
      "revenue": 4269093000,
      "gross_profit": 904615000,
      "operating_income": 280988000,
      "net_income": 162112000,
      "opex": 623627000,
      "cogs": 3364478000,
      "rd": null,
      "sga": 623627000,
      "fcf": -70625000,
      "ocf": -42823000,
      "capex": -27802000,
      "gross_margin": 0.21189863982817897,
      "op_margin": 0.0658191330102202,
      "fcf_margin": -0.016543326650414972,
      "incr_op_margin_yoy": -0.04652418471280818,
      "rev_growth_yoy": 0.04677426948075831,
      "rev_growth_yoy_accel": -0.04814242237017471,
      "op_leverage_ratio": null,
      "fcf_margin_change": -0.11296874244302056
    },
    {
      "date": "2024-06-28T00:00:00",
      "quarter_label": "2024-06 (Q2)",
      "revenue": 4231580000,
      "gross_profit": 916780000,
      "operating_income": 260464000,
      "net_income": 146934000,
      "opex": 656316000,
      "cogs": 3314800000,
      "rd": null,
      "sga": 656316000,
      "fcf": 444939000,
      "ocf": 482603000,
      "capex": -37664000,
      "gross_margin": 0.2166519361562348,
      "op_margin": 0.06155242249939739,
      "fcf_margin": 0.10514724996337066,
      "incr_op_margin_yoy": -0.20671598556085388,
      "rev_growth_yoy": 0.010719177051531253,
      "rev_growth_yoy_accel": -0.036055092429227054,
      "fcf_margin_change": 0.12169057661378563
    },
    {
      "date": "2024-09-27T00:00:00",
      "quarter_label": "2024-09 (Q3)",
      "revenue": 2960150000,
      "gross_profit": 160823000,
      "operating_income": 196205000,
      "net_income": 325437000,
      "opex": -35382000,
      "cogs": -1319780000,
      "rd": null,
      "sga": 213903000,
      "fcf": 158190000,
      "ocf": 196532000,
      "capex": -38342000,
      "gross_margin": 0.054329341418509196,
      "op_margin": 0.06628211408205666,
      "fcf_margin": 0.053439859466581086,
      "incr_op_margin_yoy": 0.2212361960753158,
      "rev_growth_yoy": 0.04440986776183017,
      "rev_growth_yoy_accel": 0.03369069071029891,
      "fcf_margin_change": -0.051707390496789574
    },
    {
      "date": "2024-12-27T00:00:00",
      "quarter_label": "2024-12 (Q4)",
      "revenue": 2932956000,
      "gross_profit": 721267000,
      "operating_income": 208418000,
      "net_income": -18130000,
      "opex": 512849000,
      "cogs": 2211689000,
      "rd": null,
      "sga": 512849000,
      "fcf": 97123000,
      "ocf": 107456000,
      "capex": -10333000,
      "gross_margin": 0.2459181112843152,
      "op_margin": 0.07106073190324028,
      "fcf_margin": 0.03311437334893534,
      "incr_op_margin_yoy": -0.003551423056441939,
      "rev_growth_yoy": -0.29483112839531406,
      "rev_growth_yoy_accel": -0.3392409961571442,
      "fcf_margin_change": -0.020325486117645744
    },
    {
      "date": "2025-03-28T00:00:00",
      "quarter_label": "2025-03 (Q1)",
      "revenue": 2910415000,
      "gross_profit": 738345000,
      "operating_income": 208648000,
      "net_income": 5612000,
      "opex": 529697000,
      "cogs": 2172070000,
      "rd": null,
      "sga": 529697000,
      "fcf": -113701000,
      "ocf": -96431000,
      "capex": -17270000,
      "gross_margin": 0.25369062487652105,
      "op_margin": 0.07169011979391256,
      "fcf_margin": -0.0390669371893699,
      "incr_op_margin_yoy": 0.05324293173216906,
      "rev_growth_yoy": -0.31825917121037184,
      "rev_growth_yoy_accel": -0.02342804281505778,
      "fcf_margin_change": -0.07218131053830523
    },
    {
      "date": "2025-06-27T00:00:00",
      "quarter_label": "2025-06 (Q2)",
      "revenue": 3031768000,
      "gross_profit": 758410000,
      "operating_income": 235014000,
      "net_income": 179605000,
      "opex": 523396000,
      "cogs": 2273358000,
      "rd": null,
      "sga": 523396000,
      "fcf": 270542000,
      "ocf": 292594000,
      "capex": -22052000,
      "gross_margin": 0.2501543653736038,
      "op_margin": 0.07751714511136736,
      "fcf_margin": 0.08923571988357948,
      "incr_op_margin_yoy": 0.021211656492850547,
      "rev_growth_yoy": -0.2835375911598032,
      "rev_growth_yoy_accel": 0.034721580050568635,
      "op_leverage_ratio": null,
      "fcf_margin_change": 0.12830265707294938
    },
    {
      "date": "2025-09-26T00:00:00",
      "quarter_label": "2025-09 (Q3)",
      "revenue": 3154644000,
      "gross_profit": 766913000,
      "operating_income": 211555000,
      "net_income": 122250000,
      "opex": 555358000,
      "cogs": 2387731000,
      "rd": null,
      "sga": 555358000,
      "fcf": 353508000,
      "ocf": 383085000,
      "capex": -29577000,
      "gross_margin": 0.24310603668749944,
      "op_margin": 0.06706144972301153,
      "fcf_margin": 0.11205955410499568,
      "incr_op_margin_yoy": 0.07892274311803964,
      "rev_growth_yoy": 0.06570410283262673,
      "rev_growth_yoy_accel": 0.34924169399242994,
      "op_leverage_ratio": 0.6636934821645255,
      "fcf_margin_change": 0.022823834221416206
    },
    {
      "date": "2025-12-26T00:00:00",
      "quarter_label": "2025-12 (Q4)",
      "revenue": 3293281000,
      "gross_profit": 765250000,
      "operating_income": 232561000,
      "net_income": 125508000,
      "opex": 532689000,
      "cogs": 2528031000,
      "rd": null,
      "sga": 532689000,
      "fcf": 364939000,
      "ocf": 380760000,
      "capex": -15821000,
      "gross_margin": 0.2323670527962843,
      "op_margin": 0.07061681040882938,
      "fcf_margin": 0.11081319814495028,
      "incr_op_margin_yoy": 0.06700339970859641,
      "rev_growth_yoy": 0.1228538716571268,
      "rev_growth_yoy_accel": 0.05714976882450007,
      "op_leverage_ratio": null,
      "fcf_margin_change": -0.0012463559600454088
    }
  ],
  "signals": [
    {
      "quarter": "2025-12 (Q4)",
      "signal": "YoY REVENUE GROWTH ACCELERATION",
      "detail": "YoY growth: +12.3% vs prior quarter YoY: +6.6% (accel: +5.7%)",
      "severity": "MEDIUM"
    },
    {
      "quarter": "2025-09 (Q3)",
      "signal": "YoY REVENUE GROWTH ACCELERATION",
      "detail": "YoY growth: +6.6% vs prior quarter YoY: -28.4% (accel: +34.9%)",
      "severity": "HIGH"
    },
    {
      "quarter": "2025-06 (Q2)",
      "signal": "FCF TURNED POSITIVE",
      "detail": "FCF margin: -3.9% -> +8.9%",
      "severity": "HIGH"
    },
    {
      "quarter": "2024-12 (Q4)",
      "signal": "GROSS MARGIN INFLECTION",
      "detail": "GM: +21.7% -> +5.4% -> +24.6% (reversal +19.2%)",
      "severity": "HIGH"
    },
    {
      "quarter": "2024-12 (Q4)",
      "signal": "YoY REVENUE GROWTH DECELERATION",
      "detail": "YoY growth: -29.5% vs prior quarter YoY: +4.4% (decel: -33.9%)",
      "severity": "WARNING"
    },
    {
      "quarter": "2024-09 (Q3)",
      "signal": "INCREMENTAL MARGIN (YoY)",
      "detail": "YoY Incr OPM: +22.1% vs year-ago OPM: +5.9%",
      "severity": "MEDIUM"
    },
    {
      "quarter": "2024-06 (Q2)",
      "signal": "FCF TURNED POSITIVE",
      "detail": "FCF margin: -1.7% -> +10.5%",
      "severity": "HIGH"
    },
    {
      "quarter": "2023-12 (Q4)",
      "signal": "YoY REVENUE GROWTH ACCELERATION",
      "detail": "YoY growth: +9.5% vs prior quarter YoY: -27.0% (accel: +36.5%)",
      "severity": "HIGH"
    },
    {
      "quarter": "2023-09 (Q3)",
      "signal": "GROSS MARGIN INFLECTION",
      "detail": "GM: +21.8% -> +20.5% -> +32.2% (reversal +11.7%)",
      "severity": "HIGH"
    },
    {
      "quarter": "2023-09 (Q3)",
      "signal": "YoY REVENUE GROWTH DECELERATION",
      "detail": "YoY growth: -27.0% vs prior quarter YoY: +9.4% (decel: -36.4%)",
      "severity": "WARNING"
    },
    {
      "quarter": "2023-03 (Q1)",
      "signal": "OPERATING LEVERAGE",
      "detail": "Rev growth +7.4% vs OpEx growth +4.1% (leverage: 1.8x)",
      "severity": "MEDIUM"
    },
    {
      "quarter": "2023-03 (Q1)",
      "signal": "YoY REVENUE GROWTH DECELERATION",
      "detail": "YoY growth: +6.4% vs prior quarter YoY: +12.4% (decel: -6.0%)",
      "severity": "WARNING"
    },
    {
      "quarter": "2023-03 (Q1)",
      "signal": "INCREMENTAL MARGIN (YoY)",
      "detail": "YoY Incr OPM: +50.6% vs year-ago OPM: +4.3%",
      "severity": "HIGH"
    },
    {
      "quarter": "2022-09 (Q3)",
      "signal": "FCF TURNED POSITIVE",
      "detail": "FCF margin: -7.3% -> +5.9%",
      "severity": "HIGH"
    },
    {
      "quarter": "2022-09 (Q3)",
      "signal": "INCREMENTAL MARGIN (YoY)",
      "detail": "YoY Incr OPM: +19.4% vs year-ago OPM: +7.0%",
      "severity": "MEDIUM"
    },
    {
      "quarter": "2022-04 (Q2)",
      "signal": "OP MARGIN TURNED POSITIVE (YoY)",
      "detail": "Op margin: -1.2% (year-ago) -> +4.3%",
      "severity": "HIGH"
    },
    {
      "quarter": "2021-07 (Q3)",
      "signal": "OP MARGIN TURNED POSITIVE (QoQ)",
      "detail": "Op margin: -1.2% -> +7.4%",
      "severity": "HIGH"
    }
  ],
  "data_quality": {
    "n_quarters": 20,
    "coverage": {
      "revenue": [
        20,
        20
      ],
      "gross_profit": [
        20,
        20
      ],
      "op_income": [
        20,
        20
      ],
      "fcf": [
        20,
        20
      ]
    },
    "gaps": [],
    "warnings": []
  },
  "market_cap": null,
  "source": "SEC EDGAR",
  "last_updated": "2026-02-04T13:47:12.939564",
  "sector": "Industrials",
  "industry": "Engineering & Construction"
}