{
  "ticker": "JAKK",
  "name": "JAKKS Pacific, Inc.",
  "quarters": [
    {
      "date": "2020-12-31T00:00:00",
      "quarter_label": "2020-12 (Q4)",
      "revenue": 128267000,
      "gross_profit": 42029000,
      "operating_income": 1127000,
      "net_income": -11342000,
      "opex": 40902000,
      "cogs": 86238000,
      "rd": null,
      "sga": 40902000,
      "fcf": 25524000,
      "ocf": 27621000,
      "capex": -2097000,
      "gross_margin": 0.3276680673906773,
      "op_margin": 0.008786359702807426,
      "fcf_margin": 0.19899116686287197
    },
    {
      "date": "2021-03-31T00:00:00",
      "quarter_label": "2021-03 (Q1)",
      "revenue": 83843000,
      "gross_profit": 26094000,
      "operating_income": -2723000,
      "net_income": -24086000,
      "opex": 28817000,
      "cogs": 57749000,
      "rd": null,
      "sga": 28817000,
      "fcf": -8433000,
      "ocf": -6961000,
      "capex": -1472000,
      "gross_margin": 0.3112245506482354,
      "op_margin": -0.032477368414775235,
      "fcf_margin": -0.10058084753646697,
      "fcf_margin_change": -0.29957201439933895
    },
    {
      "date": "2021-06-30T00:00:00",
      "quarter_label": "2021-06 (Q2)",
      "revenue": 112352000,
      "gross_profit": 31897000,
      "operating_income": 1821000,
      "net_income": -15084000,
      "opex": 30076000,
      "cogs": 80455000,
      "rd": null,
      "sga": 30076000,
      "fcf": -13823000,
      "ocf": -11570000,
      "capex": -2253000,
      "gross_margin": 0.28390237823981773,
      "op_margin": 0.016207989176872686,
      "fcf_margin": -0.1230329678154372,
      "op_leverage_ratio": 7.782841946439531,
      "fcf_margin_change": -0.022452120278970228
    },
    {
      "date": "2021-09-30T00:00:00",
      "quarter_label": "2021-09 (Q3)",
      "revenue": 236957000,
      "gross_profit": 74924000,
      "operating_income": 36743000,
      "net_income": 36334000,
      "opex": 38181000,
      "cogs": 162033000,
      "rd": null,
      "sga": 38181000,
      "fcf": -11061000,
      "ocf": -8411000,
      "capex": -2650000,
      "gross_margin": 0.3161923893364619,
      "op_margin": 0.15506188886591238,
      "fcf_margin": -0.04667935532607182,
      "op_leverage_ratio": 4.115491591509966,
      "fcf_margin_change": 0.07635361248936537
    },
    {
      "date": "2021-12-31T00:00:00",
      "quarter_label": "2021-12 (Q4)",
      "revenue": 187964000,
      "gross_profit": 50042000,
      "operating_income": 2926000,
      "net_income": -3172000,
      "opex": 47116000,
      "cogs": 137922000,
      "rd": null,
      "sga": 1638000,
      "fcf": 19217000,
      "ocf": 21063000,
      "capex": -1846000,
      "gross_margin": 0.2662318316273329,
      "op_margin": 0.015566810665872188,
      "fcf_margin": 0.10223766253112299,
      "incr_op_margin_yoy": 0.030135517697706754,
      "rev_growth_yoy": 0.4654119921725775,
      "fcf_margin_change": 0.1489170178571948
    },
    {
      "date": "2022-03-31T00:00:00",
      "quarter_label": "2022-03 (Q1)",
      "revenue": 120881000,
      "gross_profit": 29917000,
      "operating_income": -734000,
      "net_income": -3809000,
      "opex": 30651000,
      "cogs": 90964000,
      "rd": null,
      "sga": 30651000,
      "fcf": -4553000,
      "ocf": -2736000,
      "capex": -1817000,
      "gross_margin": 0.24749133445289168,
      "op_margin": -0.00607208742482276,
      "fcf_margin": -0.03766514175097824,
      "incr_op_margin_yoy": 0.05370160375830228,
      "rev_growth_yoy": 0.44175423112245504,
      "rev_growth_yoy_accel": -0.02365776105012246,
      "fcf_margin_change": -0.13990280428210122
    },
    {
      "date": "2022-06-30T00:00:00",
      "quarter_label": "2022-06 (Q2)",
      "revenue": 220422000,
      "gross_profit": 60890000,
      "operating_income": 23660000,
      "net_income": 26560000,
      "opex": 37230000,
      "cogs": 159532000,
      "rd": null,
      "sga": 36930000,
      "fcf": 35826000,
      "ocf": 39285000,
      "capex": -3459000,
      "gross_margin": 0.27624284327335746,
      "op_margin": 0.10733955775739264,
      "fcf_margin": 0.16253368538530635,
      "incr_op_margin_yoy": 0.20208198389932452,
      "rev_growth_yoy": 0.9618876388493307,
      "rev_growth_yoy_accel": 0.5201334077268757,
      "op_leverage_ratio": 3.83644270818203,
      "fcf_margin_change": 0.2001988271362846
    },
    {
      "date": "2022-09-30T00:00:00",
      "quarter_label": "2022-09 (Q3)",
      "revenue": 322998000,
      "gross_profit": 91911000,
      "operating_income": 53741000,
      "net_income": 30693000,
      "opex": 38170000,
      "cogs": 231087000,
      "rd": null,
      "sga": 38170000,
      "fcf": 35899000,
      "ocf": 38712000,
      "capex": -2813000,
      "gross_margin": 0.28455594152285774,
      "op_margin": 0.16638183518164198,
      "fcf_margin": 0.11114310305326967,
      "incr_op_margin_yoy": 0.1975569786497135,
      "rev_growth_yoy": 0.36310807446076715,
      "rev_growth_yoy_accel": -0.5987795643885636,
      "op_leverage_ratio": 18.43130150541022,
      "fcf_margin_change": -0.05139058233203668
    },
    {
      "date": "2022-12-31T00:00:00",
      "quarter_label": "2022-12 (Q4)",
      "revenue": 131886000,
      "gross_profit": 28568000,
      "operating_income": -15697000,
      "net_income": 37969000,
      "opex": 44265000,
      "cogs": 103318000,
      "rd": null,
      "sga": 44265000,
      "fcf": 8538000,
      "ocf": 10838000,
      "capex": -2300000,
      "gross_margin": 0.21661131583337123,
      "op_margin": -0.11901945619701863,
      "fcf_margin": 0.06473772803785087,
      "incr_op_margin_yoy": 0.3320910160847391,
      "rev_growth_yoy": -0.2983443638143474,
      "rev_growth_yoy_accel": -0.6614524382751146,
      "fcf_margin_change": -0.046405375015418804
    },
    {
      "date": "2023-03-31T00:00:00",
      "quarter_label": "2023-03 (Q1)",
      "revenue": 107484000,
      "gross_profit": 31437000,
      "operating_income": -4400000,
      "net_income": -5313000,
      "opex": 35837000,
      "cogs": 76047000,
      "rd": null,
      "sga": 35837000,
      "fcf": -7606000,
      "ocf": -4116000,
      "capex": -3490000,
      "gross_margin": 0.29248074131963825,
      "op_margin": -0.04093632540657214,
      "fcf_margin": -0.07076402069145175,
      "incr_op_margin_yoy": 0.27364335298947523,
      "rev_growth_yoy": -0.11082800440102249,
      "rev_growth_yoy_accel": 0.18751635941332495,
      "fcf_margin_change": -0.13550174872930262
    },
    {
      "date": "2023-06-30T00:00:00",
      "quarter_label": "2023-06 (Q2)",
      "revenue": 166933000,
      "gross_profit": 51198000,
      "operating_income": 16448000,
      "net_income": 6455000,
      "opex": 34750000,
      "cogs": 115735000,
      "rd": null,
      "sga": 34750000,
      "fcf": 23493000,
      "ocf": 24921000,
      "capex": -1428000,
      "gross_margin": 0.306697896760976,
      "op_margin": 0.09853054818400196,
      "fcf_margin": 0.14073310849262877,
      "incr_op_margin_yoy": 0.1348314606741573,
      "rev_growth_yoy": -0.24266634002050613,
      "rev_growth_yoy_accel": -0.13183833561948366,
      "op_leverage_ratio": Infinity,
      "fcf_margin_change": 0.21149712918408053
    },
    {
      "date": "2023-09-30T00:00:00",
      "quarter_label": "2023-09 (Q3)",
      "revenue": 309744000,
      "gross_profit": 106985000,
      "operating_income": 62399000,
      "net_income": 48132000,
      "opex": 44586000,
      "cogs": 202759000,
      "rd": null,
      "sga": 44586000,
      "fcf": 66070000,
      "ocf": 66865000,
      "capex": -795000,
      "gross_margin": 0.34539813523425794,
      "op_margin": 0.20145345833979028,
      "fcf_margin": 0.21330518105274032,
      "incr_op_margin_yoy": -0.6532367587143504,
      "rev_growth_yoy": -0.04103430980996786,
      "rev_growth_yoy_accel": 0.20163203021053827,
      "op_leverage_ratio": 3.022426516635445,
      "fcf_margin_change": 0.07257207256011156
    },
    {
      "date": "2023-12-31T00:00:00",
      "quarter_label": "2023-12 (Q4)",
      "revenue": 127396000,
      "gross_profit": 33733000,
      "operating_income": -15340000,
      "net_income": -10868000,
      "opex": 49073000,
      "cogs": 93663000,
      "rd": null,
      "sga": 49073000,
      "fcf": -24459000,
      "ocf": -21266000,
      "capex": -3193000,
      "gross_margin": 0.26478853339194325,
      "op_margin": -0.1204119438600898,
      "fcf_margin": -0.1919918992747025,
      "incr_op_margin_yoy": -0.07951002227171493,
      "rev_growth_yoy": -0.03404455362964985,
      "rev_growth_yoy_accel": 0.00698975618031801,
      "fcf_margin_change": -0.4052970803274428
    },
    {
      "date": "2024-03-31T00:00:00",
      "quarter_label": "2024-03 (Q1)",
      "revenue": 90076000,
      "gross_profit": 21052000,
      "operating_income": -21324000,
      "net_income": -14505000,
      "opex": 42376000,
      "cogs": 69024000,
      "rd": 1964000,
      "sga": 42376000,
      "fcf": -15091000,
      "ocf": -12863000,
      "capex": -2228000,
      "gross_margin": 0.23371375283094276,
      "op_margin": -0.23673342510768683,
      "fcf_margin": -0.1675363026777388,
      "incr_op_margin_yoy": 0.9721966911764706,
      "rev_growth_yoy": -0.16195898924491087,
      "rev_growth_yoy_accel": -0.127914435615261,
      "fcf_margin_change": 0.024455596596963697
    },
    {
      "date": "2024-06-30T00:00:00",
      "quarter_label": "2024-06 (Q2)",
      "revenue": 148619000,
      "gross_profit": 47585000,
      "operating_income": 7643000,
      "net_income": 5266000,
      "opex": 39942000,
      "cogs": 101034000,
      "rd": 3399000,
      "sga": 39942000,
      "fcf": -17202000,
      "ocf": -14803000,
      "capex": -2399000,
      "gross_margin": 0.3201811343098796,
      "op_margin": 0.05142680276411495,
      "fcf_margin": -0.11574563144685404,
      "incr_op_margin_yoy": 0.48077973135306323,
      "rev_growth_yoy": -0.10970868552053818,
      "rev_growth_yoy_accel": 0.052250303724372685,
      "op_leverage_ratio": Infinity,
      "fcf_margin_change": 0.051790671230884766
    },
    {
      "date": "2024-09-30T00:00:00",
      "quarter_label": "2024-09 (Q3)",
      "revenue": 321606000,
      "gross_profit": 108831000,
      "operating_income": 68083000,
      "net_income": 52272000,
      "opex": 40748000,
      "cogs": 212775000,
      "rd": 3005000,
      "sga": 40748000,
      "fcf": 9768000,
      "ocf": 12485000,
      "capex": -2717000,
      "gross_margin": 0.33839853734072123,
      "op_margin": 0.2116969210773431,
      "fcf_margin": 0.030372567675976195,
      "incr_op_margin_yoy": 0.47917720451863094,
      "rev_growth_yoy": 0.03829614132961413,
      "rev_growth_yoy_accel": 0.14800482685015232,
      "op_leverage_ratio": 57.681148326435725,
      "fcf_margin_change": 0.14611819912283025
    },
    {
      "date": "2024-12-31T00:00:00",
      "quarter_label": "2024-12 (Q4)",
      "revenue": 130741000,
      "gross_profit": 35553000,
      "operating_income": -14718000,
      "net_income": -9113000,
      "opex": 50271000,
      "cogs": 95188000,
      "rd": 2528000,
      "sga": 50271000,
      "fcf": 50226000,
      "ocf": 54128000,
      "capex": -3902000,
      "gross_margin": 0.27193458823169475,
      "op_margin": -0.11257371444305918,
      "fcf_margin": 0.3841641107227266,
      "incr_op_margin_yoy": 0.185949177877429,
      "rev_growth_yoy": 0.026256711356714497,
      "rev_growth_yoy_accel": -0.012039429972899637,
      "fcf_margin_change": 0.3537915430467504
    },
    {
      "date": "2025-03-31T00:00:00",
      "quarter_label": "2025-03 (Q1)",
      "revenue": 113253000,
      "gross_profit": 39013000,
      "operating_income": -3757000,
      "net_income": -2382000,
      "opex": 42770000,
      "cogs": 74240000,
      "rd": 2399000,
      "sga": 42770000,
      "fcf": -3770000,
      "ocf": -1700000,
      "capex": -2070000,
      "gross_margin": 0.34447652600814105,
      "op_margin": -0.03317351416739513,
      "fcf_margin": -0.033288301413649087,
      "incr_op_margin_yoy": 0.7579496915045087,
      "rev_growth_yoy": 0.2573049424930059,
      "rev_growth_yoy_accel": 0.2310482311362914,
      "fcf_margin_change": -0.4174524121363757
    },
    {
      "date": "2025-06-30T00:00:00",
      "quarter_label": "2025-06 (Q2)",
      "revenue": 119094000,
      "gross_profit": 39023000,
      "operating_income": -2783000,
      "net_income": -2319000,
      "opex": 41806000,
      "cogs": 80071000,
      "rd": 3069000,
      "sga": 41806000,
      "fcf": -16631000,
      "ocf": -14231000,
      "capex": -2400000,
      "gross_margin": 0.32766554150502963,
      "op_margin": -0.023368095789880264,
      "fcf_margin": -0.13964599392076846,
      "incr_op_margin_yoy": 0.3531244707874682,
      "rev_growth_yoy": -0.19866235138172106,
      "rev_growth_yoy_accel": -0.45596729387472695,
      "op_leverage_ratio": Infinity,
      "fcf_margin_change": -0.10635769250711938
    },
    {
      "date": "2025-09-30T00:00:00",
      "quarter_label": "2025-09 (Q3)",
      "revenue": 211210000,
      "gross_profit": 67643000,
      "operating_income": 29363000,
      "net_income": 19892000,
      "opex": 38280000,
      "cogs": 143567000,
      "rd": 2845000,
      "sga": 38280000,
      "fcf": -12202000,
      "ocf": -8822000,
      "capex": -3380000,
      "gross_margin": 0.3202641920363619,
      "op_margin": 0.13902277354291936,
      "fcf_margin": -0.0577718858008617,
      "incr_op_margin_yoy": 0.3507373455559984,
      "rev_growth_yoy": -0.3432647400856949,
      "rev_growth_yoy_accel": -0.14460238870397385,
      "op_leverage_ratio": Infinity,
      "fcf_margin_change": 0.08187410811990675
    }
  ],
  "signals": [
    {
      "quarter": "2025-09 (Q3)",
      "signal": "FCF MARGIN EXPANSION",
      "detail": "FCF margin: -14.0% -> -5.8% (+8.2%)",
      "severity": "MEDIUM"
    },
    {
      "quarter": "2025-09 (Q3)",
      "signal": "YoY REVENUE GROWTH DECELERATION",
      "detail": "YoY growth: -34.3% vs prior quarter YoY: -19.9% (decel: -14.5%)",
      "severity": "WARNING"
    },
    {
      "quarter": "2025-09 (Q3)",
      "signal": "INCREMENTAL MARGIN (YoY)",
      "detail": "YoY Incr OPM: +35.1% vs year-ago OPM: +21.2%",
      "severity": "MEDIUM"
    },
    {
      "quarter": "2025-09 (Q3)",
      "signal": "OP MARGIN TURNED POSITIVE (QoQ)",
      "detail": "Op margin: -2.3% -> +13.9%",
      "severity": "HIGH"
    },
    {
      "quarter": "2025-06 (Q2)",
      "signal": "YoY REVENUE GROWTH DECELERATION",
      "detail": "YoY growth: -19.9% vs prior quarter YoY: +25.7% (decel: -45.6%)",
      "severity": "WARNING"
    },
    {
      "quarter": "2025-03 (Q1)",
      "signal": "GROSS MARGIN INFLECTION",
      "detail": "GM: +33.8% -> +27.2% -> +34.4% (reversal +7.3%)",
      "severity": "HIGH"
    },
    {
      "quarter": "2025-03 (Q1)",
      "signal": "YoY REVENUE GROWTH ACCELERATION",
      "detail": "YoY growth: +25.7% vs prior quarter YoY: +2.6% (accel: +23.1%)",
      "severity": "HIGH"
    },
    {
      "quarter": "2024-12 (Q4)",
      "signal": "FCF MARGIN EXPANSION",
      "detail": "FCF margin: +3.0% -> +38.4% (+35.4%)",
      "severity": "MEDIUM"
    },
    {
      "quarter": "2024-09 (Q3)",
      "signal": "FCF TURNED POSITIVE",
      "detail": "FCF margin: -11.6% -> +3.0%",
      "severity": "HIGH"
    },
    {
      "quarter": "2024-09 (Q3)",
      "signal": "OPERATING LEVERAGE",
      "detail": "Rev growth +116.4% vs OpEx growth +2.0% (leverage: 57.7x)",
      "severity": "MEDIUM"
    },
    {
      "quarter": "2024-09 (Q3)",
      "signal": "YoY REVENUE GROWTH ACCELERATION",
      "detail": "YoY growth: +3.8% vs prior quarter YoY: -11.0% (accel: +14.8%)",
      "severity": "MEDIUM"
    },
    {
      "quarter": "2024-09 (Q3)",
      "signal": "INCREMENTAL MARGIN (YoY)",
      "detail": "YoY Incr OPM: +47.9% vs year-ago OPM: +20.1%",
      "severity": "HIGH"
    },
    {
      "quarter": "2024-06 (Q2)",
      "signal": "FCF MARGIN EXPANSION",
      "detail": "FCF margin: -16.8% -> -11.6% (+5.2%)",
      "severity": "MEDIUM"
    },
    {
      "quarter": "2024-06 (Q2)",
      "signal": "GROSS MARGIN INFLECTION",
      "detail": "GM: +26.5% -> +23.4% -> +32.0% (reversal +8.6%)",
      "severity": "HIGH"
    },
    {
      "quarter": "2024-06 (Q2)",
      "signal": "YoY REVENUE GROWTH ACCELERATION",
      "detail": "YoY growth: -11.0% vs prior quarter YoY: -16.2% (accel: +5.2%)",
      "severity": "MEDIUM"
    },
    {
      "quarter": "2024-06 (Q2)",
      "signal": "INCREMENTAL MARGIN (YoY)",
      "detail": "YoY Incr OPM: +48.1% vs year-ago OPM: +9.9%",
      "severity": "HIGH"
    },
    {
      "quarter": "2024-06 (Q2)",
      "signal": "OP MARGIN TURNED POSITIVE (QoQ)",
      "detail": "Op margin: -23.7% -> +5.1%",
      "severity": "HIGH"
    },
    {
      "quarter": "2024-03 (Q1)",
      "signal": "YoY REVENUE GROWTH DECELERATION",
      "detail": "YoY growth: -16.2% vs prior quarter YoY: -3.4% (decel: -12.8%)",
      "severity": "WARNING"
    },
    {
      "quarter": "2023-09 (Q3)",
      "signal": "FCF MARGIN EXPANSION",
      "detail": "FCF margin: +14.1% -> +21.3% (+7.3%)",
      "severity": "MEDIUM"
    },
    {
      "quarter": "2023-09 (Q3)",
      "signal": "OPERATING LEVERAGE",
      "detail": "Rev growth +85.5% vs OpEx growth +28.3% (leverage: 3.0x)",
      "severity": "MEDIUM"
    },
    {
      "quarter": "2023-09 (Q3)",
      "signal": "YoY REVENUE GROWTH ACCELERATION",
      "detail": "YoY growth: -4.1% vs prior quarter YoY: -24.3% (accel: +20.2%)",
      "severity": "HIGH"
    },
    {
      "quarter": "2023-06 (Q2)",
      "signal": "FCF TURNED POSITIVE",
      "detail": "FCF margin: -7.1% -> +14.1%",
      "severity": "HIGH"
    },
    {
      "quarter": "2023-06 (Q2)",
      "signal": "YoY REVENUE GROWTH DECELERATION",
      "detail": "YoY growth: -24.3% vs prior quarter YoY: -11.1% (decel: -13.2%)",
      "severity": "WARNING"
    },
    {
      "quarter": "2023-06 (Q2)",
      "signal": "OP MARGIN TURNED POSITIVE (QoQ)",
      "detail": "Op margin: -4.1% -> +9.9%",
      "severity": "HIGH"
    },
    {
      "quarter": "2023-03 (Q1)",
      "signal": "GROSS MARGIN INFLECTION",
      "detail": "GM: +28.5% -> +21.7% -> +29.2% (reversal +7.6%)",
      "severity": "HIGH"
    },
    {
      "quarter": "2023-03 (Q1)",
      "signal": "YoY REVENUE GROWTH ACCELERATION",
      "detail": "YoY growth: -11.1% vs prior quarter YoY: -29.8% (accel: +18.8%)",
      "severity": "HIGH"
    },
    {
      "quarter": "2022-12 (Q4)",
      "signal": "YoY REVENUE GROWTH DECELERATION",
      "detail": "YoY growth: -29.8% vs prior quarter YoY: +36.3% (decel: -66.1%)",
      "severity": "WARNING"
    },
    {
      "quarter": "2022-09 (Q3)",
      "signal": "OPERATING LEVERAGE",
      "detail": "Rev growth +46.5% vs OpEx growth +2.5% (leverage: 18.4x)",
      "severity": "MEDIUM"
    },
    {
      "quarter": "2022-09 (Q3)",
      "signal": "YoY REVENUE GROWTH DECELERATION",
      "detail": "YoY growth: +36.3% vs prior quarter YoY: +96.2% (decel: -59.9%)",
      "severity": "WARNING"
    },
    {
      "quarter": "2022-06 (Q2)",
      "signal": "FCF TURNED POSITIVE",
      "detail": "FCF margin: -3.8% -> +16.3%",
      "severity": "HIGH"
    },
    {
      "quarter": "2022-06 (Q2)",
      "signal": "OPERATING LEVERAGE",
      "detail": "Rev growth +82.3% vs OpEx growth +21.5% (leverage: 3.8x)",
      "severity": "MEDIUM"
    },
    {
      "quarter": "2022-06 (Q2)",
      "signal": "GROSS MARGIN INFLECTION",
      "detail": "GM: +26.6% -> +24.7% -> +27.6% (reversal +2.9%)",
      "severity": "MEDIUM"
    },
    {
      "quarter": "2022-06 (Q2)",
      "signal": "YoY REVENUE GROWTH ACCELERATION",
      "detail": "YoY growth: +96.2% vs prior quarter YoY: +44.2% (accel: +52.0%)",
      "severity": "HIGH"
    },
    {
      "quarter": "2022-06 (Q2)",
      "signal": "INCREMENTAL MARGIN (YoY)",
      "detail": "YoY Incr OPM: +20.2% vs year-ago OPM: +1.6%",
      "severity": "MEDIUM"
    },
    {
      "quarter": "2022-06 (Q2)",
      "signal": "OP MARGIN TURNED POSITIVE (QoQ)",
      "detail": "Op margin: -0.6% -> +10.7%",
      "severity": "HIGH"
    },
    {
      "quarter": "2021-12 (Q4)",
      "signal": "FCF TURNED POSITIVE",
      "detail": "FCF margin: -4.7% -> +10.2%",
      "severity": "HIGH"
    },
    {
      "quarter": "2021-09 (Q3)",
      "signal": "FCF MARGIN EXPANSION",
      "detail": "FCF margin: -12.3% -> -4.7% (+7.6%)",
      "severity": "MEDIUM"
    },
    {
      "quarter": "2021-09 (Q3)",
      "signal": "OPERATING LEVERAGE",
      "detail": "Rev growth +110.9% vs OpEx growth +26.9% (leverage: 4.1x)",
      "severity": "MEDIUM"
    },
    {
      "quarter": "2021-09 (Q3)",
      "signal": "GROSS MARGIN INFLECTION",
      "detail": "GM: +31.1% -> +28.4% -> +31.6% (reversal +3.2%)",
      "severity": "MEDIUM"
    },
    {
      "quarter": "2021-06 (Q2)",
      "signal": "OPERATING LEVERAGE",
      "detail": "Rev growth +34.0% vs OpEx growth +4.4% (leverage: 7.8x)",
      "severity": "MEDIUM"
    },
    {
      "quarter": "2021-06 (Q2)",
      "signal": "OP MARGIN TURNED POSITIVE (QoQ)",
      "detail": "Op margin: -3.2% -> +1.6%",
      "severity": "HIGH"
    }
  ],
  "data_quality": {
    "n_quarters": 20,
    "coverage": {
      "revenue": [
        20,
        20
      ],
      "gross_profit": [
        20,
        20
      ],
      "op_income": [
        20,
        20
      ],
      "fcf": [
        20,
        20
      ]
    },
    "gaps": [],
    "warnings": []
  },
  "market_cap": null,
  "source": "SEC EDGAR",
  "last_updated": "2026-02-02T22:58:51.278315",
  "sector": "Consumer Cyclical",
  "industry": "Leisure"
}