{
  "ticker": "JAMF",
  "name": "JAMF HOLDING CORP.",
  "quarters": [
    {
      "date": "2020-12-31T00:00:00",
      "quarter_label": "2020-12 (Q4)",
      "revenue": 76426000,
      "gross_profit": 59535000,
      "operating_income": -11855000,
      "net_income": -8965000,
      "opex": 71390000,
      "cogs": 16891000,
      "rd": 15149000,
      "sga": null,
      "fcf": 17170000,
      "ocf": 19702000,
      "capex": -2532000,
      "gross_margin": 0.7789888257922697,
      "op_margin": -0.15511736843482585,
      "fcf_margin": 0.22466176432104257
    },
    {
      "date": "2021-03-31T00:00:00",
      "quarter_label": "2021-03 (Q1)",
      "revenue": 81168000,
      "gross_profit": 63912000,
      "operating_income": -2778000,
      "net_income": -3069000,
      "opex": 66690000,
      "cogs": 17256000,
      "rd": 15626000,
      "sga": null,
      "fcf": 733000,
      "ocf": 4023000,
      "capex": -3290000,
      "gross_margin": 0.7874039030159669,
      "op_margin": -0.034225310467179186,
      "fcf_margin": 0.009030652473881332,
      "op_leverage_ratio": Infinity,
      "fcf_margin_change": -0.21563111184716124
    },
    {
      "date": "2021-06-30T00:00:00",
      "quarter_label": "2021-06 (Q2)",
      "revenue": 86238000,
      "gross_profit": 66896000,
      "operating_income": -16055000,
      "net_income": -16467000,
      "opex": 82951000,
      "cogs": 19342000,
      "rd": 17203000,
      "sga": null,
      "fcf": 32078000,
      "ocf": 33999000,
      "capex": -1921000,
      "gross_margin": 0.775713722488926,
      "op_margin": -0.18617082956469305,
      "fcf_margin": 0.371970593010042,
      "op_leverage_ratio": 0.25617490390256137,
      "fcf_margin_change": 0.36293994053616063
    },
    {
      "date": "2021-09-30T00:00:00",
      "quarter_label": "2021-09 (Q3)",
      "revenue": 95621000,
      "gross_profit": 69151000,
      "operating_income": -29874000,
      "net_income": -30383000,
      "opex": 99025000,
      "cogs": 26470000,
      "rd": 25608000,
      "sga": null,
      "fcf": 24755000,
      "ocf": 26805000,
      "capex": -2050000,
      "gross_margin": 0.7231779629997594,
      "op_margin": -0.312420911724412,
      "fcf_margin": 0.2588866462387969,
      "op_leverage_ratio": 0.5614882886598922,
      "fcf_margin_change": -0.11308394677124506
    },
    {
      "date": "2021-12-31T00:00:00",
      "quarter_label": "2021-12 (Q4)",
      "revenue": 103802000,
      "gross_profit": 76513000,
      "operating_income": -26080000,
      "net_income": -23750000,
      "opex": 102593000,
      "cogs": 27289000,
      "rd": 24104000,
      "sga": null,
      "fcf": -2156000,
      "ocf": 338000,
      "capex": -2494000,
      "gross_margin": 0.7371052580875128,
      "op_margin": -0.25124756748424887,
      "fcf_margin": -0.02077031271073775,
      "incr_op_margin_yoy": -0.5196157218001168,
      "rev_growth_yoy": 0.3582027058854317,
      "op_leverage_ratio": 2.374505155302255,
      "fcf_margin_change": -0.2796569589495347
    },
    {
      "date": "2022-03-31T00:00:00",
      "quarter_label": "2022-03 (Q1)",
      "revenue": 108258000,
      "gross_profit": 80031000,
      "operating_income": -23737000,
      "net_income": -25629000,
      "opex": 103768000,
      "cogs": 28227000,
      "rd": 24802000,
      "sga": null,
      "fcf": -4954000,
      "ocf": -2990000,
      "capex": -1964000,
      "gross_margin": 0.7392617635648174,
      "op_margin": -0.21926324151563856,
      "fcf_margin": -0.045761052300984685,
      "incr_op_margin_yoy": -0.7736803248431156,
      "rev_growth_yoy": 0.33375221762270846,
      "rev_growth_yoy_accel": -0.024450488262723225,
      "op_leverage_ratio": 3.748170375104485,
      "fcf_margin_change": -0.024990739590246936
    },
    {
      "date": "2022-06-30T00:00:00",
      "quarter_label": "2022-06 (Q2)",
      "revenue": 115638000,
      "gross_profit": 86246000,
      "operating_income": -61842000,
      "net_income": -63139000,
      "opex": 148088000,
      "cogs": 29392000,
      "rd": 33983000,
      "sga": null,
      "fcf": 18420000,
      "ocf": 19332000,
      "capex": -912000,
      "gross_margin": 0.745827496151784,
      "op_margin": -0.5347896020339334,
      "fcf_margin": 0.15929019872360298,
      "incr_op_margin_yoy": -1.5573809523809523,
      "rev_growth_yoy": 0.34091699714742923,
      "rev_growth_yoy_accel": 0.007164779524720777,
      "op_leverage_ratio": 0.1596099850517546,
      "fcf_margin_change": 0.20505125102458766
    },
    {
      "date": "2022-09-30T00:00:00",
      "quarter_label": "2022-09 (Q3)",
      "revenue": 124557000,
      "gross_profit": 93362000,
      "operating_income": -28634000,
      "net_income": -31302000,
      "opex": 121996000,
      "cogs": 31195000,
      "rd": 30799000,
      "sga": null,
      "fcf": 43720000,
      "ocf": 46489000,
      "capex": -2769000,
      "gross_margin": 0.7495524137543454,
      "op_margin": -0.229886718530472,
      "fcf_margin": 0.35100395802724854,
      "incr_op_margin_yoy": 0.042853193254077965,
      "rev_growth_yoy": 0.302611351063051,
      "rev_growth_yoy_accel": -0.03830564608437825,
      "op_leverage_ratio": Infinity,
      "fcf_margin_change": 0.19171375930364556
    },
    {
      "date": "2022-12-31T00:00:00",
      "quarter_label": "2022-12 (Q4)",
      "revenue": 130323000,
      "gross_profit": 99910000,
      "operating_income": -24661000,
      "net_income": -21231000,
      "opex": 124571000,
      "cogs": 30413000,
      "rd": 30322000,
      "sga": null,
      "fcf": 25092000,
      "ocf": 27174000,
      "capex": -2082000,
      "gross_margin": 0.7666336717233335,
      "op_margin": -0.1892298366366643,
      "fcf_margin": 0.19253700421261022,
      "incr_op_margin_yoy": 0.053504769805060144,
      "rev_growth_yoy": 0.25549604053871794,
      "rev_growth_yoy_accel": -0.04711531052433304,
      "op_leverage_ratio": 2.193182926894857,
      "fcf_margin_change": -0.15846695381463832
    },
    {
      "date": "2023-03-31T00:00:00",
      "quarter_label": "2023-03 (Q1)",
      "revenue": 132212000,
      "gross_profit": 102465000,
      "operating_income": -25492000,
      "net_income": -24200000,
      "opex": 127957000,
      "cogs": 29747000,
      "rd": 32072000,
      "sga": null,
      "fcf": -25921000,
      "ocf": -24800000,
      "capex": -1121000,
      "gross_margin": 0.7750052945269719,
      "op_margin": -0.1928115450942426,
      "fcf_margin": -0.1960563337669803,
      "incr_op_margin_yoy": -0.0732654253986808,
      "rev_growth_yoy": 0.22126771231687264,
      "rev_growth_yoy_accel": -0.034228328221845294,
      "op_leverage_ratio": 0.5332623057566557,
      "fcf_margin_change": -0.3885933379795905
    },
    {
      "date": "2023-06-30T00:00:00",
      "quarter_label": "2023-06 (Q2)",
      "revenue": 135089000,
      "gross_profit": 104206000,
      "operating_income": -37622000,
      "net_income": -36199000,
      "opex": 141828000,
      "cogs": 30883000,
      "rd": 34725000,
      "sga": null,
      "fcf": 10904000,
      "ocf": 11569000,
      "capex": -665000,
      "gross_margin": 0.7713877517784572,
      "op_margin": -0.27849787917595065,
      "fcf_margin": 0.08071715683734428,
      "incr_op_margin_yoy": 1.245180196390931,
      "rev_growth_yoy": 0.16820595306041267,
      "rev_growth_yoy_accel": -0.05306175925645998,
      "op_leverage_ratio": 0.20073599939371595,
      "fcf_margin_change": 0.2767734906043246
    },
    {
      "date": "2023-09-30T00:00:00",
      "quarter_label": "2023-09 (Q3)",
      "revenue": 142625000,
      "gross_profit": 110386000,
      "operating_income": -31873000,
      "net_income": -32277000,
      "opex": 142259000,
      "cogs": 32239000,
      "rd": 34704000,
      "sga": null,
      "fcf": 32540000,
      "ocf": 33276000,
      "capex": -736000,
      "gross_margin": 0.7739596844872918,
      "op_margin": -0.22347414548641542,
      "fcf_margin": 0.22815074496056093,
      "incr_op_margin_yoy": -0.17926721275182644,
      "rev_growth_yoy": 0.14505808585627464,
      "rev_growth_yoy_accel": -0.02314786720413803,
      "op_leverage_ratio": 18.357164999703983,
      "fcf_margin_change": 0.14743358812321666
    },
    {
      "date": "2023-12-31T00:00:00",
      "quarter_label": "2023-12 (Q4)",
      "revenue": 150645000,
      "gross_profit": 117455000,
      "operating_income": -20262000,
      "net_income": -17410000,
      "opex": 137717000,
      "cogs": 33190000,
      "rd": 32921000,
      "sga": null,
      "fcf": 15507000,
      "ocf": 15919000,
      "capex": -412000,
      "gross_margin": 0.7796807062962594,
      "op_margin": -0.13450164293537786,
      "fcf_margin": 0.10293736931195858,
      "incr_op_margin_yoy": 0.2164649148705836,
      "rev_growth_yoy": 0.15593563684077255,
      "rev_growth_yoy_accel": 0.010877550984497913,
      "op_leverage_ratio": Infinity,
      "fcf_margin_change": -0.12521337564860235
    },
    {
      "date": "2024-03-31T00:00:00",
      "quarter_label": "2024-03 (Q1)",
      "revenue": 152123000,
      "gross_profit": 117031000,
      "operating_income": -21109000,
      "net_income": -20524000,
      "opex": 138140000,
      "cogs": 35092000,
      "rd": 34262000,
      "sga": null,
      "fcf": -17659000,
      "ocf": -15904000,
      "capex": -1755000,
      "gross_margin": 0.7693182490484674,
      "op_margin": -0.13876271175298935,
      "fcf_margin": -0.11608369543067124,
      "incr_op_margin_yoy": 0.22012957661594093,
      "rev_growth_yoy": 0.15059903790881313,
      "rev_growth_yoy_accel": -0.005336598931959424,
      "fcf_margin_change": -0.21902106474262983
    },
    {
      "date": "2024-06-30T00:00:00",
      "quarter_label": "2024-06 (Q2)",
      "revenue": 153016000,
      "gross_profit": 118012000,
      "operating_income": -19968000,
      "net_income": -19262000,
      "opex": 137980000,
      "cogs": 35004000,
      "rd": 34753000,
      "sga": null,
      "fcf": 13335000,
      "ocf": 14313000,
      "capex": -978000,
      "gross_margin": 0.7712396089297852,
      "op_margin": -0.1304961572645998,
      "fcf_margin": 0.08714774925497987,
      "incr_op_margin_yoy": 0.9847715736040609,
      "rev_growth_yoy": 0.13270510552302556,
      "rev_growth_yoy_accel": -0.01789393238578757,
      "fcf_margin_change": 0.2032314446856511
    },
    {
      "date": "2024-09-30T00:00:00",
      "quarter_label": "2024-09 (Q3)",
      "revenue": 159286000,
      "gross_profit": 123258000,
      "operating_income": -15859000,
      "net_income": -12241000,
      "opex": 139117000,
      "cogs": 36028000,
      "rd": 35977000,
      "sga": null,
      "fcf": 19166000,
      "ocf": 23107000,
      "capex": -3941000,
      "gross_margin": 0.7738156523486056,
      "op_margin": -0.09956305011112088,
      "fcf_margin": 0.12032444784852404,
      "incr_op_margin_yoy": 0.9611667967108817,
      "rev_growth_yoy": 0.1168168273444347,
      "rev_growth_yoy_accel": -0.015888278178590856,
      "op_leverage_ratio": 4.972632589304128,
      "fcf_margin_change": 0.03317669859354418
    },
    {
      "date": "2024-12-31T00:00:00",
      "quarter_label": "2024-12 (Q4)",
      "revenue": 162974000,
      "gross_profit": 127770000,
      "operating_income": -12160000,
      "net_income": -16428000,
      "opex": 139930000,
      "cogs": 35204000,
      "rd": 33969000,
      "sga": null,
      "fcf": 7341000,
      "ocf": 9676000,
      "capex": -2335000,
      "gross_margin": 0.7839900843079264,
      "op_margin": -0.0746131284744806,
      "fcf_margin": 0.045043994747628456,
      "incr_op_margin_yoy": 0.6571498093924892,
      "rev_growth_yoy": 0.08184141524776793,
      "rev_growth_yoy_accel": -0.03497541209666677,
      "op_leverage_ratio": 3.961895024196152,
      "fcf_margin_change": -0.0752804531008956
    },
    {
      "date": "2025-03-31T00:00:00",
      "quarter_label": "2025-03 (Q1)",
      "revenue": 167621000,
      "gross_profit": 130519000,
      "operating_income": -4156000,
      "net_income": 529000,
      "opex": 134675000,
      "cogs": 37102000,
      "rd": 35457000,
      "sga": null,
      "fcf": 1017000,
      "ocf": 4066000,
      "capex": -3049000,
      "gross_margin": 0.7786554190704029,
      "op_margin": -0.02479402938772588,
      "fcf_margin": 0.006067258875677869,
      "incr_op_margin_yoy": 1.0938830816879597,
      "rev_growth_yoy": 0.10187808549660472,
      "rev_growth_yoy_accel": 0.02003667024883679,
      "op_leverage_ratio": Infinity,
      "fcf_margin_change": -0.03897673587195059
    },
    {
      "date": "2025-06-30T00:00:00",
      "quarter_label": "2025-06 (Q2)",
      "revenue": 176501000,
      "gross_profit": 132706000,
      "operating_income": -14980000,
      "net_income": -20875000,
      "opex": 147686000,
      "cogs": 43795000,
      "rd": 39204000,
      "sga": null,
      "fcf": 36910000,
      "ocf": 37718000,
      "capex": -808000,
      "gross_margin": 0.7518710942147636,
      "op_margin": -0.08487204038504031,
      "fcf_margin": 0.20912062821173819,
      "incr_op_margin_yoy": 0.21239088780072388,
      "rev_growth_yoy": 0.15348068175877033,
      "rev_growth_yoy_accel": 0.05160259626216561,
      "op_leverage_ratio": 0.5483537854360298,
      "fcf_margin_change": 0.20305336933606033
    },
    {
      "date": "2025-09-30T00:00:00",
      "quarter_label": "2025-09 (Q3)",
      "revenue": 183494000,
      "gross_profit": 139516000,
      "operating_income": -3416000,
      "net_income": -4513000,
      "opex": 142932000,
      "cogs": 43978000,
      "rd": 38621000,
      "sga": null,
      "fcf": 64929000,
      "ocf": 65647000,
      "capex": -718000,
      "gross_margin": 0.7603300380393909,
      "op_margin": -0.01861641252575016,
      "fcf_margin": 0.35384808222612185,
      "incr_op_margin_yoy": 0.5140036351619299,
      "rev_growth_yoy": 0.1519782027296812,
      "rev_growth_yoy_accel": -0.001502479029089121,
      "op_leverage_ratio": Infinity,
      "fcf_margin_change": 0.14472745401438367
    }
  ],
  "signals": [
    {
      "quarter": "2025-09 (Q3)",
      "signal": "FCF MARGIN EXPANSION",
      "detail": "FCF margin: +20.9% -> +35.4% (+14.5%)",
      "severity": "MEDIUM"
    },
    {
      "quarter": "2025-06 (Q2)",
      "signal": "FCF MARGIN EXPANSION",
      "detail": "FCF margin: +0.6% -> +20.9% (+20.3%)",
      "severity": "MEDIUM"
    },
    {
      "quarter": "2025-06 (Q2)",
      "signal": "YoY REVENUE GROWTH ACCELERATION",
      "detail": "YoY growth: +15.3% vs prior quarter YoY: +10.2% (accel: +5.2%)",
      "severity": "MEDIUM"
    },
    {
      "quarter": "2024-12 (Q4)",
      "signal": "OPERATING LEVERAGE",
      "detail": "Rev growth +2.3% vs OpEx growth +0.6% (leverage: 4.0x)",
      "severity": "MEDIUM"
    },
    {
      "quarter": "2024-09 (Q3)",
      "signal": "OPERATING LEVERAGE",
      "detail": "Rev growth +4.1% vs OpEx growth +0.8% (leverage: 5.0x)",
      "severity": "MEDIUM"
    },
    {
      "quarter": "2024-06 (Q2)",
      "signal": "FCF TURNED POSITIVE",
      "detail": "FCF margin: -11.6% -> +8.7%",
      "severity": "HIGH"
    },
    {
      "quarter": "2023-09 (Q3)",
      "signal": "FCF MARGIN EXPANSION",
      "detail": "FCF margin: +8.1% -> +22.8% (+14.7%)",
      "severity": "MEDIUM"
    },
    {
      "quarter": "2023-09 (Q3)",
      "signal": "OPERATING LEVERAGE",
      "detail": "Rev growth +5.6% vs OpEx growth +0.3% (leverage: 18.4x)",
      "severity": "MEDIUM"
    },
    {
      "quarter": "2023-06 (Q2)",
      "signal": "FCF TURNED POSITIVE",
      "detail": "FCF margin: -19.6% -> +8.1%",
      "severity": "HIGH"
    },
    {
      "quarter": "2023-06 (Q2)",
      "signal": "YoY REVENUE GROWTH DECELERATION",
      "detail": "YoY growth: +16.8% vs prior quarter YoY: +22.1% (decel: -5.3%)",
      "severity": "WARNING"
    },
    {
      "quarter": "2022-12 (Q4)",
      "signal": "OPERATING LEVERAGE",
      "detail": "Rev growth +4.6% vs OpEx growth +2.1% (leverage: 2.2x)",
      "severity": "MEDIUM"
    },
    {
      "quarter": "2022-09 (Q3)",
      "signal": "FCF MARGIN EXPANSION",
      "detail": "FCF margin: +15.9% -> +35.1% (+19.2%)",
      "severity": "MEDIUM"
    },
    {
      "quarter": "2022-06 (Q2)",
      "signal": "FCF TURNED POSITIVE",
      "detail": "FCF margin: -4.6% -> +15.9%",
      "severity": "HIGH"
    },
    {
      "quarter": "2022-03 (Q1)",
      "signal": "OPERATING LEVERAGE",
      "detail": "Rev growth +4.3% vs OpEx growth +1.1% (leverage: 3.7x)",
      "severity": "MEDIUM"
    },
    {
      "quarter": "2021-12 (Q4)",
      "signal": "OPERATING LEVERAGE",
      "detail": "Rev growth +8.6% vs OpEx growth +3.6% (leverage: 2.4x)",
      "severity": "MEDIUM"
    },
    {
      "quarter": "2021-06 (Q2)",
      "signal": "FCF MARGIN EXPANSION",
      "detail": "FCF margin: +0.9% -> +37.2% (+36.3%)",
      "severity": "MEDIUM"
    }
  ],
  "data_quality": {
    "n_quarters": 20,
    "coverage": {
      "revenue": [
        20,
        20
      ],
      "gross_profit": [
        20,
        20
      ],
      "op_income": [
        20,
        20
      ],
      "fcf": [
        20,
        20
      ]
    },
    "gaps": [],
    "warnings": []
  },
  "market_cap": null,
  "source": "SEC EDGAR",
  "last_updated": "2026-02-02T21:42:18.161872"
}