{
  "ticker": "JANL",
  "name": "JANEL CORPORATION",
  "sector": "Industrials",
  "industry": "Integrated Freight & Logistics",
  "quarters": [
    {
      "date": "2021-03-31T00:00:00",
      "quarter_label": "2021-03 (Q1)",
      "revenue": 30142000,
      "gross_profit": 7549000,
      "operating_income": 841000,
      "net_income": 596000,
      "opex": 6708000,
      "cogs": 22593000,
      "rd": null,
      "sga": 6415000,
      "fcf": 1496000,
      "ocf": 1526000,
      "capex": -30000,
      "gross_margin": 0.25044788003450336,
      "op_margin": 0.02790126733461615,
      "fcf_margin": 0.04963174308274169
    },
    {
      "date": "2021-06-30T00:00:00",
      "quarter_label": "2021-06 (Q2)",
      "revenue": 34826000,
      "gross_profit": 8768000,
      "operating_income": 1322000,
      "net_income": 870000,
      "opex": 7446000,
      "cogs": 26058000,
      "rd": null,
      "sga": 7158000,
      "fcf": -622000,
      "ocf": -575000,
      "capex": -47000,
      "gross_margin": 0.25176592201228964,
      "op_margin": 0.03796014471946247,
      "fcf_margin": -0.01786021937632803,
      "op_leverage_ratio": 1.41247741719007,
      "fcf_margin_change": -0.06749196245906972
    },
    {
      "date": "2021-09-30T00:00:00",
      "quarter_label": "2021-09 (Q3)",
      "revenue": 54973000,
      "gross_profit": 9667000,
      "operating_income": 1299000,
      "net_income": 3482000,
      "opex": 8368000,
      "cogs": 45306000,
      "rd": null,
      "sga": 8080000,
      "fcf": -356000,
      "ocf": -340000,
      "capex": -16000,
      "gross_margin": 0.17584996270896622,
      "op_margin": 0.023629781892929257,
      "fcf_margin": -0.006475906354028341,
      "op_leverage_ratio": 4.6719576953563875,
      "fcf_margin_change": 0.01138431302229969
    },
    {
      "date": "2021-12-31T00:00:00",
      "quarter_label": "2021-12 (Q4)",
      "revenue": 83314000,
      "gross_profit": 15489000,
      "operating_income": 2642000,
      "net_income": 1688000,
      "opex": 12847000,
      "cogs": 67825000,
      "rd": null,
      "sga": 12338000,
      "fcf": 5122000,
      "ocf": 5291000,
      "capex": -169000,
      "gross_margin": 0.18591113138248075,
      "op_margin": 0.031711357034832084,
      "fcf_margin": 0.06147826295700603,
      "op_leverage_ratio": 0.9631775272398535,
      "fcf_margin_change": 0.06795416931103437
    },
    {
      "date": "2022-03-31T00:00:00",
      "quarter_label": "2022-03 (Q1)",
      "revenue": 80851000,
      "gross_profit": 16509000,
      "operating_income": 2147000,
      "net_income": 1273000,
      "opex": 14362000,
      "cogs": 64342000,
      "rd": null,
      "sga": 13875000,
      "fcf": 599000,
      "ocf": 700000,
      "capex": -101000,
      "gross_margin": 0.20419042436086135,
      "op_margin": 0.026555020964490236,
      "fcf_margin": 0.007408690059492152,
      "incr_op_margin_yoy": 0.025754796978840047,
      "rev_growth_yoy": 1.682336938491142,
      "fcf_margin_change": -0.05406957289751388
    },
    {
      "date": "2022-06-30T00:00:00",
      "quarter_label": "2022-06 (Q2)",
      "revenue": 78984000,
      "gross_profit": 17165000,
      "operating_income": 3171000,
      "net_income": 2158000,
      "opex": 13994000,
      "cogs": 61819000,
      "rd": null,
      "sga": 13505000,
      "fcf": 2480000,
      "ocf": 2687000,
      "capex": -207000,
      "gross_margin": 0.2173224956953307,
      "op_margin": 0.04014737161956852,
      "fcf_margin": 0.031398764306695026,
      "incr_op_margin_yoy": 0.0418723674079442,
      "rev_growth_yoy": 1.2679607190030437,
      "rev_growth_yoy_accel": -0.4143762194880982,
      "fcf_margin_change": 0.023990074247202873
    },
    {
      "date": "2022-09-30T00:00:00",
      "quarter_label": "2022-09 (Q3)",
      "revenue": 73714000,
      "gross_profit": 17034000,
      "operating_income": 1538000,
      "net_income": -7257000,
      "opex": 15496000,
      "cogs": 56680000,
      "rd": null,
      "sga": 15005000,
      "fcf": 3355000,
      "ocf": 3429000,
      "capex": -74000,
      "gross_margin": 0.23108229101663186,
      "op_margin": 0.020864421955123856,
      "fcf_margin": 0.04551374230132675,
      "incr_op_margin_yoy": 0.012752788004909024,
      "rev_growth_yoy": 0.34091281174394705,
      "rev_growth_yoy_accel": -0.9270479072590967,
      "fcf_margin_change": 0.014114977994631725
    },
    {
      "date": "2022-12-31T00:00:00",
      "quarter_label": "2022-12 (Q4)",
      "revenue": 57044000,
      "gross_profit": 14917000,
      "operating_income": 1380000,
      "net_income": 360000,
      "opex": 13537000,
      "cogs": 42127000,
      "rd": null,
      "sga": 13011000,
      "fcf": 5700000,
      "ocf": 5780000,
      "capex": -80000,
      "gross_margin": 0.2614998948180352,
      "op_margin": 0.02419185190379356,
      "fcf_margin": 0.09992286655914732,
      "incr_op_margin_yoy": 0.048039588884659305,
      "rev_growth_yoy": -0.31531315265141513,
      "rev_growth_yoy_accel": -0.6562259643953622,
      "fcf_margin_change": 0.054409124257820574
    },
    {
      "date": "2023-03-31T00:00:00",
      "quarter_label": "2023-03 (Q1)",
      "revenue": 45378000,
      "gross_profit": 13749000,
      "operating_income": 904000,
      "net_income": 218000,
      "opex": 12845000,
      "cogs": 31629000,
      "rd": null,
      "sga": 12302000,
      "fcf": 4222000,
      "ocf": 4320000,
      "capex": -98000,
      "gross_margin": 0.30298823218299614,
      "op_margin": 0.019921547886641102,
      "fcf_margin": 0.09304068050597206,
      "incr_op_margin_yoy": 0.03504073520705889,
      "rev_growth_yoy": -0.438745346377905,
      "rev_growth_yoy_accel": -0.12343219372648989,
      "fcf_margin_change": -0.006882186053175268
    },
    {
      "date": "2023-06-30T00:00:00",
      "quarter_label": "2023-06 (Q2)",
      "revenue": 42557000,
      "gross_profit": 13659000,
      "operating_income": 187000,
      "net_income": -430000,
      "opex": 13472000,
      "cogs": 28898000,
      "rd": null,
      "sga": 12948000,
      "fcf": 956000,
      "ocf": 956000,
      "capex": null,
      "gross_margin": 0.320957774279202,
      "op_margin": 0.004394106727447894,
      "fcf_margin": 0.02246398947294217,
      "incr_op_margin_yoy": 0.08191725917588602,
      "rev_growth_yoy": -0.4611946723387015,
      "rev_growth_yoy_accel": -0.022449325960796462,
      "fcf_margin_change": -0.07057669103302988
    },
    {
      "date": "2023-09-30T00:00:00",
      "quarter_label": "2023-09 (Q3)",
      "revenue": 41470000,
      "gross_profit": 13347000,
      "operating_income": 128000,
      "net_income": 575000,
      "opex": 13219000,
      "cogs": 28123000,
      "rd": null,
      "sga": 12714000,
      "fcf": 332000,
      "ocf": 332000,
      "capex": null,
      "gross_margin": 0.32184711839884256,
      "op_margin": 0.003086568603809983,
      "fcf_margin": 0.008005787316132143,
      "incr_op_margin_yoy": 0.043729065872720504,
      "rev_growth_yoy": -0.4374203000786825,
      "rev_growth_yoy_accel": 0.023774372260018994,
      "fcf_margin_change": -0.014458202156810028
    },
    {
      "date": "2023-12-31T00:00:00",
      "quarter_label": "2023-12 (Q4)",
      "revenue": 41035000,
      "gross_profit": 14145000,
      "operating_income": 1002000,
      "net_income": 276000,
      "opex": 13143000,
      "cogs": 26890000,
      "rd": null,
      "sga": 12605000,
      "fcf": 3006000,
      "ocf": 3006000,
      "capex": null,
      "gross_margin": 0.3447057390032899,
      "op_margin": 0.024418179602778117,
      "fcf_margin": 0.07325453880833435,
      "incr_op_margin_yoy": 0.023611718408395276,
      "rev_growth_yoy": -0.2806430124114718,
      "rev_growth_yoy_accel": 0.15677728766721066,
      "fcf_margin_change": 0.0652487514922022
    },
    {
      "date": "2024-03-31T00:00:00",
      "quarter_label": "2024-03 (Q1)",
      "revenue": 42122000,
      "gross_profit": 13823000,
      "operating_income": 580000,
      "net_income": 219000,
      "opex": 13243000,
      "cogs": 28299000,
      "rd": null,
      "sga": 12701000,
      "fcf": 1288000,
      "ocf": 1288000,
      "capex": null,
      "gross_margin": 0.3281658040928731,
      "op_margin": 0.013769526613171264,
      "fcf_margin": 0.03057784530649067,
      "incr_op_margin_yoy": 0.09950859950859951,
      "rev_growth_yoy": -0.07175283176869848,
      "rev_growth_yoy_accel": 0.20889018064277334,
      "op_leverage_ratio": 3.4815257706835627,
      "fcf_margin_change": -0.04267669350184368
    },
    {
      "date": "2024-06-30T00:00:00",
      "quarter_label": "2024-06 (Q2)",
      "revenue": 46724000,
      "gross_profit": 15091000,
      "operating_income": 1178000,
      "net_income": -191000,
      "opex": 13913000,
      "cogs": 31633000,
      "rd": null,
      "sga": 13358000,
      "fcf": 2060000,
      "ocf": 2060000,
      "capex": null,
      "gross_margin": 0.32298176525982364,
      "op_margin": 0.025211882544302715,
      "fcf_margin": 0.04408869103672631,
      "incr_op_margin_yoy": 0.23782097432205423,
      "rev_growth_yoy": 0.09791573654157953,
      "rev_growth_yoy_accel": 0.16966856831027802,
      "op_leverage_ratio": 2.159480102927743,
      "fcf_margin_change": 0.01351084573023564
    },
    {
      "date": "2024-09-30T00:00:00",
      "quarter_label": "2024-09 (Q3)",
      "revenue": 53303000,
      "gross_profit": 15325000,
      "operating_income": 998000,
      "net_income": 247000,
      "opex": 14327000,
      "cogs": 37978000,
      "rd": null,
      "sga": 13663000,
      "fcf": 477000,
      "ocf": 477000,
      "capex": null,
      "gross_margin": 0.28750726975967583,
      "op_margin": 0.01872314879087481,
      "fcf_margin": 0.008948839652552389,
      "incr_op_margin_yoy": 0.07352319783655878,
      "rev_growth_yoy": 0.2853387991319026,
      "rev_growth_yoy_accel": 0.18742306259032304,
      "op_leverage_ratio": 4.731951831848821,
      "fcf_margin_change": -0.03513985138417392
    },
    {
      "date": "2024-12-31T00:00:00",
      "quarter_label": "2024-12 (Q4)",
      "revenue": 51354000,
      "gross_profit": 15142000,
      "operating_income": 1209000,
      "net_income": 659000,
      "opex": 13933000,
      "cogs": 36212000,
      "rd": null,
      "sga": 13292000,
      "fcf": 1663000,
      "ocf": 1754000,
      "capex": -91000,
      "gross_margin": 0.2948553179888616,
      "op_margin": 0.023542469914709662,
      "fcf_margin": 0.03238306655761966,
      "incr_op_margin_yoy": 0.02006008334140905,
      "rev_growth_yoy": 0.25146825880346046,
      "rev_growth_yoy_accel": -0.03387054032844211,
      "fcf_margin_change": 0.023434226905067274
    },
    {
      "date": "2025-03-31T00:00:00",
      "quarter_label": "2025-03 (Q1)",
      "revenue": 50731000,
      "gross_profit": 16571000,
      "operating_income": 2170000,
      "net_income": 1440000,
      "opex": 14401000,
      "cogs": 34160000,
      "rd": null,
      "sga": 13759000,
      "fcf": 5313000,
      "ocf": 5313000,
      "capex": null,
      "gross_margin": 0.3266444580236936,
      "op_margin": 0.04277463483865881,
      "fcf_margin": 0.10472886400820011,
      "incr_op_margin_yoy": 0.18469044023696132,
      "rev_growth_yoy": 0.20438250795308865,
      "rev_growth_yoy_accel": -0.04708575085037181,
      "fcf_margin_change": 0.07234579745058045
    },
    {
      "date": "2025-06-30T00:00:00",
      "quarter_label": "2025-06 (Q2)",
      "revenue": 49145000,
      "gross_profit": 16110000,
      "operating_income": 1931000,
      "net_income": 887000,
      "opex": 14179000,
      "cogs": 33035000,
      "rd": null,
      "sga": 13525000,
      "fcf": 10565000,
      "ocf": 10565000,
      "capex": null,
      "gross_margin": 0.32780547359853496,
      "op_margin": 0.0392918913419473,
      "fcf_margin": 0.21497609115881575,
      "incr_op_margin_yoy": 0.3110285006195787,
      "rev_growth_yoy": 0.05181491310675456,
      "rev_growth_yoy_accel": -0.1525675948463341,
      "fcf_margin_change": 0.11024722715061563
    },
    {
      "date": "2025-09-30T00:00:00",
      "quarter_label": "2025-09 (Q3)",
      "revenue": 56213000,
      "gross_profit": 17170000,
      "operating_income": 1124000,
      "net_income": 2671000,
      "opex": 16046000,
      "cogs": 39043000,
      "rd": null,
      "sga": 15295000,
      "fcf": 25434000,
      "ocf": 25434000,
      "capex": null,
      "gross_margin": 0.30544535961432406,
      "op_margin": 0.019995374735381495,
      "fcf_margin": 0.4524576165655631,
      "incr_op_margin_yoy": 0.04329896907216495,
      "rev_growth_yoy": 0.05459355008160891,
      "rev_growth_yoy_accel": 0.002778636974854351,
      "op_leverage_ratio": 1.0922410280608257,
      "fcf_margin_change": 0.23748152540674736
    },
    {
      "date": "2025-12-31T00:00:00",
      "quarter_label": "2025-12 (Q4)",
      "revenue": 56039000,
      "gross_profit": 18117000,
      "operating_income": 978000,
      "net_income": 419000,
      "opex": 17139000,
      "cogs": 37922000,
      "rd": null,
      "sga": 16310000,
      "fcf": -14615000,
      "ocf": -14527000,
      "capex": -88000,
      "gross_margin": 0.32329270686486195,
      "op_margin": 0.0174521315512411,
      "fcf_margin": -0.2608005139278003,
      "incr_op_margin_yoy": -0.049306296691568836,
      "rev_growth_yoy": 0.09122950500447871,
      "rev_growth_yoy_accel": 0.0366359549228698,
      "fcf_margin_change": -0.7132581304933634
    }
  ],
  "signals": [
    {
      "quarter": "2025-09 (Q3)",
      "signal": "FCF MARGIN EXPANSION",
      "detail": "FCF margin: +21.5% -> +45.2% (+23.7%)",
      "severity": "MEDIUM"
    },
    {
      "quarter": "2025-06 (Q2)",
      "signal": "FCF MARGIN EXPANSION",
      "detail": "FCF margin: +10.5% -> +21.5% (+11.0%)",
      "severity": "MEDIUM"
    },
    {
      "quarter": "2025-06 (Q2)",
      "signal": "YoY REVENUE GROWTH DECELERATION",
      "detail": "YoY growth: +5.2% vs prior quarter YoY: +20.4% (decel: -15.3%)",
      "severity": "WARNING"
    },
    {
      "quarter": "2025-06 (Q2)",
      "signal": "INCREMENTAL MARGIN (YoY)",
      "detail": "YoY Incr OPM: +31.1% vs year-ago OPM: +2.5%",
      "severity": "HIGH"
    },
    {
      "quarter": "2025-03 (Q1)",
      "signal": "FCF MARGIN EXPANSION",
      "detail": "FCF margin: +3.2% -> +10.5% (+7.2%)",
      "severity": "MEDIUM"
    },
    {
      "quarter": "2025-03 (Q1)",
      "signal": "INCREMENTAL MARGIN (YoY)",
      "detail": "YoY Incr OPM: +18.5% vs year-ago OPM: +1.4%",
      "severity": "MEDIUM"
    },
    {
      "quarter": "2024-09 (Q3)",
      "signal": "OPERATING LEVERAGE",
      "detail": "Rev growth +14.1% vs OpEx growth +3.0% (leverage: 4.7x)",
      "severity": "MEDIUM"
    },
    {
      "quarter": "2024-09 (Q3)",
      "signal": "YoY REVENUE GROWTH ACCELERATION",
      "detail": "YoY growth: +28.5% vs prior quarter YoY: +9.8% (accel: +18.7%)",
      "severity": "HIGH"
    },
    {
      "quarter": "2024-06 (Q2)",
      "signal": "OPERATING LEVERAGE",
      "detail": "Rev growth +10.9% vs OpEx growth +5.1% (leverage: 2.2x)",
      "severity": "MEDIUM"
    },
    {
      "quarter": "2024-06 (Q2)",
      "signal": "YoY REVENUE GROWTH ACCELERATION",
      "detail": "YoY growth: +9.8% vs prior quarter YoY: -7.2% (accel: +17.0%)",
      "severity": "HIGH"
    },
    {
      "quarter": "2024-06 (Q2)",
      "signal": "INCREMENTAL MARGIN (YoY)",
      "detail": "YoY Incr OPM: +23.8% vs year-ago OPM: +0.4%",
      "severity": "HIGH"
    },
    {
      "quarter": "2024-03 (Q1)",
      "signal": "OPERATING LEVERAGE",
      "detail": "Rev growth +2.6% vs OpEx growth +0.8% (leverage: 3.5x)",
      "severity": "MEDIUM"
    },
    {
      "quarter": "2024-03 (Q1)",
      "signal": "YoY REVENUE GROWTH ACCELERATION",
      "detail": "YoY growth: -7.2% vs prior quarter YoY: -28.1% (accel: +20.9%)",
      "severity": "HIGH"
    },
    {
      "quarter": "2023-12 (Q4)",
      "signal": "FCF MARGIN EXPANSION",
      "detail": "FCF margin: +0.8% -> +7.3% (+6.5%)",
      "severity": "MEDIUM"
    },
    {
      "quarter": "2023-12 (Q4)",
      "signal": "YoY REVENUE GROWTH ACCELERATION",
      "detail": "YoY growth: -28.1% vs prior quarter YoY: -43.7% (accel: +15.7%)",
      "severity": "HIGH"
    },
    {
      "quarter": "2023-03 (Q1)",
      "signal": "YoY REVENUE GROWTH DECELERATION",
      "detail": "YoY growth: -43.9% vs prior quarter YoY: -31.5% (decel: -12.3%)",
      "severity": "WARNING"
    },
    {
      "quarter": "2022-12 (Q4)",
      "signal": "FCF MARGIN EXPANSION",
      "detail": "FCF margin: +4.6% -> +10.0% (+5.4%)",
      "severity": "MEDIUM"
    },
    {
      "quarter": "2022-12 (Q4)",
      "signal": "YoY REVENUE GROWTH DECELERATION",
      "detail": "YoY growth: -31.5% vs prior quarter YoY: +34.1% (decel: -65.6%)",
      "severity": "WARNING"
    },
    {
      "quarter": "2022-09 (Q3)",
      "signal": "YoY REVENUE GROWTH DECELERATION",
      "detail": "YoY growth: +34.1% vs prior quarter YoY: +126.8% (decel: -92.7%)",
      "severity": "WARNING"
    },
    {
      "quarter": "2022-06 (Q2)",
      "signal": "YoY REVENUE GROWTH DECELERATION",
      "detail": "YoY growth: +126.8% vs prior quarter YoY: +168.2% (decel: -41.4%)",
      "severity": "WARNING"
    },
    {
      "quarter": "2021-12 (Q4)",
      "signal": "FCF TURNED POSITIVE",
      "detail": "FCF margin: -0.6% -> +6.1%",
      "severity": "HIGH"
    },
    {
      "quarter": "2021-09 (Q3)",
      "signal": "OPERATING LEVERAGE",
      "detail": "Rev growth +57.9% vs OpEx growth +12.4% (leverage: 4.7x)",
      "severity": "MEDIUM"
    }
  ],
  "data_quality": {
    "n_quarters": 20,
    "coverage": {
      "revenue": [
        20,
        20
      ],
      "gross_profit": [
        20,
        20
      ],
      "op_income": [
        20,
        20
      ],
      "fcf": [
        20,
        20
      ]
    },
    "gaps": [],
    "warnings": []
  },
  "market_cap": null,
  "source": "SEC EDGAR",
  "last_updated": "2026-02-24T10:44:20.573236"
}