{
  "ticker": "JBI",
  "name": "JANUS INTERNATIONAL GROUP, INC.",
  "quarters": [
    {
      "date": "2020-12-26T00:00:00",
      "quarter_label": "2020-12 (Q4)",
      "revenue": 148590525,
      "gross_profit": 58195563,
      "operating_income": 24694969,
      "net_income": 15094508,
      "opex": 33501594,
      "cogs": 90394962,
      "rd": null,
      "sga": null,
      "fcf": 22534294,
      "ocf": 23935947,
      "capex": -1401653,
      "gross_margin": 0.3916505645296024,
      "op_margin": 0.16619477587820622,
      "fcf_margin": 0.1516536400958271
    },
    {
      "date": "2021-03-27T00:00:00",
      "quarter_label": "2021-03 (Q1)",
      "revenue": 152824000,
      "gross_profit": 53293000,
      "operating_income": 24249000,
      "net_income": 14718821,
      "opex": 29044000,
      "cogs": 99531000,
      "rd": null,
      "sga": null,
      "fcf": 23197000,
      "ocf": 25560000,
      "capex": -2363000,
      "gross_margin": 0.3487214050149191,
      "op_margin": 0.1586727215620583,
      "fcf_margin": 0.15178898602313773,
      "op_leverage_ratio": Infinity,
      "fcf_margin_change": 0.0001353459273106261
    },
    {
      "date": "2021-06-26T00:00:00",
      "quarter_label": "2021-06 (Q2)",
      "revenue": 174182389,
      "gross_profit": 59194412,
      "operating_income": 14340720,
      "net_income": 1123207,
      "opex": 44853692,
      "cogs": 114987977,
      "rd": null,
      "sga": null,
      "fcf": 17633000,
      "ocf": 19263000,
      "capex": -1630000,
      "gross_margin": 0.33984154391176713,
      "op_margin": 0.08233162997896418,
      "fcf_margin": 0.10123296678403004,
      "op_leverage_ratio": 0.25674970202607766,
      "fcf_margin_change": -0.050556019239107686
    },
    {
      "date": "2021-09-25T00:00:00",
      "quarter_label": "2021-09 (Q3)",
      "revenue": 187789925,
      "gross_profit": 62238530,
      "operating_income": 25225180,
      "net_income": 17677742,
      "opex": 37013350,
      "cogs": 125551395,
      "rd": null,
      "sga": null,
      "fcf": 2923000,
      "ocf": 14860000,
      "capex": -11937000,
      "gross_margin": 0.33142635314434465,
      "op_margin": 0.1343265886069234,
      "fcf_margin": 0.015565265282469227,
      "op_leverage_ratio": Infinity,
      "fcf_margin_change": -0.08566770150156082
    },
    {
      "date": "2022-01-01T00:00:00",
      "quarter_label": "2022-01 (Q1)",
      "revenue": 235353418,
      "gross_profit": 76636760,
      "operating_income": 28585236,
      "net_income": 10281230,
      "opex": 48051524,
      "cogs": 158716658,
      "rd": null,
      "sga": null,
      "fcf": 11147000,
      "ocf": 15117000,
      "capex": -3970000,
      "gross_margin": 0.3256241640816111,
      "op_margin": 0.1214566427074367,
      "fcf_margin": 0.047362813315929835,
      "incr_op_margin_yoy": 0.04483791244720252,
      "rev_growth_yoy": 0.5839059590105089,
      "op_leverage_ratio": 0.8493029074262902,
      "fcf_margin_change": 0.031797548033460604
    },
    {
      "date": "2022-04-02T00:00:00",
      "quarter_label": "2022-04 (Q2)",
      "revenue": 229520000,
      "gross_profit": 76570000,
      "operating_income": 35115000,
      "net_income": 19704000,
      "opex": 41455000,
      "cogs": 152950000,
      "rd": null,
      "sga": null,
      "fcf": 21897000,
      "ocf": 24777000,
      "capex": -2880000,
      "gross_margin": 0.3336092715231788,
      "op_margin": 0.15299320320669224,
      "fcf_margin": 0.09540345067967933,
      "incr_op_margin_yoy": 0.14167622822572234,
      "rev_growth_yoy": 0.5018583468565146,
      "rev_growth_yoy_accel": -0.08204761215399425,
      "fcf_margin_change": 0.04804063736374949
    },
    {
      "date": "2022-07-02T00:00:00",
      "quarter_label": "2022-07 (Q3)",
      "revenue": 247714000,
      "gross_profit": 83981000,
      "operating_income": 39849000,
      "net_income": 22837000,
      "opex": 44132000,
      "cogs": 163733000,
      "rd": null,
      "sga": null,
      "fcf": 15987000,
      "ocf": 18375000,
      "capex": -2388000,
      "gross_margin": 0.3390240357832016,
      "op_margin": 0.160866967551289,
      "fcf_margin": 0.06453813672218768,
      "incr_op_margin_yoy": 0.346902232292993,
      "rev_growth_yoy": 0.42215295944758224,
      "rev_growth_yoy_accel": -0.0797053874089324,
      "op_leverage_ratio": 1.2275415565745824,
      "fcf_margin_change": -0.030865313957491647
    },
    {
      "date": "2022-10-01T00:00:00",
      "quarter_label": "2022-10 (Q4)",
      "revenue": 262547000,
      "gross_profit": 96792000,
      "operating_income": 53897000,
      "net_income": 32399000,
      "opex": 42895000,
      "cogs": 165755000,
      "rd": null,
      "sga": null,
      "fcf": 16916000,
      "ocf": 19548000,
      "capex": -2632000,
      "gross_margin": 0.36866541990576923,
      "op_margin": 0.20528514894476035,
      "fcf_margin": 0.06443036865780222,
      "incr_op_margin_yoy": 0.383533197359581,
      "rev_growth_yoy": 0.3980888484832187,
      "rev_growth_yoy_accel": -0.02406411096436356,
      "op_leverage_ratio": Infinity,
      "fcf_margin_change": -0.00010776806438546338
    },
    {
      "date": "2022-12-31T00:00:00",
      "quarter_label": "2022-12 (Q4)",
      "revenue": 279728000,
      "gross_profit": 107590000,
      "operating_income": 58618000,
      "net_income": 32713000,
      "opex": 48972000,
      "cogs": 172138000,
      "rd": null,
      "sga": null,
      "fcf": 24900000,
      "ocf": 25800000,
      "capex": -900000,
      "gross_margin": 0.3846236343876909,
      "op_margin": 0.20955356632156952,
      "fcf_margin": 0.0890150431848081,
      "incr_op_margin_yoy": 0.6768010569654492,
      "rev_growth_yoy": 0.18854445530083613,
      "rev_growth_yoy_accel": -0.20954439318238255,
      "op_leverage_ratio": 0.46191154111915317,
      "fcf_margin_change": 0.024584674527005884
    },
    {
      "date": "2023-04-01T00:00:00",
      "quarter_label": "2023-04 (Q2)",
      "revenue": 251904000,
      "gross_profit": 99933000,
      "operating_income": 51012000,
      "net_income": 25982000,
      "opex": 48921000,
      "cogs": 151971000,
      "rd": null,
      "sga": null,
      "fcf": 44100000,
      "ocf": 50200000,
      "capex": -6100000,
      "gross_margin": 0.3967106516768293,
      "op_margin": 0.20250571646341464,
      "fcf_margin": 0.17506669207317074,
      "incr_op_margin_yoy": 0.7101947819871337,
      "rev_growth_yoy": 0.0975252701289648,
      "rev_growth_yoy_accel": -0.09101918517187134,
      "fcf_margin_change": 0.08605164888836264
    },
    {
      "date": "2023-07-01T00:00:00",
      "quarter_label": "2023-07 (Q3)",
      "revenue": 270611000,
      "gross_profit": 116320000,
      "operating_income": 64283000,
      "net_income": 36987000,
      "opex": 52037000,
      "cogs": 154291000,
      "rd": null,
      "sga": null,
      "fcf": 42900000,
      "ocf": 46400000,
      "capex": -3500000,
      "gross_margin": 0.429842098066967,
      "op_margin": 0.2375476237107878,
      "fcf_margin": 0.15853014105117677,
      "incr_op_margin_yoy": 1.0671266978206753,
      "rev_growth_yoy": 0.09243320926552395,
      "rev_growth_yoy_accel": -0.005092060863440842,
      "op_leverage_ratio": 1.1659151871108304,
      "fcf_margin_change": -0.016536551021993973
    },
    {
      "date": "2023-09-30T00:00:00",
      "quarter_label": "2023-09 (Q3)",
      "revenue": 280100000,
      "gross_profit": 119100000,
      "operating_income": 66500000,
      "net_income": 37000000,
      "opex": 52600000,
      "cogs": 161000000,
      "rd": null,
      "sga": null,
      "fcf": 46000000,
      "ocf": 49900000,
      "capex": -3900000,
      "gross_margin": 0.42520528382720457,
      "op_margin": 0.2374152088539807,
      "fcf_margin": 0.16422706176365584,
      "incr_op_margin_yoy": 0.717996923602803,
      "rev_growth_yoy": 0.06685660091336028,
      "rev_growth_yoy_accel": -0.025576608352163674,
      "op_leverage_ratio": 3.2409986983406465,
      "fcf_margin_change": 0.00569692071247907
    },
    {
      "date": "2023-12-30T00:00:00",
      "quarter_label": "2023-12 (Q4)",
      "revenue": 263800000,
      "gross_profit": 114400000,
      "operating_income": 63900000,
      "net_income": 35700000,
      "opex": 50500000,
      "cogs": 149400000,
      "rd": null,
      "sga": null,
      "fcf": 63000000,
      "ocf": 68500000,
      "capex": -5500000,
      "gross_margin": 0.4336618650492798,
      "op_margin": 0.2422289613343442,
      "fcf_margin": 0.23881728582259287,
      "incr_op_margin_yoy": -0.33161727774987443,
      "rev_growth_yoy": -0.0569410284276154,
      "rev_growth_yoy_accel": -0.12379762934097568,
      "fcf_margin_change": 0.07459022405893703
    },
    {
      "date": "2024-03-30T00:00:00",
      "quarter_label": "2024-03 (Q1)",
      "revenue": 254500000,
      "gross_profit": 110400000,
      "operating_income": 55500000,
      "net_income": 30700000,
      "opex": 54900000,
      "cogs": 144100000,
      "rd": null,
      "sga": null,
      "fcf": 24000000,
      "ocf": 28600000,
      "capex": -4600000,
      "gross_margin": 0.4337917485265226,
      "op_margin": 0.2180746561886051,
      "fcf_margin": 0.09430255402750491,
      "incr_op_margin_yoy": 1.728813559322034,
      "rev_growth_yoy": 0.010305513211382114,
      "rev_growth_yoy_accel": 0.06724654163899751,
      "fcf_margin_change": -0.14451473179508795
    },
    {
      "date": "2024-06-29T00:00:00",
      "quarter_label": "2024-06 (Q2)",
      "revenue": 248400000,
      "gross_profit": 109000000,
      "operating_income": 51600000,
      "net_income": 27600000,
      "opex": 57400000,
      "cogs": 139400000,
      "rd": null,
      "sga": null,
      "fcf": 25300000,
      "ocf": 31000000,
      "capex": -5700000,
      "gross_margin": 0.4388083735909823,
      "op_margin": 0.20772946859903382,
      "fcf_margin": 0.10185185185185185,
      "incr_op_margin_yoy": 0.5710233668002341,
      "rev_growth_yoy": -0.08207722524213724,
      "rev_growth_yoy_accel": -0.09238273845351935,
      "fcf_margin_change": 0.007549297824346934
    },
    {
      "date": "2024-09-28T00:00:00",
      "quarter_label": "2024-09 (Q3)",
      "revenue": 230100000,
      "gross_profit": 91200000,
      "operating_income": 26700000,
      "net_income": 11800000,
      "opex": 64500000,
      "cogs": 138900000,
      "rd": null,
      "sga": null,
      "fcf": 39300000,
      "ocf": 43000000,
      "capex": -3700000,
      "gross_margin": 0.3963494132985658,
      "op_margin": 0.11603650586701435,
      "fcf_margin": 0.17079530638852672,
      "incr_op_margin_yoy": 0.796,
      "rev_growth_yoy": -0.1785076758300607,
      "rev_growth_yoy_accel": -0.09643045058792345,
      "fcf_margin_change": 0.06894345453667487
    },
    {
      "date": "2024-12-28T00:00:00",
      "quarter_label": "2024-12 (Q4)",
      "revenue": 230800000,
      "gross_profit": 87200000,
      "operating_income": 12800000,
      "net_income": 300000,
      "opex": 74400000,
      "cogs": 143600000,
      "rd": null,
      "sga": null,
      "fcf": 45300000,
      "ocf": 51400000,
      "capex": -6100000,
      "gross_margin": 0.3778162911611785,
      "op_margin": 0.05545927209705372,
      "fcf_margin": 0.1962738301559792,
      "incr_op_margin_yoy": 1.5484848484848486,
      "rev_growth_yoy": -0.12509476876421532,
      "rev_growth_yoy_accel": 0.053412907065845366,
      "fcf_margin_change": 0.025478523767452493
    },
    {
      "date": "2025-03-29T00:00:00",
      "quarter_label": "2025-03 (Q1)",
      "revenue": 210500000,
      "gross_profit": 81900000,
      "operating_income": 25300000,
      "net_income": 10800000,
      "opex": 56600000,
      "cogs": 128600000,
      "rd": null,
      "sga": null,
      "fcf": 41900000,
      "ocf": 48300000,
      "capex": -6400000,
      "gross_margin": 0.38907363420427554,
      "op_margin": 0.12019002375296912,
      "fcf_margin": 0.1990498812351544,
      "incr_op_margin_yoy": 0.6863636363636364,
      "rev_growth_yoy": -0.17288801571709234,
      "rev_growth_yoy_accel": -0.04779324695287701,
      "fcf_margin_change": 0.0027760510791751958
    },
    {
      "date": "2025-06-28T00:00:00",
      "quarter_label": "2025-06 (Q2)",
      "revenue": 228100000,
      "gross_profit": 93200000,
      "operating_income": 36000000,
      "net_income": 20700000,
      "opex": 57200000,
      "cogs": 134900000,
      "rd": null,
      "sga": null,
      "fcf": 44600000,
      "ocf": 51400000,
      "capex": -6800000,
      "gross_margin": 0.4085927224901359,
      "op_margin": 0.1578255151249452,
      "fcf_margin": 0.1955282770714599,
      "incr_op_margin_yoy": 0.7684729064039408,
      "rev_growth_yoy": -0.08172302737520129,
      "rev_growth_yoy_accel": 0.09116498834189105,
      "op_leverage_ratio": 7.887252573238321,
      "fcf_margin_change": -0.003521604163694514
    },
    {
      "date": "2025-09-27T00:00:00",
      "quarter_label": "2025-09 (Q3)",
      "revenue": 219300000,
      "gross_profit": 85700000,
      "operating_income": 29400000,
      "net_income": 15200000,
      "opex": 56300000,
      "cogs": 133600000,
      "rd": null,
      "sga": null,
      "fcf": 8300000,
      "ocf": 15000000,
      "capex": -6700000,
      "gross_margin": 0.3907888736890105,
      "op_margin": 0.13406292749658003,
      "fcf_margin": 0.03784769721842225,
      "incr_op_margin_yoy": -0.25,
      "rev_growth_yoy": -0.0469361147327249,
      "rev_growth_yoy_accel": 0.03478691264247639,
      "fcf_margin_change": -0.15768057985303763
    }
  ],
  "signals": [
    {
      "quarter": "2025-06 (Q2)",
      "signal": "OPERATING LEVERAGE",
      "detail": "Rev growth +8.4% vs OpEx growth +1.1% (leverage: 7.9x)",
      "severity": "MEDIUM"
    },
    {
      "quarter": "2025-06 (Q2)",
      "signal": "YoY REVENUE GROWTH ACCELERATION",
      "detail": "YoY growth: -8.2% vs prior quarter YoY: -17.3% (accel: +9.1%)",
      "severity": "MEDIUM"
    },
    {
      "quarter": "2025-06 (Q2)",
      "signal": "INCREMENTAL MARGIN (YoY)",
      "detail": "YoY Incr OPM: +76.8% vs year-ago OPM: +20.8%",
      "severity": "HIGH"
    },
    {
      "quarter": "2025-03 (Q1)",
      "signal": "INCREMENTAL MARGIN (YoY)",
      "detail": "YoY Incr OPM: +68.6% vs year-ago OPM: +21.8%",
      "severity": "HIGH"
    },
    {
      "quarter": "2024-12 (Q4)",
      "signal": "YoY REVENUE GROWTH ACCELERATION",
      "detail": "YoY growth: -12.5% vs prior quarter YoY: -17.9% (accel: +5.3%)",
      "severity": "MEDIUM"
    },
    {
      "quarter": "2024-12 (Q4)",
      "signal": "INCREMENTAL MARGIN (YoY)",
      "detail": "YoY Incr OPM: +154.8% vs year-ago OPM: +24.2%",
      "severity": "HIGH"
    },
    {
      "quarter": "2024-09 (Q3)",
      "signal": "FCF MARGIN EXPANSION",
      "detail": "FCF margin: +10.2% -> +17.1% (+6.9%)",
      "severity": "MEDIUM"
    },
    {
      "quarter": "2024-09 (Q3)",
      "signal": "YoY REVENUE GROWTH DECELERATION",
      "detail": "YoY growth: -17.9% vs prior quarter YoY: -8.2% (decel: -9.6%)",
      "severity": "WARNING"
    },
    {
      "quarter": "2024-09 (Q3)",
      "signal": "INCREMENTAL MARGIN (YoY)",
      "detail": "YoY Incr OPM: +79.6% vs year-ago OPM: +23.7%",
      "severity": "HIGH"
    },
    {
      "quarter": "2024-06 (Q2)",
      "signal": "YoY REVENUE GROWTH DECELERATION",
      "detail": "YoY growth: -8.2% vs prior quarter YoY: +1.0% (decel: -9.2%)",
      "severity": "WARNING"
    },
    {
      "quarter": "2024-06 (Q2)",
      "signal": "INCREMENTAL MARGIN (YoY)",
      "detail": "YoY Incr OPM: +57.1% vs year-ago OPM: +23.8%",
      "severity": "HIGH"
    },
    {
      "quarter": "2024-03 (Q1)",
      "signal": "YoY REVENUE GROWTH ACCELERATION",
      "detail": "YoY growth: +1.0% vs prior quarter YoY: -5.7% (accel: +6.7%)",
      "severity": "MEDIUM"
    },
    {
      "quarter": "2024-03 (Q1)",
      "signal": "INCREMENTAL MARGIN (YoY)",
      "detail": "YoY Incr OPM: +172.9% vs year-ago OPM: +20.3%",
      "severity": "HIGH"
    },
    {
      "quarter": "2023-12 (Q4)",
      "signal": "FCF MARGIN EXPANSION",
      "detail": "FCF margin: +16.4% -> +23.9% (+7.5%)",
      "severity": "MEDIUM"
    },
    {
      "quarter": "2023-12 (Q4)",
      "signal": "YoY REVENUE GROWTH DECELERATION",
      "detail": "YoY growth: -5.7% vs prior quarter YoY: +6.7% (decel: -12.4%)",
      "severity": "WARNING"
    },
    {
      "quarter": "2023-09 (Q3)",
      "signal": "OPERATING LEVERAGE",
      "detail": "Rev growth +3.5% vs OpEx growth +1.1% (leverage: 3.2x)",
      "severity": "MEDIUM"
    },
    {
      "quarter": "2023-09 (Q3)",
      "signal": "INCREMENTAL MARGIN (YoY)",
      "detail": "YoY Incr OPM: +71.8% vs year-ago OPM: +20.5%",
      "severity": "HIGH"
    },
    {
      "quarter": "2023-07 (Q3)",
      "signal": "INCREMENTAL MARGIN (YoY)",
      "detail": "YoY Incr OPM: +106.7% vs year-ago OPM: +16.1%",
      "severity": "HIGH"
    },
    {
      "quarter": "2023-04 (Q2)",
      "signal": "FCF MARGIN EXPANSION",
      "detail": "FCF margin: +8.9% -> +17.5% (+8.6%)",
      "severity": "MEDIUM"
    },
    {
      "quarter": "2023-04 (Q2)",
      "signal": "YoY REVENUE GROWTH DECELERATION",
      "detail": "YoY growth: +9.8% vs prior quarter YoY: +18.9% (decel: -9.1%)",
      "severity": "WARNING"
    },
    {
      "quarter": "2023-04 (Q2)",
      "signal": "INCREMENTAL MARGIN (YoY)",
      "detail": "YoY Incr OPM: +71.0% vs year-ago OPM: +15.3%",
      "severity": "HIGH"
    },
    {
      "quarter": "2022-12 (Q4)",
      "signal": "YoY REVENUE GROWTH DECELERATION",
      "detail": "YoY growth: +18.9% vs prior quarter YoY: +39.8% (decel: -21.0%)",
      "severity": "WARNING"
    },
    {
      "quarter": "2022-12 (Q4)",
      "signal": "INCREMENTAL MARGIN (YoY)",
      "detail": "YoY Incr OPM: +67.7% vs year-ago OPM: +12.1%",
      "severity": "HIGH"
    },
    {
      "quarter": "2022-10 (Q4)",
      "signal": "INCREMENTAL MARGIN (YoY)",
      "detail": "YoY Incr OPM: +38.4% vs year-ago OPM: +13.4%",
      "severity": "HIGH"
    },
    {
      "quarter": "2022-07 (Q3)",
      "signal": "YoY REVENUE GROWTH DECELERATION",
      "detail": "YoY growth: +42.2% vs prior quarter YoY: +50.2% (decel: -8.0%)",
      "severity": "WARNING"
    },
    {
      "quarter": "2022-07 (Q3)",
      "signal": "INCREMENTAL MARGIN (YoY)",
      "detail": "YoY Incr OPM: +34.7% vs year-ago OPM: +8.2%",
      "severity": "HIGH"
    },
    {
      "quarter": "2022-04 (Q2)",
      "signal": "YoY REVENUE GROWTH DECELERATION",
      "detail": "YoY growth: +50.2% vs prior quarter YoY: +58.4% (decel: -8.2%)",
      "severity": "WARNING"
    }
  ],
  "data_quality": {
    "n_quarters": 20,
    "coverage": {
      "revenue": [
        20,
        20
      ],
      "gross_profit": [
        20,
        20
      ],
      "op_income": [
        20,
        20
      ],
      "fcf": [
        20,
        20
      ]
    },
    "gaps": [],
    "warnings": []
  },
  "market_cap": null,
  "source": "SEC EDGAR",
  "last_updated": "2026-02-02T22:02:29.360950",
  "sector": "Industrials",
  "industry": "Building Products & Equipment"
}