{
  "ticker": "JBL",
  "name": "JABIL INC",
  "quarters": [
    {
      "date": "2021-02-28T00:00:00",
      "quarter_label": "2021-02 (Q1)",
      "revenue": 6828546000,
      "gross_profit": 569925000,
      "operating_income": 236350000,
      "net_income": 151654000,
      "opex": 333575000,
      "cogs": 6258621000,
      "rd": 9368000,
      "sga": 305942000,
      "fcf": -287000000,
      "ocf": 21000000,
      "capex": -308000000,
      "gross_margin": 0.08346213088408572,
      "op_margin": 0.034612053576266455,
      "fcf_margin": -0.04202944521425205
    },
    {
      "date": "2021-05-31T00:00:00",
      "quarter_label": "2021-05 (Q2)",
      "revenue": 7214645000,
      "gross_profit": 567800000,
      "operating_income": 239774000,
      "net_income": 169480000,
      "opex": 328026000,
      "cogs": 6646845000,
      "rd": 9657000,
      "sga": 305559000,
      "fcf": 368000000,
      "ocf": 585000000,
      "capex": -217000000,
      "gross_margin": 0.07870103102786069,
      "op_margin": 0.0332343448638152,
      "fcf_margin": 0.05100736072253036,
      "op_leverage_ratio": Infinity,
      "fcf_margin_change": 0.0930368059367824
    },
    {
      "date": "2021-08-31T00:00:00",
      "quarter_label": "2021-08 (Q3)",
      "revenue": 7409279000,
      "gross_profit": 586715000,
      "operating_income": 264926000,
      "net_income": 174424000,
      "opex": 321789000,
      "cogs": 6822564000,
      "rd": 6857000,
      "sga": 298747000,
      "fcf": 481000000,
      "ocf": 762000000,
      "capex": -281000000,
      "gross_margin": 0.07918651733859665,
      "op_margin": 0.03575597571639562,
      "fcf_margin": 0.06491859734260243,
      "op_leverage_ratio": Infinity,
      "fcf_margin_change": 0.01391123662007207
    },
    {
      "date": "2021-11-30T00:00:00",
      "quarter_label": "2021-11 (Q4)",
      "revenue": 8567000000,
      "gross_profit": 675000000,
      "operating_income": 350000000,
      "net_income": 241000000,
      "opex": 325000000,
      "cogs": 7892000000,
      "rd": 9000000,
      "sga": 308000000,
      "fcf": -327000000,
      "ocf": -46000000,
      "capex": -281000000,
      "gross_margin": 0.07879070853274192,
      "op_margin": 0.04085444146142173,
      "fcf_margin": -0.03816972102252831,
      "op_leverage_ratio": 15.658813477856182,
      "fcf_margin_change": -0.10308831836513074
    },
    {
      "date": "2022-02-28T00:00:00",
      "quarter_label": "2022-02 (Q1)",
      "revenue": 7553000000,
      "gross_profit": 609000000,
      "operating_income": 313000000,
      "net_income": 222000000,
      "opex": 296000000,
      "cogs": 6944000000,
      "rd": 8000000,
      "sga": 280000000,
      "fcf": -177000000,
      "ocf": 246000000,
      "capex": -423000000,
      "gross_margin": 0.08063021316033364,
      "op_margin": 0.04144048722361975,
      "fcf_margin": -0.023434396928372833,
      "incr_op_margin_yoy": 0.10580381915207866,
      "rev_growth_yoy": 0.10609198502873086,
      "fcf_margin_change": 0.014735324094155476
    },
    {
      "date": "2022-05-31T00:00:00",
      "quarter_label": "2022-05 (Q2)",
      "revenue": 8328000000,
      "gross_profit": 619000000,
      "operating_income": 321000000,
      "net_income": 218000000,
      "opex": 298000000,
      "cogs": 7709000000,
      "rd": 8000000,
      "sga": 282000000,
      "fcf": 181000000,
      "ocf": 545000000,
      "capex": -364000000,
      "gross_margin": 0.07432756964457253,
      "op_margin": 0.03854466858789626,
      "fcf_margin": 0.021733909702209415,
      "incr_op_margin_yoy": 0.07295606522627554,
      "rev_growth_yoy": 0.1543187502642195,
      "rev_growth_yoy_accel": 0.04822676523548865,
      "op_leverage_ratio": 15.186018800476631,
      "fcf_margin_change": 0.045168306630582244
    },
    {
      "date": "2022-08-31T00:00:00",
      "quarter_label": "2022-08 (Q3)",
      "revenue": 9030000000,
      "gross_profit": 729000000,
      "operating_income": 409000000,
      "net_income": 315000000,
      "opex": 320000000,
      "cogs": 8301000000,
      "rd": 8000000,
      "sga": 284000000,
      "fcf": 589000000,
      "ocf": 906000000,
      "capex": -317000000,
      "gross_margin": 0.08073089700996677,
      "op_margin": 0.04529346622369878,
      "fcf_margin": 0.06522702104097453,
      "incr_op_margin_yoy": 0.08889500413704765,
      "rev_growth_yoy": 0.21874206653575876,
      "rev_growth_yoy_accel": 0.06442331627153924,
      "op_leverage_ratio": 1.1417998428084881,
      "fcf_margin_change": 0.043493111338765114
    },
    {
      "date": "2022-11-30T00:00:00",
      "quarter_label": "2022-11 (Q4)",
      "revenue": 9635000000,
      "gross_profit": 743000000,
      "operating_income": 362000000,
      "net_income": 223000000,
      "opex": 381000000,
      "cogs": 8892000000,
      "rd": 9000000,
      "sga": 319000000,
      "fcf": -148000000,
      "ocf": 166000000,
      "capex": -314000000,
      "gross_margin": 0.07711468604047743,
      "op_margin": 0.037571354436948624,
      "fcf_margin": -0.015360664244940321,
      "incr_op_margin_yoy": 0.011235955056179775,
      "rev_growth_yoy": 0.12466440994513832,
      "rev_growth_yoy_accel": -0.09407765659062044,
      "op_leverage_ratio": 0.35146960042118264,
      "fcf_margin_change": -0.08058768528591484
    },
    {
      "date": "2023-02-28T00:00:00",
      "quarter_label": "2023-02 (Q1)",
      "revenue": 8134000000,
      "gross_profit": 661000000,
      "operating_income": 359000000,
      "net_income": 207000000,
      "opex": 302000000,
      "cogs": 7473000000,
      "rd": 8000000,
      "sga": 285000000,
      "fcf": 91000000,
      "ocf": 414000000,
      "capex": -323000000,
      "gross_margin": 0.08126383083353823,
      "op_margin": 0.044135726579788544,
      "fcf_margin": 0.011187607573149742,
      "incr_op_margin_yoy": 0.07917383820998279,
      "rev_growth_yoy": 0.07692307692307693,
      "rev_growth_yoy_accel": -0.04774133302206139,
      "fcf_margin_change": 0.026548271818090063
    },
    {
      "date": "2023-05-31T00:00:00",
      "quarter_label": "2023-05 (Q2)",
      "revenue": 8475000000,
      "gross_profit": 697000000,
      "operating_income": 375000000,
      "net_income": 233000000,
      "opex": 322000000,
      "cogs": 7778000000,
      "rd": 8000000,
      "sga": 307000000,
      "fcf": 245000000,
      "ocf": 468000000,
      "capex": -223000000,
      "gross_margin": 0.08224188790560472,
      "op_margin": 0.04424778761061947,
      "fcf_margin": 0.028908554572271386,
      "incr_op_margin_yoy": 0.3673469387755102,
      "rev_growth_yoy": 0.017651296829971182,
      "rev_growth_yoy_accel": -0.05927178009310574,
      "op_leverage_ratio": 0.6330341775264322,
      "fcf_margin_change": 0.017720946999121644
    },
    {
      "date": "2023-08-31T00:00:00",
      "quarter_label": "2023-08 (Q3)",
      "revenue": 8458000000,
      "gross_profit": 766000000,
      "operating_income": 441000000,
      "net_income": 155000000,
      "opex": 325000000,
      "cogs": 7692000000,
      "rd": 9000000,
      "sga": 295000000,
      "fcf": 516000000,
      "ocf": 686000000,
      "capex": -170000000,
      "gross_margin": 0.09056514542445022,
      "op_margin": 0.05213998581224876,
      "fcf_margin": 0.0610073303381414,
      "incr_op_margin_yoy": -0.055944055944055944,
      "rev_growth_yoy": -0.06334440753045405,
      "rev_growth_yoy_accel": -0.08099570436042523,
      "fcf_margin_change": 0.032098775765870016
    },
    {
      "date": "2023-11-30T00:00:00",
      "quarter_label": "2023-11 (Q4)",
      "revenue": 8387000000,
      "gross_profit": 775000000,
      "operating_income": 303000000,
      "net_income": 194000000,
      "opex": 472000000,
      "cogs": 7612000000,
      "rd": 10000000,
      "sga": 314000000,
      "fcf": 160000000,
      "ocf": 448000000,
      "capex": -288000000,
      "gross_margin": 0.09240491236437344,
      "op_margin": 0.036127339930845354,
      "fcf_margin": 0.019077143197806127,
      "incr_op_margin_yoy": 0.047275641025641024,
      "rev_growth_yoy": -0.12952776336274002,
      "rev_growth_yoy_accel": -0.06618335583228598,
      "fcf_margin_change": -0.04193018714033528
    },
    {
      "date": "2024-02-29T00:00:00",
      "quarter_label": "2024-02 (Q1)",
      "revenue": 6767000000,
      "gross_profit": 630000000,
      "operating_income": 1131000000,
      "net_income": 927000000,
      "opex": -501000000,
      "cogs": 6137000000,
      "rd": 10000000,
      "sga": 308000000,
      "fcf": -48000000,
      "ocf": 218000000,
      "capex": -266000000,
      "gross_margin": 0.09309886212501847,
      "op_margin": 0.1671346239101522,
      "fcf_margin": -0.007093246638096645,
      "incr_op_margin_yoy": -0.5647403072421361,
      "rev_growth_yoy": -0.1680599950823703,
      "rev_growth_yoy_accel": -0.03853223171963027,
      "fcf_margin_change": -0.026170389835902773
    },
    {
      "date": "2024-05-31T00:00:00",
      "quarter_label": "2024-05 (Q2)",
      "revenue": 6765000000,
      "gross_profit": 608000000,
      "operating_income": 261000000,
      "net_income": 129000000,
      "opex": 347000000,
      "cogs": 6157000000,
      "rd": 9000000,
      "sga": 268000000,
      "fcf": 409000000,
      "ocf": 515000000,
      "capex": -106000000,
      "gross_margin": 0.08987435328898744,
      "op_margin": 0.038580931263858094,
      "fcf_margin": 0.06045824094604582,
      "incr_op_margin_yoy": 0.06666666666666667,
      "rev_growth_yoy": -0.20176991150442478,
      "rev_growth_yoy_accel": -0.03370991642205448,
      "fcf_margin_change": 0.06755148758414246
    },
    {
      "date": "2024-08-31T00:00:00",
      "quarter_label": "2024-08 (Q3)",
      "revenue": 6964000000,
      "gross_profit": 663000000,
      "operating_income": 318000000,
      "net_income": 138000000,
      "opex": 345000000,
      "cogs": 6301000000,
      "rd": 10000000,
      "sga": 270000000,
      "fcf": 411000000,
      "ocf": 535000000,
      "capex": -124000000,
      "gross_margin": 0.09520390580126364,
      "op_margin": 0.0456634118322803,
      "fcf_margin": 0.059017805858701894,
      "incr_op_margin_yoy": 0.0823293172690763,
      "rev_growth_yoy": -0.1766375029557815,
      "rev_growth_yoy_accel": 0.025132408548643265,
      "op_leverage_ratio": Infinity,
      "fcf_margin_change": -0.0014404350873439276
    },
    {
      "date": "2024-11-30T00:00:00",
      "quarter_label": "2024-11 (Q4)",
      "revenue": 6994000000,
      "gross_profit": 606000000,
      "operating_income": 197000000,
      "net_income": 100000000,
      "opex": 409000000,
      "cogs": 6388000000,
      "rd": 8000000,
      "sga": 305000000,
      "fcf": 215000000,
      "ocf": 312000000,
      "capex": -97000000,
      "gross_margin": 0.08664569631112382,
      "op_margin": 0.028167000285959393,
      "fcf_margin": 0.03074063482985416,
      "incr_op_margin_yoy": 0.07609475951184494,
      "rev_growth_yoy": -0.1660903779658996,
      "rev_growth_yoy_accel": 0.010547124989881917,
      "fcf_margin_change": -0.028277171028847733
    },
    {
      "date": "2025-02-28T00:00:00",
      "quarter_label": "2025-02 (Q1)",
      "revenue": 6728000000,
      "gross_profit": 576000000,
      "operating_income": 245000000,
      "net_income": 117000000,
      "opex": 331000000,
      "cogs": 6152000000,
      "rd": 7000000,
      "sga": 256000000,
      "fcf": 218000000,
      "ocf": 334000000,
      "capex": -116000000,
      "gross_margin": 0.08561236623067776,
      "op_margin": 0.03641498216409037,
      "fcf_margin": 0.032401902497027346,
      "incr_op_margin_yoy": 22.71794871794872,
      "rev_growth_yoy": -0.005763262893453525,
      "rev_growth_yoy_accel": 0.16032711507244607,
      "fcf_margin_change": 0.0016612676671731857
    },
    {
      "date": "2025-05-31T00:00:00",
      "quarter_label": "2025-05 (Q2)",
      "revenue": 7828000000,
      "gross_profit": 681000000,
      "operating_income": 403000000,
      "net_income": 222000000,
      "opex": 278000000,
      "cogs": 7147000000,
      "rd": 7000000,
      "sga": 274000000,
      "fcf": 320000000,
      "ocf": 406000000,
      "capex": -86000000,
      "gross_margin": 0.08699540112416965,
      "op_margin": 0.051481859989780276,
      "fcf_margin": 0.040878896269800714,
      "incr_op_margin_yoy": 0.13358419567262464,
      "rev_growth_yoy": 0.15713229859571323,
      "rev_growth_yoy_accel": 0.16289556148916676,
      "op_leverage_ratio": Infinity,
      "fcf_margin_change": 0.008476993772773368
    },
    {
      "date": "2025-08-31T00:00:00",
      "quarter_label": "2025-08 (Q3)",
      "revenue": 8252000000,
      "gross_profit": 783000000,
      "operating_income": 337000000,
      "net_income": 218000000,
      "opex": 446000000,
      "cogs": 7469000000,
      "rd": 4000000,
      "sga": 287000000,
      "fcf": 419000000,
      "ocf": 588000000,
      "capex": -169000000,
      "gross_margin": 0.09488608822103732,
      "op_margin": 0.04083858458555502,
      "fcf_margin": 0.05077556955889481,
      "incr_op_margin_yoy": 0.014751552795031056,
      "rev_growth_yoy": 0.18495117748420448,
      "rev_growth_yoy_accel": 0.027818878888491244,
      "op_leverage_ratio": 0.08962941333917317,
      "fcf_margin_change": 0.009896673289094098
    },
    {
      "date": "2025-11-30T00:00:00",
      "quarter_label": "2025-11 (Q4)",
      "revenue": 8305000000,
      "gross_profit": 742000000,
      "operating_income": 283000000,
      "net_income": 146000000,
      "opex": 459000000,
      "cogs": 7563000000,
      "rd": 7000000,
      "sga": 344000000,
      "fcf": 228000000,
      "ocf": 323000000,
      "capex": -95000000,
      "gross_margin": 0.0893437688139675,
      "op_margin": 0.03407585791691752,
      "fcf_margin": 0.02745334136062613,
      "incr_op_margin_yoy": 0.06559877955758962,
      "rev_growth_yoy": 0.18744638261366886,
      "rev_growth_yoy_accel": 0.002495205129464384,
      "fcf_margin_change": -0.023322228198268683
    }
  ],
  "signals": [
    {
      "quarter": "2025-05 (Q2)",
      "signal": "YoY REVENUE GROWTH ACCELERATION",
      "detail": "YoY growth: +15.7% vs prior quarter YoY: -0.6% (accel: +16.3%)",
      "severity": "HIGH"
    },
    {
      "quarter": "2025-02 (Q1)",
      "signal": "YoY REVENUE GROWTH ACCELERATION",
      "detail": "YoY growth: -0.6% vs prior quarter YoY: -16.6% (accel: +16.0%)",
      "severity": "HIGH"
    },
    {
      "quarter": "2025-02 (Q1)",
      "signal": "INCREMENTAL MARGIN (YoY)",
      "detail": "YoY Incr OPM: +2271.8% vs year-ago OPM: +16.7%",
      "severity": "HIGH"
    },
    {
      "quarter": "2024-05 (Q2)",
      "signal": "FCF TURNED POSITIVE",
      "detail": "FCF margin: -0.7% -> +6.0%",
      "severity": "HIGH"
    },
    {
      "quarter": "2023-11 (Q4)",
      "signal": "YoY REVENUE GROWTH DECELERATION",
      "detail": "YoY growth: -13.0% vs prior quarter YoY: -6.3% (decel: -6.6%)",
      "severity": "WARNING"
    },
    {
      "quarter": "2023-08 (Q3)",
      "signal": "YoY REVENUE GROWTH DECELERATION",
      "detail": "YoY growth: -6.3% vs prior quarter YoY: +1.8% (decel: -8.1%)",
      "severity": "WARNING"
    },
    {
      "quarter": "2023-05 (Q2)",
      "signal": "YoY REVENUE GROWTH DECELERATION",
      "detail": "YoY growth: +1.8% vs prior quarter YoY: +7.7% (decel: -5.9%)",
      "severity": "WARNING"
    },
    {
      "quarter": "2023-05 (Q2)",
      "signal": "INCREMENTAL MARGIN (YoY)",
      "detail": "YoY Incr OPM: +36.7% vs year-ago OPM: +3.9%",
      "severity": "HIGH"
    },
    {
      "quarter": "2023-02 (Q1)",
      "signal": "FCF TURNED POSITIVE",
      "detail": "FCF margin: -1.5% -> +1.1%",
      "severity": "HIGH"
    },
    {
      "quarter": "2022-11 (Q4)",
      "signal": "YoY REVENUE GROWTH DECELERATION",
      "detail": "YoY growth: +12.5% vs prior quarter YoY: +21.9% (decel: -9.4%)",
      "severity": "WARNING"
    },
    {
      "quarter": "2022-08 (Q3)",
      "signal": "YoY REVENUE GROWTH ACCELERATION",
      "detail": "YoY growth: +21.9% vs prior quarter YoY: +15.4% (accel: +6.4%)",
      "severity": "MEDIUM"
    },
    {
      "quarter": "2022-05 (Q2)",
      "signal": "FCF TURNED POSITIVE",
      "detail": "FCF margin: -2.3% -> +2.2%",
      "severity": "HIGH"
    },
    {
      "quarter": "2022-05 (Q2)",
      "signal": "OPERATING LEVERAGE",
      "detail": "Rev growth +10.3% vs OpEx growth +0.7% (leverage: 15.2x)",
      "severity": "MEDIUM"
    },
    {
      "quarter": "2021-11 (Q4)",
      "signal": "OPERATING LEVERAGE",
      "detail": "Rev growth +15.6% vs OpEx growth +1.0% (leverage: 15.7x)",
      "severity": "MEDIUM"
    },
    {
      "quarter": "2021-05 (Q2)",
      "signal": "FCF TURNED POSITIVE",
      "detail": "FCF margin: -4.2% -> +5.1%",
      "severity": "HIGH"
    }
  ],
  "data_quality": {
    "n_quarters": 20,
    "coverage": {
      "revenue": [
        20,
        20
      ],
      "gross_profit": [
        20,
        20
      ],
      "op_income": [
        20,
        20
      ],
      "fcf": [
        20,
        20
      ]
    },
    "gaps": [],
    "warnings": []
  },
  "market_cap": null,
  "source": "SEC EDGAR",
  "last_updated": "2026-02-02T20:12:17.082565"
}