{
  "ticker": "JCTC",
  "name": "JEWETT-CAMERON TRADING COMPANY LTD.",
  "quarters": [
    {
      "date": "2021-02-28T00:00:00",
      "quarter_label": "2021-02 (Q1)",
      "revenue": 10460355,
      "gross_profit": 2611576,
      "operating_income": -63162,
      "net_income": -53164,
      "opex": 2674738,
      "cogs": 7848779,
      "rd": null,
      "sga": 895974,
      "fcf": -2948218,
      "ocf": -2612995,
      "capex": -335223,
      "gross_margin": 0.24966418443733507,
      "op_margin": -0.006038227192098165,
      "fcf_margin": -0.28184683980610603
    },
    {
      "date": "2021-05-31T00:00:00",
      "quarter_label": "2021-05 (Q2)",
      "revenue": 21619952,
      "gross_profit": 5582250,
      "operating_income": 2638011,
      "net_income": 2414477,
      "opex": 2944240,
      "cogs": 16037702,
      "rd": null,
      "sga": 966299,
      "fcf": -1717698,
      "ocf": -1217909,
      "capex": -499789,
      "gross_margin": 0.2581990006268284,
      "op_margin": 0.12201743093601689,
      "fcf_margin": -0.07944966760333233,
      "op_leverage_ratio": 10.588180665496315,
      "fcf_margin_change": 0.2023971722027737
    },
    {
      "date": "2021-08-31T00:00:00",
      "quarter_label": "2021-08 (Q3)",
      "revenue": 15104952,
      "gross_profit": 2989921,
      "operating_income": 541061,
      "net_income": 605114,
      "opex": 2448860,
      "cogs": 12115031,
      "rd": null,
      "sga": 648043,
      "fcf": -2958968,
      "ocf": -2815488,
      "capex": -143480,
      "gross_margin": 0.19794309839581087,
      "op_margin": 0.03582010720722582,
      "fcf_margin": -0.1958939028737066,
      "fcf_margin_change": -0.11644423527037426
    },
    {
      "date": "2021-11-30T00:00:00",
      "quarter_label": "2021-11 (Q4)",
      "revenue": 12917724,
      "gross_profit": 2464863,
      "operating_income": -467181,
      "net_income": -391141,
      "opex": 2932044,
      "cogs": 10452861,
      "rd": null,
      "sga": 988288,
      "fcf": -1948868,
      "ocf": -1358493,
      "capex": -590375,
      "gross_margin": 0.19081248368520645,
      "op_margin": -0.036165891143052756,
      "fcf_margin": -0.1508677534835084,
      "fcf_margin_change": 0.045026149390198195
    },
    {
      "date": "2022-02-28T00:00:00",
      "quarter_label": "2022-02 (Q1)",
      "revenue": 14060751,
      "gross_profit": 3424227,
      "operating_income": 696740,
      "net_income": 269820,
      "opex": 2727487,
      "cogs": 10636524,
      "rd": null,
      "sga": 684116,
      "fcf": -4836390,
      "ocf": -4518364,
      "capex": -318026,
      "gross_margin": 0.24353087541341142,
      "op_margin": 0.04955211851770933,
      "fcf_margin": -0.34396384659681406,
      "incr_op_margin_yoy": 0.21106067221494523,
      "rev_growth_yoy": 0.34419443699568514,
      "op_leverage_ratio": Infinity,
      "fcf_margin_change": -0.19309609311330567
    },
    {
      "date": "2022-05-31T00:00:00",
      "quarter_label": "2022-05 (Q2)",
      "revenue": 20922190,
      "gross_profit": 5352810,
      "operating_income": 2019644,
      "net_income": 1494111,
      "opex": 3333166,
      "cogs": 15569380,
      "rd": null,
      "sga": 1125692,
      "fcf": 1731395,
      "ocf": 1834353,
      "capex": -102958,
      "gross_margin": 0.2558436760205313,
      "op_margin": 0.09653119487013549,
      "fcf_margin": 0.0827540042414298,
      "rev_growth_yoy": -0.03227398469709831,
      "rev_growth_yoy_accel": -0.37646842169278344,
      "op_leverage_ratio": 2.1974897721989524,
      "fcf_margin_change": 0.4267178508382439
    },
    {
      "date": "2022-08-31T00:00:00",
      "quarter_label": "2022-08 (Q3)",
      "revenue": 15001166,
      "gross_profit": 2551160,
      "operating_income": -279650,
      "net_income": -208666,
      "opex": 2830810,
      "cogs": 12450006,
      "rd": null,
      "sga": 1210072,
      "fcf": 357548,
      "ocf": 602083,
      "capex": -244535,
      "gross_margin": 0.1700641136828964,
      "op_margin": -0.018641884237531936,
      "fcf_margin": 0.02383468058416259,
      "rev_growth_yoy": -0.006870991711857144,
      "rev_growth_yoy_accel": 0.025402992985241166,
      "fcf_margin_change": -0.05891932365726721
    },
    {
      "date": "2022-11-30T00:00:00",
      "quarter_label": "2022-11 (Q4)",
      "revenue": 12577500,
      "gross_profit": 2859700,
      "operating_income": -6798,
      "net_income": -73760,
      "opex": 2866498,
      "cogs": 9717800,
      "rd": null,
      "sga": 826807,
      "fcf": 658019,
      "ocf": 694242,
      "capex": -36223,
      "gross_margin": 0.2273663287616776,
      "op_margin": -0.0005404889683959451,
      "fcf_margin": 0.052317153647386205,
      "rev_growth_yoy": -0.026337766622045802,
      "rev_growth_yoy_accel": -0.01946677491018866,
      "fcf_margin_change": 0.028482473063223615
    },
    {
      "date": "2023-02-28T00:00:00",
      "quarter_label": "2023-02 (Q1)",
      "revenue": 8143421,
      "gross_profit": 1920542,
      "operating_income": -1210085,
      "net_income": -972038,
      "opex": 3130627,
      "cogs": 6222879,
      "rd": null,
      "sga": 1096090,
      "fcf": -2374093,
      "ocf": -2108635,
      "capex": -265458,
      "gross_margin": 0.23583970422258654,
      "op_margin": -0.14859664015897003,
      "fcf_margin": -0.2915350931752147,
      "incr_op_margin_yoy": 0.3222441540356884,
      "rev_growth_yoy": -0.42084025241610495,
      "rev_growth_yoy_accel": -0.39450248579405917,
      "fcf_margin_change": -0.3438522468226009
    },
    {
      "date": "2023-05-31T00:00:00",
      "quarter_label": "2023-05 (Q2)",
      "revenue": 18945738,
      "gross_profit": 4413372,
      "operating_income": 1251019,
      "net_income": 734951,
      "opex": 3162353,
      "cogs": 14532366,
      "rd": null,
      "sga": 961566,
      "fcf": 3050162,
      "ocf": 2964166,
      "capex": 85996,
      "gross_margin": 0.23294801184308575,
      "op_margin": 0.06603168480425518,
      "fcf_margin": 0.16099462580977314,
      "incr_op_margin_yoy": 0.38889130623966583,
      "rev_growth_yoy": -0.09446678383094695,
      "rev_growth_yoy_accel": 0.32637346858515803,
      "op_leverage_ratio": 130.89589794902426,
      "fcf_margin_change": 0.45252971898498784
    },
    {
      "date": "2023-08-31T00:00:00",
      "quarter_label": "2023-08 (Q3)",
      "revenue": 14622645,
      "gross_profit": 3053511,
      "operating_income": 396548,
      "net_income": 290221,
      "opex": 2656963,
      "cogs": 11569134,
      "rd": null,
      "sga": 1088592,
      "fcf": 4038136,
      "ocf": 4046367,
      "capex": -8231,
      "gross_margin": 0.20882070241054201,
      "op_margin": 0.027118759978102456,
      "fcf_margin": 0.27615633149816604,
      "rev_growth_yoy": -0.02523277190586385,
      "rev_growth_yoy_accel": 0.0692340119250831,
      "fcf_margin_change": 0.1151617056883929
    },
    {
      "date": "2023-11-30T00:00:00",
      "quarter_label": "2023-11 (Q4)",
      "revenue": 9805841,
      "gross_profit": 1956081,
      "operating_income": -789224,
      "net_income": 1291541,
      "opex": 2745305,
      "cogs": 7849760,
      "rd": null,
      "sga": 948481,
      "fcf": 4632031,
      "ocf": 4632031,
      "capex": null,
      "gross_margin": 0.1994812071702978,
      "op_margin": -0.080485090468018,
      "fcf_margin": 0.4723746795404902,
      "incr_op_margin_yoy": 0.28229518854952934,
      "rev_growth_yoy": -0.22036644802226196,
      "rev_growth_yoy_accel": -0.19513367611639812,
      "fcf_margin_change": 0.1962183480423242
    },
    {
      "date": "2024-02-29T00:00:00",
      "quarter_label": "2024-02 (Q1)",
      "revenue": 8229192,
      "gross_profit": 2064516,
      "operating_income": -726687,
      "net_income": -534145,
      "opex": 2791203,
      "cogs": 6164676,
      "rd": null,
      "sga": 967426,
      "fcf": -2412351,
      "ocf": -2412351,
      "capex": null,
      "gross_margin": 0.2508771213504315,
      "op_margin": -0.08830599650609683,
      "fcf_margin": -0.29314554818990735,
      "rev_growth_yoy": 0.0105325513687675,
      "rev_growth_yoy_accel": 0.23089899939102945,
      "fcf_margin_change": -0.7655202277303976
    },
    {
      "date": "2024-05-31T00:00:00",
      "quarter_label": "2024-05 (Q2)",
      "revenue": 15896017,
      "gross_profit": 2951076,
      "operating_income": 55595,
      "net_income": 154862,
      "opex": 2895481,
      "cogs": 12944941,
      "rd": null,
      "sga": 1026071,
      "fcf": -96062,
      "ocf": 14478,
      "capex": -110540,
      "gross_margin": 0.18564876975156733,
      "op_margin": 0.0034974169944584233,
      "fcf_margin": -0.006043149047965915,
      "incr_op_margin_yoy": 0.3919781514440173,
      "rev_growth_yoy": -0.16097134880678704,
      "rev_growth_yoy_accel": -0.17150390017555453,
      "op_leverage_ratio": 24.937739576520244,
      "fcf_margin_change": 0.2871023991419414
    },
    {
      "date": "2024-08-31T00:00:00",
      "quarter_label": "2024-08 (Q3)",
      "revenue": 13214126,
      "gross_profit": 1911971,
      "operating_income": -310094,
      "net_income": -190504,
      "opex": 2222065,
      "cogs": 11302155,
      "rd": null,
      "sga": 945791,
      "fcf": 3794623,
      "ocf": 3794623,
      "capex": null,
      "gross_margin": 0.1446914461085054,
      "op_margin": -0.023466856604818207,
      "fcf_margin": 0.28716413026483933,
      "incr_op_margin_yoy": 0.5016914929795054,
      "rev_growth_yoy": -0.09632450216769949,
      "rev_growth_yoy_accel": 0.06464684663908755,
      "fcf_margin_change": 0.29320727931280527
    },
    {
      "date": "2024-11-30T00:00:00",
      "quarter_label": "2024-11 (Q4)",
      "revenue": 9267001,
      "gross_profit": 1693902,
      "operating_income": -858145,
      "net_income": -658717,
      "opex": 2552047,
      "cogs": 7573099,
      "rd": null,
      "sga": 809213,
      "fcf": -1814776,
      "ocf": -1777476,
      "capex": -37300,
      "gross_margin": 0.18278858500177134,
      "op_margin": -0.09260223453089085,
      "fcf_margin": -0.19583207123858085,
      "rev_growth_yoy": -0.05495092159866757,
      "rev_growth_yoy_accel": 0.04137358056903192,
      "fcf_margin_change": -0.48299620150342015
    },
    {
      "date": "2025-02-28T00:00:00",
      "quarter_label": "2025-02 (Q1)",
      "revenue": 9054951,
      "gross_profit": 1815708,
      "operating_income": -770487,
      "net_income": -573094,
      "opex": 2586195,
      "cogs": 7239243,
      "rd": null,
      "sga": 940168,
      "fcf": -2603756,
      "ocf": -2584407,
      "capex": -19349,
      "gross_margin": 0.2005210188326806,
      "op_margin": -0.08509013466776352,
      "fcf_margin": -0.28755053450869034,
      "rev_growth_yoy": 0.1003450885579046,
      "rev_growth_yoy_accel": 0.15529601015657216,
      "fcf_margin_change": -0.09171846327010949
    },
    {
      "date": "2025-05-31T00:00:00",
      "quarter_label": "2025-05 (Q2)",
      "revenue": 12605344,
      "gross_profit": 1889007,
      "operating_income": -687781,
      "net_income": -649634,
      "opex": 2576788,
      "cogs": 10716337,
      "rd": null,
      "sga": 1008334,
      "fcf": -1653221,
      "ocf": -1616486,
      "capex": -36735,
      "gross_margin": 0.14985763181076217,
      "op_margin": -0.05456265215768804,
      "fcf_margin": -0.13115239060512748,
      "incr_op_margin_yoy": 0.22590394123025898,
      "rev_growth_yoy": -0.20701242330075514,
      "rev_growth_yoy_accel": -0.3073575118586597,
      "op_leverage_ratio": Infinity,
      "fcf_margin_change": 0.15639814390356285
    },
    {
      "date": "2025-08-31T00:00:00",
      "quarter_label": "2025-08 (Q3)",
      "revenue": 10370845,
      "gross_profit": 853379,
      "operating_income": -1434213,
      "net_income": -2248647,
      "opex": 2287592,
      "cogs": 9517466,
      "rd": null,
      "sga": 1099115,
      "fcf": -658036,
      "ocf": -636408,
      "capex": -21628,
      "gross_margin": 0.08228635178714945,
      "op_margin": -0.13829278135002498,
      "fcf_margin": -0.06345056743206556,
      "incr_op_margin_yoy": 0.39535979736086585,
      "rev_growth_yoy": -0.2151698114578293,
      "rev_growth_yoy_accel": -0.008157388157074147,
      "fcf_margin_change": 0.06770182317306192
    },
    {
      "date": "2025-11-30T00:00:00",
      "quarter_label": "2025-11 (Q4)",
      "revenue": 8653467,
      "gross_profit": -1078932,
      "operating_income": -3784615,
      "net_income": -3944139,
      "opex": 2705683,
      "cogs": 9732399,
      "rd": null,
      "sga": 1401035,
      "fcf": -1321396,
      "ocf": -1321396,
      "capex": null,
      "gross_margin": -0.12468204940285783,
      "op_margin": -0.4373524507575981,
      "fcf_margin": -0.1527013392435656,
      "rev_growth_yoy": -0.06620631636923316,
      "rev_growth_yoy_accel": 0.14896349508859613,
      "fcf_margin_change": -0.08925077181150004
    }
  ],
  "signals": [
    {
      "quarter": "2025-11 (Q4)",
      "signal": "YoY REVENUE GROWTH ACCELERATION",
      "detail": "YoY growth: -6.6% vs prior quarter YoY: -21.5% (accel: +14.9%)",
      "severity": "MEDIUM"
    },
    {
      "quarter": "2025-08 (Q3)",
      "signal": "FCF MARGIN EXPANSION",
      "detail": "FCF margin: -13.1% -> -6.3% (+6.8%)",
      "severity": "MEDIUM"
    },
    {
      "quarter": "2025-05 (Q2)",
      "signal": "FCF MARGIN EXPANSION",
      "detail": "FCF margin: -28.8% -> -13.1% (+15.6%)",
      "severity": "MEDIUM"
    },
    {
      "quarter": "2025-05 (Q2)",
      "signal": "YoY REVENUE GROWTH DECELERATION",
      "detail": "YoY growth: -20.7% vs prior quarter YoY: +10.0% (decel: -30.7%)",
      "severity": "WARNING"
    },
    {
      "quarter": "2025-02 (Q1)",
      "signal": "YoY REVENUE GROWTH ACCELERATION",
      "detail": "YoY growth: +10.0% vs prior quarter YoY: -5.5% (accel: +15.5%)",
      "severity": "HIGH"
    },
    {
      "quarter": "2024-11 (Q4)",
      "signal": "GROSS MARGIN INFLECTION",
      "detail": "GM: +18.6% -> +14.5% -> +18.3% (reversal +3.8%)",
      "severity": "MEDIUM"
    },
    {
      "quarter": "2024-08 (Q3)",
      "signal": "FCF TURNED POSITIVE",
      "detail": "FCF margin: -0.6% -> +28.7%",
      "severity": "HIGH"
    },
    {
      "quarter": "2024-08 (Q3)",
      "signal": "YoY REVENUE GROWTH ACCELERATION",
      "detail": "YoY growth: -9.6% vs prior quarter YoY: -16.1% (accel: +6.5%)",
      "severity": "MEDIUM"
    },
    {
      "quarter": "2024-05 (Q2)",
      "signal": "FCF MARGIN EXPANSION",
      "detail": "FCF margin: -29.3% -> -0.6% (+28.7%)",
      "severity": "MEDIUM"
    },
    {
      "quarter": "2024-05 (Q2)",
      "signal": "OPERATING LEVERAGE",
      "detail": "Rev growth +93.2% vs OpEx growth +3.7% (leverage: 24.9x)",
      "severity": "MEDIUM"
    },
    {
      "quarter": "2024-05 (Q2)",
      "signal": "YoY REVENUE GROWTH DECELERATION",
      "detail": "YoY growth: -16.1% vs prior quarter YoY: +1.1% (decel: -17.2%)",
      "severity": "WARNING"
    },
    {
      "quarter": "2024-05 (Q2)",
      "signal": "INCREMENTAL MARGIN (YoY)",
      "detail": "YoY Incr OPM: +39.2% vs year-ago OPM: +6.6%",
      "severity": "HIGH"
    },
    {
      "quarter": "2024-05 (Q2)",
      "signal": "OP MARGIN TURNED POSITIVE (QoQ)",
      "detail": "Op margin: -8.8% -> +0.3%",
      "severity": "HIGH"
    },
    {
      "quarter": "2024-02 (Q1)",
      "signal": "GROSS MARGIN INFLECTION",
      "detail": "GM: +20.9% -> +19.9% -> +25.1% (reversal +5.1%)",
      "severity": "HIGH"
    },
    {
      "quarter": "2024-02 (Q1)",
      "signal": "YoY REVENUE GROWTH ACCELERATION",
      "detail": "YoY growth: +1.1% vs prior quarter YoY: -22.0% (accel: +23.1%)",
      "severity": "HIGH"
    },
    {
      "quarter": "2023-11 (Q4)",
      "signal": "FCF MARGIN EXPANSION",
      "detail": "FCF margin: +27.6% -> +47.2% (+19.6%)",
      "severity": "MEDIUM"
    },
    {
      "quarter": "2023-11 (Q4)",
      "signal": "YoY REVENUE GROWTH DECELERATION",
      "detail": "YoY growth: -22.0% vs prior quarter YoY: -2.5% (decel: -19.5%)",
      "severity": "WARNING"
    },
    {
      "quarter": "2023-08 (Q3)",
      "signal": "FCF MARGIN EXPANSION",
      "detail": "FCF margin: +16.1% -> +27.6% (+11.5%)",
      "severity": "MEDIUM"
    },
    {
      "quarter": "2023-08 (Q3)",
      "signal": "YoY REVENUE GROWTH ACCELERATION",
      "detail": "YoY growth: -2.5% vs prior quarter YoY: -9.4% (accel: +6.9%)",
      "severity": "MEDIUM"
    },
    {
      "quarter": "2023-08 (Q3)",
      "signal": "OP MARGIN TURNED POSITIVE (YoY)",
      "detail": "Op margin: -1.9% (year-ago) -> +2.7%",
      "severity": "HIGH"
    },
    {
      "quarter": "2023-05 (Q2)",
      "signal": "FCF TURNED POSITIVE",
      "detail": "FCF margin: -29.2% -> +16.1%",
      "severity": "HIGH"
    },
    {
      "quarter": "2023-05 (Q2)",
      "signal": "OPERATING LEVERAGE",
      "detail": "Rev growth +132.7% vs OpEx growth +1.0% (leverage: 130.9x)",
      "severity": "MEDIUM"
    },
    {
      "quarter": "2023-05 (Q2)",
      "signal": "YoY REVENUE GROWTH ACCELERATION",
      "detail": "YoY growth: -9.4% vs prior quarter YoY: -42.1% (accel: +32.6%)",
      "severity": "HIGH"
    },
    {
      "quarter": "2023-05 (Q2)",
      "signal": "INCREMENTAL MARGIN (YoY)",
      "detail": "YoY Incr OPM: +38.9% vs year-ago OPM: +9.7%",
      "severity": "HIGH"
    },
    {
      "quarter": "2023-05 (Q2)",
      "signal": "OP MARGIN TURNED POSITIVE (QoQ)",
      "detail": "Op margin: -14.9% -> +6.6%",
      "severity": "HIGH"
    },
    {
      "quarter": "2023-02 (Q1)",
      "signal": "YoY REVENUE GROWTH DECELERATION",
      "detail": "YoY growth: -42.1% vs prior quarter YoY: -2.6% (decel: -39.5%)",
      "severity": "WARNING"
    },
    {
      "quarter": "2022-11 (Q4)",
      "signal": "GROSS MARGIN INFLECTION",
      "detail": "GM: +25.6% -> +17.0% -> +22.7% (reversal +5.7%)",
      "severity": "HIGH"
    },
    {
      "quarter": "2022-05 (Q2)",
      "signal": "FCF TURNED POSITIVE",
      "detail": "FCF margin: -34.4% -> +8.3%",
      "severity": "HIGH"
    },
    {
      "quarter": "2022-05 (Q2)",
      "signal": "OPERATING LEVERAGE",
      "detail": "Rev growth +48.8% vs OpEx growth +22.2% (leverage: 2.2x)",
      "severity": "MEDIUM"
    },
    {
      "quarter": "2022-05 (Q2)",
      "signal": "YoY REVENUE GROWTH DECELERATION",
      "detail": "YoY growth: -3.2% vs prior quarter YoY: +34.4% (decel: -37.6%)",
      "severity": "WARNING"
    },
    {
      "quarter": "2022-02 (Q1)",
      "signal": "GROSS MARGIN INFLECTION",
      "detail": "GM: +19.8% -> +19.1% -> +24.4% (reversal +5.3%)",
      "severity": "HIGH"
    },
    {
      "quarter": "2022-02 (Q1)",
      "signal": "OP MARGIN TURNED POSITIVE (YoY)",
      "detail": "Op margin: -0.6% (year-ago) -> +5.0%",
      "severity": "HIGH"
    },
    {
      "quarter": "2022-02 (Q1)",
      "signal": "OP MARGIN TURNED POSITIVE (QoQ)",
      "detail": "Op margin: -3.6% -> +5.0%",
      "severity": "HIGH"
    },
    {
      "quarter": "2021-05 (Q2)",
      "signal": "FCF MARGIN EXPANSION",
      "detail": "FCF margin: -28.2% -> -7.9% (+20.2%)",
      "severity": "MEDIUM"
    },
    {
      "quarter": "2021-05 (Q2)",
      "signal": "OPERATING LEVERAGE",
      "detail": "Rev growth +106.7% vs OpEx growth +10.1% (leverage: 10.6x)",
      "severity": "MEDIUM"
    },
    {
      "quarter": "2021-05 (Q2)",
      "signal": "OP MARGIN TURNED POSITIVE (QoQ)",
      "detail": "Op margin: -0.6% -> +12.2%",
      "severity": "HIGH"
    }
  ],
  "data_quality": {
    "n_quarters": 20,
    "coverage": {
      "revenue": [
        20,
        20
      ],
      "gross_profit": [
        20,
        20
      ],
      "op_income": [
        20,
        20
      ],
      "fcf": [
        20,
        20
      ]
    },
    "gaps": [],
    "warnings": []
  },
  "market_cap": null,
  "source": "SEC EDGAR",
  "last_updated": "2026-02-03T00:16:00.718564",
  "sector": "Basic Materials",
  "industry": "Lumber & Wood Production"
}