{
  "ticker": "JELD",
  "name": "JELD-WEN Holding, Inc.",
  "quarters": [
    {
      "date": "2020-12-31T00:00:00",
      "quarter_label": "2020-12 (Q4)",
      "revenue": 1151278000,
      "gross_profit": 243973000,
      "operating_income": 61793000,
      "net_income": 43239000,
      "opex": 182180000,
      "cogs": 907305000,
      "rd": null,
      "sga": 181841000,
      "fcf": 118010000,
      "ocf": 145074000,
      "capex": -27064000,
      "gross_margin": 0.21191493279642276,
      "op_margin": 0.053673395999923566,
      "fcf_margin": 0.1025034787427537
    },
    {
      "date": "2021-03-27T00:00:00",
      "quarter_label": "2021-03 (Q1)",
      "revenue": 1092383000,
      "gross_profit": 235939000,
      "operating_income": 43458000,
      "net_income": 25485000,
      "opex": 192481000,
      "cogs": 856444000,
      "rd": null,
      "sga": 191554000,
      "fcf": -82775000,
      "ocf": -64881000,
      "capex": -17894000,
      "gross_margin": 0.21598560211940318,
      "op_margin": 0.03978275018926512,
      "fcf_margin": -0.07577470539179024,
      "fcf_margin_change": -0.17827818413454394
    },
    {
      "date": "2021-06-26T00:00:00",
      "quarter_label": "2021-06 (Q2)",
      "revenue": 1245815000,
      "gross_profit": 291917000,
      "operating_income": 102081000,
      "net_income": 60710000,
      "opex": 189836000,
      "cogs": 953898000,
      "rd": null,
      "sga": 188691000,
      "fcf": 88117000,
      "ocf": 105622000,
      "capex": -17505000,
      "gross_margin": 0.23431809698871822,
      "op_margin": 0.08193913221465467,
      "fcf_margin": 0.07073040539727006,
      "op_leverage_ratio": Infinity,
      "fcf_margin_change": 0.1465051107890603
    },
    {
      "date": "2021-09-25T00:00:00",
      "quarter_label": "2021-09 (Q3)",
      "revenue": 1146585000,
      "gross_profit": 228072000,
      "operating_income": 53722000,
      "net_income": 40542000,
      "opex": 174350000,
      "cogs": 918513000,
      "rd": null,
      "sga": 173774000,
      "fcf": 70787000,
      "ocf": 94543000,
      "capex": -23756000,
      "gross_margin": 0.19891416685199964,
      "op_margin": 0.046853918375000546,
      "fcf_margin": 0.06173724582128669,
      "fcf_margin_change": -0.008993159575983373
    },
    {
      "date": "2021-12-31T00:00:00",
      "quarter_label": "2021-12 (Q4)",
      "revenue": 1286936000,
      "gross_profit": 219339000,
      "operating_income": 68164000,
      "net_income": 42085000,
      "opex": 151175000,
      "cogs": 1067597000,
      "rd": null,
      "sga": 150873000,
      "fcf": 15934000,
      "ocf": 40382000,
      "capex": -24448000,
      "gross_margin": 0.170435048829157,
      "op_margin": 0.052966114865074874,
      "fcf_margin": 0.012381346080923993,
      "incr_op_margin_yoy": 0.04696368809801117,
      "rev_growth_yoy": 0.11783253045745684,
      "op_leverage_ratio": Infinity,
      "fcf_margin_change": -0.049355899740362696
    },
    {
      "date": "2022-03-26T00:00:00",
      "quarter_label": "2022-03 (Q1)",
      "revenue": 1171022000,
      "gross_profit": 203298000,
      "operating_income": 10301000,
      "net_income": -528000,
      "opex": 192997000,
      "cogs": 967724000,
      "rd": null,
      "sga": 192996000,
      "fcf": -202249000,
      "ocf": -186867000,
      "capex": -15382000,
      "gross_margin": 0.17360732761638978,
      "op_margin": 0.008796589645625786,
      "fcf_margin": -0.17271152890381222,
      "incr_op_margin_yoy": -0.4216355752234896,
      "rev_growth_yoy": 0.07198848755427355,
      "rev_growth_yoy_accel": -0.045844042903183294,
      "fcf_margin_change": -0.18509287498473623
    },
    {
      "date": "2022-06-25T00:00:00",
      "quarter_label": "2022-06 (Q2)",
      "revenue": 1330968000,
      "gross_profit": 246165000,
      "operating_income": 60382000,
      "net_income": 45826000,
      "opex": 185783000,
      "cogs": 1084803000,
      "rd": null,
      "sga": 180487000,
      "fcf": 5036000,
      "ocf": 21156000,
      "capex": -16120000,
      "gross_margin": 0.18495185459004274,
      "op_margin": 0.04536698102433717,
      "fcf_margin": 0.003783712305630188,
      "incr_op_margin_yoy": -0.48969501955303985,
      "rev_growth_yoy": 0.06835123995135714,
      "rev_growth_yoy_accel": -0.0036372476029164075,
      "op_leverage_ratio": Infinity,
      "fcf_margin_change": 0.1764952412094424
    },
    {
      "date": "2022-09-24T00:00:00",
      "quarter_label": "2022-09 (Q3)",
      "revenue": 1295810000,
      "gross_profit": 250779000,
      "operating_income": -3079000,
      "net_income": -33192000,
      "opex": 253858000,
      "cogs": 1045031000,
      "rd": null,
      "sga": 192394000,
      "fcf": 70717000,
      "ocf": 92285000,
      "capex": -21568000,
      "gross_margin": 0.19353068736929024,
      "op_margin": -0.002376119955857726,
      "fcf_margin": 0.05457358717713245,
      "incr_op_margin_yoy": -0.38063997319484,
      "rev_growth_yoy": 0.13014735061072663,
      "rev_growth_yoy_accel": 0.06179611065936949,
      "fcf_margin_change": 0.05078987487150226
    },
    {
      "date": "2022-12-31T00:00:00",
      "quarter_label": "2022-12 (Q4)",
      "revenue": 1179014000,
      "gross_profit": 201251000,
      "operating_income": 38612000,
      "net_income": 33621000,
      "opex": 162639000,
      "cogs": 1086195000,
      "rd": null,
      "sga": 200215000,
      "fcf": 73616000,
      "ocf": 103763000,
      "capex": -30147000,
      "gross_margin": 0.17069432593675732,
      "op_margin": 0.032749399074141615,
      "fcf_margin": 0.06243861396047884,
      "incr_op_margin_yoy": 0.27382739385852745,
      "rev_growth_yoy": -0.08385964803222538,
      "rev_growth_yoy_accel": -0.21400699864295203,
      "fcf_margin_change": 0.007865026783346392
    },
    {
      "date": "2023-04-01T00:00:00",
      "quarter_label": "2023-04 (Q2)",
      "revenue": 1222617000,
      "gross_profit": 232068000,
      "operating_income": 37295000,
      "net_income": 15134000,
      "opex": 194773000,
      "cogs": 990549000,
      "rd": null,
      "sga": 185507000,
      "fcf": -22088000,
      "ocf": -656000,
      "capex": -21432000,
      "gross_margin": 0.1898125087414947,
      "op_margin": 0.030504238040203923,
      "fcf_margin": -0.01806616462882489,
      "incr_op_margin_yoy": 0.5231902316115903,
      "rev_growth_yoy": 0.04405980417105742,
      "rev_growth_yoy_accel": 0.1279194522032828,
      "op_leverage_ratio": 0.18717908277807407,
      "fcf_margin_change": -0.08050477858930373
    },
    {
      "date": "2023-07-01T00:00:00",
      "quarter_label": "2023-07 (Q3)",
      "revenue": 1125767000,
      "gross_profit": 225555000,
      "operating_income": 56266000,
      "net_income": 38281000,
      "opex": 169289000,
      "cogs": 900212000,
      "rd": null,
      "sga": 162477000,
      "fcf": 133508000,
      "ocf": 154027000,
      "capex": -20519000,
      "gross_margin": 0.20035673456407943,
      "op_margin": 0.049980146868757035,
      "fcf_margin": 0.11859292375775804,
      "incr_op_margin_yoy": 0.020058381781765194,
      "rev_growth_yoy": -0.15417425512859814,
      "rev_growth_yoy_accel": -0.19823405929965557,
      "fcf_margin_change": 0.13665908838658292
    },
    {
      "date": "2023-09-30T00:00:00",
      "quarter_label": "2023-09 (Q3)",
      "revenue": 1076980000,
      "gross_profit": 223596000,
      "operating_income": 48078000,
      "net_income": 43785000,
      "opex": 175518000,
      "cogs": 853384000,
      "rd": null,
      "sga": 162820000,
      "fcf": 91936000,
      "ocf": 119612000,
      "capex": -27676000,
      "gross_margin": 0.20761388326617022,
      "op_margin": 0.04464149752084533,
      "fcf_margin": 0.08536463072666159,
      "incr_op_margin_yoy": -0.23377507654343554,
      "rev_growth_yoy": -0.16887506656068405,
      "rev_growth_yoy_accel": -0.014700811432085903,
      "fcf_margin_change": -0.03322829303109645
    },
    {
      "date": "2023-12-31T00:00:00",
      "quarter_label": "2023-12 (Q4)",
      "revenue": 1021065000,
      "gross_profit": 191683000,
      "operating_income": 7498000,
      "net_income": -34755000,
      "opex": 184185000,
      "cogs": 829382000,
      "rd": null,
      "sga": 177220000,
      "fcf": 43500000,
      "ocf": 72205000,
      "capex": -28705000,
      "gross_margin": 0.18772849916508744,
      "op_margin": 0.00734331310935151,
      "fcf_margin": 0.04260257672136446,
      "incr_op_margin_yoy": 0.19698763524935264,
      "rev_growth_yoy": -0.13396702668500968,
      "rev_growth_yoy_accel": 0.03490803987567437,
      "fcf_margin_change": -0.04276205400529713
    },
    {
      "date": "2024-03-30T00:00:00",
      "quarter_label": "2024-03 (Q1)",
      "revenue": 959126000,
      "gross_profit": 172580000,
      "operating_income": -28283000,
      "net_income": -27730000,
      "opex": 200863000,
      "cogs": 786546000,
      "rd": null,
      "sga": 182804000,
      "fcf": -42208000,
      "ocf": -10998000,
      "capex": -31210000,
      "gross_margin": 0.17993464883654495,
      "op_margin": -0.02948830497765674,
      "fcf_margin": -0.044006731128131235,
      "incr_op_margin_yoy": 0.24888136596695903,
      "rev_growth_yoy": -0.21551393445371692,
      "rev_growth_yoy_accel": -0.08154690776870724,
      "fcf_margin_change": -0.08660930784949569
    },
    {
      "date": "2024-06-29T00:00:00",
      "quarter_label": "2024-06 (Q2)",
      "revenue": 986016000,
      "gross_profit": 190045000,
      "operating_income": 5148000,
      "net_income": -18491000,
      "opex": 184897000,
      "cogs": 795971000,
      "rd": null,
      "sga": 168450000,
      "fcf": 14747000,
      "ocf": 51376000,
      "capex": -36629000,
      "gross_margin": 0.19274028007659105,
      "op_margin": 0.005221010612403856,
      "fcf_margin": 0.01495614675623925,
      "incr_op_margin_yoy": 0.3657791357485814,
      "rev_growth_yoy": -0.12413847625663214,
      "rev_growth_yoy_accel": 0.09137545819708477,
      "op_leverage_ratio": Infinity,
      "fcf_margin_change": 0.05896287788437048
    },
    {
      "date": "2024-09-28T00:00:00",
      "quarter_label": "2024-09 (Q3)",
      "revenue": 934716000,
      "gross_profit": 179871000,
      "operating_income": -52408000,
      "net_income": -74402000,
      "opex": 232279000,
      "cogs": 754845000,
      "rd": null,
      "sga": 143294000,
      "fcf": -4320000,
      "ocf": 37647000,
      "capex": -41967000,
      "gross_margin": 0.19243385156560924,
      "op_margin": -0.05606836729017156,
      "fcf_margin": -0.004621724673590695,
      "incr_op_margin_yoy": 0.7063347016813811,
      "rev_growth_yoy": -0.13209530353395607,
      "rev_growth_yoy_accel": -0.007956827277323927,
      "fcf_margin_change": -0.019577871429829946
    },
    {
      "date": "2024-12-31T00:00:00",
      "quarter_label": "2024-12 (Q4)",
      "revenue": 895734000,
      "gross_profit": 146478000,
      "operating_income": -50903000,
      "net_income": -68397000,
      "opex": 197381000,
      "cogs": 749256000,
      "rd": null,
      "sga": 157979000,
      "fcf": -23911000,
      "ocf": 28189000,
      "capex": -52100000,
      "gross_margin": 0.16352845822532136,
      "op_margin": -0.056828254816720145,
      "fcf_margin": -0.026694308801496872,
      "incr_op_margin_yoy": 0.4659741005816598,
      "rev_growth_yoy": -0.12274536880609951,
      "rev_growth_yoy_accel": 0.009349934727856557,
      "fcf_margin_change": -0.022072584127906178
    },
    {
      "date": "2025-03-29T00:00:00",
      "quarter_label": "2025-03 (Q1)",
      "revenue": 776006000,
      "gross_profit": 112083000,
      "operating_income": -184951000,
      "net_income": -190138000,
      "opex": 297034000,
      "cogs": 663923000,
      "rd": null,
      "sga": 144767000,
      "fcf": -120257000,
      "ocf": -83494000,
      "capex": -36763000,
      "gross_margin": 0.14443573889892605,
      "op_margin": -0.23833707471333984,
      "fcf_margin": -0.15496916260956745,
      "incr_op_margin_yoy": 0.8555482743556138,
      "rev_growth_yoy": -0.19092382022799925,
      "rev_growth_yoy_accel": -0.06817845142189974,
      "fcf_margin_change": -0.12827485380807058
    },
    {
      "date": "2025-06-28T00:00:00",
      "quarter_label": "2025-06 (Q2)",
      "revenue": 823729000,
      "gross_profit": 143398000,
      "operating_income": -13924000,
      "net_income": -21525000,
      "opex": 157322000,
      "cogs": 680331000,
      "rd": null,
      "sga": 148480000,
      "fcf": 5303000,
      "ocf": 34563000,
      "capex": -29260000,
      "gross_margin": 0.1740839523678297,
      "op_margin": -0.016903617573255283,
      "fcf_margin": 0.006437796896794941,
      "incr_op_margin_yoy": 0.11752019570267488,
      "rev_growth_yoy": -0.16458860708142667,
      "rev_growth_yoy_accel": 0.026335213146572584,
      "op_leverage_ratio": Infinity,
      "fcf_margin_change": 0.16140695950636239
    },
    {
      "date": "2025-09-27T00:00:00",
      "quarter_label": "2025-09 (Q3)",
      "revenue": 809482000,
      "gross_profit": 140914000,
      "operating_income": -202524000,
      "net_income": -367598000,
      "opex": 343438000,
      "cogs": 668568000,
      "rd": null,
      "sga": 137705000,
      "fcf": -13082000,
      "ocf": 11231000,
      "capex": -24313000,
      "gross_margin": 0.1740792259741415,
      "op_margin": -0.2501896274407584,
      "fcf_margin": -0.016160952312713563,
      "incr_op_margin_yoy": 1.198684063433253,
      "rev_growth_yoy": -0.13398080272510582,
      "rev_growth_yoy_accel": 0.03060780435632085,
      "fcf_margin_change": -0.022598749209508502
    }
  ],
  "signals": [
    {
      "quarter": "2025-06 (Q2)",
      "signal": "FCF TURNED POSITIVE",
      "detail": "FCF margin: -15.5% -> +0.6%",
      "severity": "HIGH"
    },
    {
      "quarter": "2025-06 (Q2)",
      "signal": "GROSS MARGIN INFLECTION",
      "detail": "GM: +16.4% -> +14.4% -> +17.4% (reversal +3.0%)",
      "severity": "MEDIUM"
    },
    {
      "quarter": "2025-03 (Q1)",
      "signal": "YoY REVENUE GROWTH DECELERATION",
      "detail": "YoY growth: -19.1% vs prior quarter YoY: -12.3% (decel: -6.8%)",
      "severity": "WARNING"
    },
    {
      "quarter": "2024-06 (Q2)",
      "signal": "FCF TURNED POSITIVE",
      "detail": "FCF margin: -4.4% -> +1.5%",
      "severity": "HIGH"
    },
    {
      "quarter": "2024-06 (Q2)",
      "signal": "YoY REVENUE GROWTH ACCELERATION",
      "detail": "YoY growth: -12.4% vs prior quarter YoY: -21.6% (accel: +9.1%)",
      "severity": "MEDIUM"
    },
    {
      "quarter": "2024-06 (Q2)",
      "signal": "INCREMENTAL MARGIN (YoY)",
      "detail": "YoY Incr OPM: +36.6% vs year-ago OPM: +5.0%",
      "severity": "HIGH"
    },
    {
      "quarter": "2024-06 (Q2)",
      "signal": "OP MARGIN TURNED POSITIVE (QoQ)",
      "detail": "Op margin: -2.9% -> +0.5%",
      "severity": "HIGH"
    },
    {
      "quarter": "2024-03 (Q1)",
      "signal": "YoY REVENUE GROWTH DECELERATION",
      "detail": "YoY growth: -21.6% vs prior quarter YoY: -13.4% (decel: -8.2%)",
      "severity": "WARNING"
    },
    {
      "quarter": "2023-12 (Q4)",
      "signal": "INCREMENTAL MARGIN (YoY)",
      "detail": "YoY Incr OPM: +19.7% vs year-ago OPM: +3.3%",
      "severity": "MEDIUM"
    },
    {
      "quarter": "2023-09 (Q3)",
      "signal": "OP MARGIN TURNED POSITIVE (YoY)",
      "detail": "Op margin: -0.2% (year-ago) -> +4.5%",
      "severity": "HIGH"
    },
    {
      "quarter": "2023-07 (Q3)",
      "signal": "FCF TURNED POSITIVE",
      "detail": "FCF margin: -1.8% -> +11.9%",
      "severity": "HIGH"
    },
    {
      "quarter": "2023-07 (Q3)",
      "signal": "YoY REVENUE GROWTH DECELERATION",
      "detail": "YoY growth: -15.4% vs prior quarter YoY: +4.4% (decel: -19.8%)",
      "severity": "WARNING"
    },
    {
      "quarter": "2023-04 (Q2)",
      "signal": "YoY REVENUE GROWTH ACCELERATION",
      "detail": "YoY growth: +4.4% vs prior quarter YoY: -8.4% (accel: +12.8%)",
      "severity": "MEDIUM"
    },
    {
      "quarter": "2023-04 (Q2)",
      "signal": "INCREMENTAL MARGIN (YoY)",
      "detail": "YoY Incr OPM: +52.3% vs year-ago OPM: +0.9%",
      "severity": "HIGH"
    },
    {
      "quarter": "2022-12 (Q4)",
      "signal": "YoY REVENUE GROWTH DECELERATION",
      "detail": "YoY growth: -8.4% vs prior quarter YoY: +13.0% (decel: -21.4%)",
      "severity": "WARNING"
    },
    {
      "quarter": "2022-12 (Q4)",
      "signal": "INCREMENTAL MARGIN (YoY)",
      "detail": "YoY Incr OPM: +27.4% vs year-ago OPM: +5.3%",
      "severity": "HIGH"
    },
    {
      "quarter": "2022-12 (Q4)",
      "signal": "OP MARGIN TURNED POSITIVE (QoQ)",
      "detail": "Op margin: -0.2% -> +3.3%",
      "severity": "HIGH"
    },
    {
      "quarter": "2022-09 (Q3)",
      "signal": "FCF MARGIN EXPANSION",
      "detail": "FCF margin: +0.4% -> +5.5% (+5.1%)",
      "severity": "MEDIUM"
    },
    {
      "quarter": "2022-09 (Q3)",
      "signal": "YoY REVENUE GROWTH ACCELERATION",
      "detail": "YoY growth: +13.0% vs prior quarter YoY: +6.8% (accel: +6.2%)",
      "severity": "MEDIUM"
    },
    {
      "quarter": "2022-06 (Q2)",
      "signal": "FCF TURNED POSITIVE",
      "detail": "FCF margin: -17.3% -> +0.4%",
      "severity": "HIGH"
    },
    {
      "quarter": "2021-06 (Q2)",
      "signal": "FCF TURNED POSITIVE",
      "detail": "FCF margin: -7.6% -> +7.1%",
      "severity": "HIGH"
    }
  ],
  "data_quality": {
    "n_quarters": 20,
    "coverage": {
      "revenue": [
        20,
        20
      ],
      "gross_profit": [
        20,
        20
      ],
      "op_income": [
        20,
        20
      ],
      "fcf": [
        20,
        20
      ]
    },
    "gaps": [],
    "warnings": []
  },
  "market_cap": null,
  "source": "SEC EDGAR",
  "last_updated": "2026-02-02T22:55:19.700794"
}