{
  "ticker": "JILL",
  "name": "J.JILL, INC.",
  "quarters": [
    {
      "date": "2021-01-30T00:00:00",
      "quarter_label": "2021-01 (Q1)",
      "revenue": 125901000,
      "gross_profit": 71443000,
      "operating_income": -28460000,
      "net_income": -26942000,
      "opex": 99903000,
      "cogs": 54458000,
      "rd": null,
      "sga": 85619000,
      "fcf": -12989000,
      "ocf": -14447000,
      "capex": 1458000,
      "gross_margin": 0.5674537930596262,
      "op_margin": -0.2260506270800073,
      "fcf_margin": -0.1031683624435072
    },
    {
      "date": "2021-05-01T00:00:00",
      "quarter_label": "2021-05 (Q2)",
      "revenue": 129086000,
      "gross_profit": 87826000,
      "operating_income": 8687000,
      "net_income": -18308000,
      "opex": 79139000,
      "cogs": 41260000,
      "rd": null,
      "sga": 79139000,
      "fcf": -4609000,
      "ocf": -4133000,
      "capex": -476000,
      "gross_margin": 0.6803681266752397,
      "op_margin": 0.06729622112390189,
      "fcf_margin": -0.035704878917930685,
      "op_leverage_ratio": Infinity,
      "fcf_margin_change": 0.06746348352557652
    },
    {
      "date": "2021-07-31T00:00:00",
      "quarter_label": "2021-07 (Q3)",
      "revenue": 159236000,
      "gross_profit": 109353000,
      "operating_income": 23507000,
      "net_income": -24648000,
      "opex": 85846000,
      "cogs": 49883000,
      "rd": null,
      "sga": 85846000,
      "fcf": 31145000,
      "ocf": 31995000,
      "capex": -850000,
      "gross_margin": 0.6867354115903439,
      "op_margin": 0.1476236529428019,
      "fcf_margin": 0.1955901931723982,
      "op_leverage_ratio": 2.755944230262835,
      "fcf_margin_change": 0.2312950720903289
    },
    {
      "date": "2021-10-30T00:00:00",
      "quarter_label": "2021-10 (Q4)",
      "revenue": 151731000,
      "gross_profit": 104535000,
      "operating_income": 19004000,
      "net_income": 11238000,
      "opex": 85531000,
      "cogs": 47196000,
      "rd": null,
      "sga": 85531000,
      "fcf": 24399000,
      "ocf": 25561000,
      "capex": -1162000,
      "gross_margin": 0.6889495225102319,
      "op_margin": 0.12524797173945998,
      "fcf_margin": 0.16080431816833737,
      "fcf_margin_change": -0.03478587500406083
    },
    {
      "date": "2022-01-29T00:00:00",
      "quarter_label": "2022-01 (Q1)",
      "revenue": 145153000,
      "gross_profit": 92722000,
      "operating_income": 7522000,
      "net_income": 3575000,
      "opex": 85200000,
      "cogs": 52431000,
      "rd": null,
      "sga": 85200000,
      "fcf": 21867000,
      "ocf": 21576000,
      "capex": 291000,
      "gross_margin": 0.6387880374501388,
      "op_margin": 0.0518211817874932,
      "fcf_margin": 0.15064793700440224,
      "incr_op_margin_yoy": 1.8690006233118637,
      "rev_growth_yoy": 0.1529137973487105,
      "fcf_margin_change": -0.010156381163935135
    },
    {
      "date": "2022-04-30T00:00:00",
      "quarter_label": "2022-04 (Q2)",
      "revenue": 157069000,
      "gross_profit": 109463000,
      "operating_income": 23885000,
      "net_income": 14415000,
      "opex": 85578000,
      "cogs": 47606000,
      "rd": null,
      "sga": 85578000,
      "fcf": 6983000,
      "ocf": 7168000,
      "capex": -185000,
      "gross_margin": 0.6969102751020252,
      "op_margin": 0.15206692600067487,
      "fcf_margin": 0.04445816806626387,
      "incr_op_margin_yoy": 0.5431154629596541,
      "rev_growth_yoy": 0.2167779619788358,
      "rev_growth_yoy_accel": 0.06386416463012531,
      "op_leverage_ratio": 18.503431354698638,
      "fcf_margin_change": -0.10618976893813836
    },
    {
      "date": "2022-07-30T00:00:00",
      "quarter_label": "2022-07 (Q3)",
      "revenue": 160343000,
      "gross_profit": 112474000,
      "operating_income": 28193000,
      "net_income": 17805000,
      "opex": 84281000,
      "cogs": 47869000,
      "rd": null,
      "sga": 84281000,
      "fcf": 27926000,
      "ocf": 28289000,
      "capex": -363000,
      "gross_margin": 0.7014587478093837,
      "op_margin": 0.17582931590403073,
      "fcf_margin": 0.1741641356342341,
      "incr_op_margin_yoy": 4.233062330623306,
      "rev_growth_yoy": 0.006951945539953277,
      "rev_growth_yoy_accel": -0.20982601643888255,
      "op_leverage_ratio": Infinity,
      "fcf_margin_change": 0.12970596756797023
    },
    {
      "date": "2022-10-29T00:00:00",
      "quarter_label": "2022-10 (Q4)",
      "revenue": 150204000,
      "gross_profit": 105023000,
      "operating_income": 18850000,
      "net_income": 8919000,
      "opex": 86173000,
      "cogs": 45181000,
      "rd": null,
      "sga": 84873000,
      "fcf": 29344000,
      "ocf": 31263000,
      "capex": -1919000,
      "gross_margin": 0.6992024180447924,
      "op_margin": 0.12549599211738702,
      "fcf_margin": 0.19536097573966074,
      "incr_op_margin_yoy": 0.1008513425016372,
      "rev_growth_yoy": -0.010063863020740653,
      "rev_growth_yoy_accel": -0.01701580856069393,
      "fcf_margin_change": 0.021196840105426634
    },
    {
      "date": "2023-01-28T00:00:00",
      "quarter_label": "2023-01 (Q1)",
      "revenue": 147652000,
      "gross_profit": 95090000,
      "operating_income": 7806000,
      "net_income": 1036000,
      "opex": 87284000,
      "cogs": 52562000,
      "rd": null,
      "sga": 87279000,
      "fcf": 983000,
      "ocf": 7705000,
      "capex": -6722000,
      "gross_margin": 0.6440143039037738,
      "op_margin": 0.0528675534364587,
      "fcf_margin": 0.006657546121962453,
      "incr_op_margin_yoy": 0.1136454581832733,
      "rev_growth_yoy": 0.017216316576302248,
      "rev_growth_yoy_accel": 0.027280179597042903,
      "fcf_margin_change": -0.1887034296176983
    },
    {
      "date": "2023-04-29T00:00:00",
      "quarter_label": "2023-04 (Q2)",
      "revenue": 149420000,
      "gross_profit": 107540000,
      "operating_income": 25394000,
      "net_income": 4596000,
      "opex": 82146000,
      "cogs": 41880000,
      "rd": null,
      "sga": 82146000,
      "fcf": 6355000,
      "ocf": 7859000,
      "capex": -1504000,
      "gross_margin": 0.7197162361129702,
      "op_margin": 0.1699504751706599,
      "fcf_margin": 0.04253112033195021,
      "incr_op_margin_yoy": -0.19728069028631193,
      "rev_growth_yoy": -0.048698342766554825,
      "rev_growth_yoy_accel": -0.06591465934285708,
      "op_leverage_ratio": Infinity,
      "fcf_margin_change": 0.035873574209987755
    },
    {
      "date": "2023-07-29T00:00:00",
      "quarter_label": "2023-07 (Q3)",
      "revenue": 155669000,
      "gross_profit": 111409000,
      "operating_income": 28044000,
      "net_income": 15222000,
      "opex": 83365000,
      "cogs": 44260000,
      "rd": null,
      "sga": 83365000,
      "fcf": 25748000,
      "ocf": 27756000,
      "capex": -2008000,
      "gross_margin": 0.7156787799754607,
      "op_margin": 0.18015147524555306,
      "fcf_margin": 0.16540223165819784,
      "incr_op_margin_yoy": 0.03187847667950364,
      "rev_growth_yoy": -0.029150009666776847,
      "rev_growth_yoy_accel": 0.01954833309977798,
      "op_leverage_ratio": 2.818282395511482,
      "fcf_margin_change": 0.12287111132624763
    },
    {
      "date": "2023-10-28T00:00:00",
      "quarter_label": "2023-10 (Q4)",
      "revenue": 150125000,
      "gross_profit": 107842000,
      "operating_income": 22127000,
      "net_income": 11616000,
      "opex": 85715000,
      "cogs": 42283000,
      "rd": null,
      "sga": 85694000,
      "fcf": 18757000,
      "ocf": 21067000,
      "capex": -2310000,
      "gross_margin": 0.7183480432972523,
      "op_margin": 0.14739050791007494,
      "fcf_margin": 0.12494254787676935,
      "rev_growth_yoy": -0.0005259513727996592,
      "rev_growth_yoy_accel": 0.028624058293977187,
      "fcf_margin_change": -0.04045968378142849
    },
    {
      "date": "2024-02-03T00:00:00",
      "quarter_label": "2024-02 (Q1)",
      "revenue": 149447000,
      "gross_profit": 100609000,
      "operating_income": 10486000,
      "net_income": 4767000,
      "opex": 90123000,
      "cogs": 48838000,
      "rd": null,
      "sga": 90000000,
      "fcf": 1764000,
      "ocf": 6631000,
      "capex": -4867000,
      "gross_margin": 0.6732085622327648,
      "op_margin": 0.07016534289748205,
      "fcf_margin": 0.011803515627613803,
      "incr_op_margin_yoy": 1.4930362116991645,
      "rev_growth_yoy": 0.012156963671335301,
      "rev_growth_yoy_accel": 0.01268291504413496,
      "fcf_margin_change": -0.11313903224915554
    },
    {
      "date": "2024-05-04T00:00:00",
      "quarter_label": "2024-05 (Q2)",
      "revenue": 161513000,
      "gross_profit": 117737000,
      "operating_income": 28372000,
      "net_income": 16696000,
      "opex": 89365000,
      "cogs": 43776000,
      "rd": null,
      "sga": 89112000,
      "fcf": 19767000,
      "ocf": 21499000,
      "capex": -1732000,
      "gross_margin": 0.7289629936909103,
      "op_margin": 0.17566387844941275,
      "fcf_margin": 0.12238643329019955,
      "incr_op_margin_yoy": 0.24625816588108823,
      "rev_growth_yoy": 0.08093294070405568,
      "rev_growth_yoy_accel": 0.06877597703272038,
      "op_leverage_ratio": Infinity,
      "fcf_margin_change": 0.11058291766258574
    },
    {
      "date": "2024-08-03T00:00:00",
      "quarter_label": "2024-08 (Q3)",
      "revenue": 155242000,
      "gross_profit": 109394000,
      "operating_income": 23022000,
      "net_income": 8191000,
      "opex": 86372000,
      "cogs": 45848000,
      "rd": null,
      "sga": 86314000,
      "fcf": 14974000,
      "ocf": 16381000,
      "capex": -1407000,
      "gross_margin": 0.7046675513069917,
      "op_margin": 0.1482974968114299,
      "fcf_margin": 0.09645585601834555,
      "rev_growth_yoy": -0.002742999569599599,
      "rev_growth_yoy_accel": -0.08367594027365528,
      "fcf_margin_change": -0.025930577271853994
    },
    {
      "date": "2024-11-02T00:00:00",
      "quarter_label": "2024-11 (Q4)",
      "revenue": 151260000,
      "gross_profit": 107975000,
      "operating_income": 19227000,
      "net_income": 12348000,
      "opex": 88748000,
      "cogs": 43285000,
      "rd": null,
      "sga": 88646000,
      "fcf": 14648000,
      "ocf": 19067000,
      "capex": -4419000,
      "gross_margin": 0.7138371016792279,
      "op_margin": 0.1271122570408568,
      "fcf_margin": 0.09683987835515007,
      "incr_op_margin_yoy": -2.555066079295154,
      "rev_growth_yoy": 0.0075603663613655284,
      "rev_growth_yoy_accel": 0.010303365930965128,
      "fcf_margin_change": 0.0003840223368045126
    },
    {
      "date": "2025-02-01T00:00:00",
      "quarter_label": "2025-02 (Q1)",
      "revenue": 142842000,
      "gross_profit": 94750000,
      "operating_income": 5081000,
      "net_income": 2248000,
      "opex": 89669000,
      "cogs": 48092000,
      "rd": null,
      "sga": 89310000,
      "fcf": 1380000,
      "ocf": 8089000,
      "capex": -6709000,
      "gross_margin": 0.6633203119530671,
      "op_margin": 0.03557077050167318,
      "fcf_margin": 0.009661024068551266,
      "incr_op_margin_yoy": 0.8183194549583649,
      "rev_growth_yoy": -0.044196270249653724,
      "rev_growth_yoy_accel": -0.05175663661101925,
      "fcf_margin_change": -0.0871788542865988
    },
    {
      "date": "2025-05-03T00:00:00",
      "quarter_label": "2025-05 (Q2)",
      "revenue": 153624000,
      "gross_profit": 110357000,
      "operating_income": 19062000,
      "net_income": 11692000,
      "opex": 91295000,
      "cogs": 43267000,
      "rd": null,
      "sga": 91088000,
      "fcf": 3099000,
      "ocf": 5336000,
      "capex": -2237000,
      "gross_margin": 0.7183578086757277,
      "op_margin": 0.12408217466020935,
      "fcf_margin": 0.02017262927667552,
      "incr_op_margin_yoy": 1.1801242236024845,
      "rev_growth_yoy": -0.04884436546903345,
      "rev_growth_yoy_accel": -0.004648095219379728,
      "op_leverage_ratio": 4.16260489294522,
      "fcf_margin_change": 0.010511605208124254
    },
    {
      "date": "2025-08-02T00:00:00",
      "quarter_label": "2025-08 (Q3)",
      "revenue": 153987000,
      "gross_profit": 105357000,
      "operating_income": 16783000,
      "net_income": 10515000,
      "opex": 88574000,
      "cogs": 48630000,
      "rd": null,
      "sga": 88569000,
      "fcf": 17107000,
      "ocf": 19362000,
      "capex": -2255000,
      "gross_margin": 0.6841941202828811,
      "op_margin": 0.10898971991142109,
      "fcf_margin": 0.11109379363192996,
      "incr_op_margin_yoy": 4.971314741035856,
      "rev_growth_yoy": -0.008084152484508058,
      "rev_growth_yoy_accel": 0.040760212984525396,
      "fcf_margin_change": 0.09092116435525444
    },
    {
      "date": "2025-11-01T00:00:00",
      "quarter_label": "2025-11 (Q4)",
      "revenue": 150528000,
      "gross_profit": 106720000,
      "operating_income": 14920000,
      "net_income": 9205000,
      "opex": 91800000,
      "cogs": 43808000,
      "rd": null,
      "sga": 91800000,
      "fcf": 16031000,
      "ocf": 19051000,
      "capex": -3020000,
      "gross_margin": 0.7089710884353742,
      "op_margin": 0.09911777210884354,
      "fcf_margin": 0.1064984587585034,
      "rev_growth_yoy": -0.004839349464498215,
      "rev_growth_yoy_accel": 0.003244803020009843,
      "fcf_margin_change": -0.00459533487342656
    }
  ],
  "signals": [
    {
      "quarter": "2025-11 (Q4)",
      "signal": "GROSS MARGIN INFLECTION",
      "detail": "GM: +71.8% -> +68.4% -> +70.9% (reversal +2.5%)",
      "severity": "MEDIUM"
    },
    {
      "quarter": "2025-08 (Q3)",
      "signal": "FCF MARGIN EXPANSION",
      "detail": "FCF margin: +2.0% -> +11.1% (+9.1%)",
      "severity": "MEDIUM"
    },
    {
      "quarter": "2025-08 (Q3)",
      "signal": "INCREMENTAL MARGIN (YoY)",
      "detail": "YoY Incr OPM: +497.1% vs year-ago OPM: +14.8%",
      "severity": "HIGH"
    },
    {
      "quarter": "2025-05 (Q2)",
      "signal": "OPERATING LEVERAGE",
      "detail": "Rev growth +7.5% vs OpEx growth +1.8% (leverage: 4.2x)",
      "severity": "MEDIUM"
    },
    {
      "quarter": "2025-05 (Q2)",
      "signal": "GROSS MARGIN INFLECTION",
      "detail": "GM: +71.4% -> +66.3% -> +71.8% (reversal +5.5%)",
      "severity": "HIGH"
    },
    {
      "quarter": "2025-05 (Q2)",
      "signal": "INCREMENTAL MARGIN (YoY)",
      "detail": "YoY Incr OPM: +118.0% vs year-ago OPM: +17.6%",
      "severity": "HIGH"
    },
    {
      "quarter": "2025-02 (Q1)",
      "signal": "YoY REVENUE GROWTH DECELERATION",
      "detail": "YoY growth: -4.4% vs prior quarter YoY: +0.8% (decel: -5.2%)",
      "severity": "WARNING"
    },
    {
      "quarter": "2025-02 (Q1)",
      "signal": "INCREMENTAL MARGIN (YoY)",
      "detail": "YoY Incr OPM: +81.8% vs year-ago OPM: +7.0%",
      "severity": "HIGH"
    },
    {
      "quarter": "2024-08 (Q3)",
      "signal": "YoY REVENUE GROWTH DECELERATION",
      "detail": "YoY growth: -0.3% vs prior quarter YoY: +8.1% (decel: -8.4%)",
      "severity": "WARNING"
    },
    {
      "quarter": "2024-05 (Q2)",
      "signal": "FCF MARGIN EXPANSION",
      "detail": "FCF margin: +1.2% -> +12.2% (+11.1%)",
      "severity": "MEDIUM"
    },
    {
      "quarter": "2024-05 (Q2)",
      "signal": "GROSS MARGIN INFLECTION",
      "detail": "GM: +71.8% -> +67.3% -> +72.9% (reversal +5.6%)",
      "severity": "HIGH"
    },
    {
      "quarter": "2024-05 (Q2)",
      "signal": "YoY REVENUE GROWTH ACCELERATION",
      "detail": "YoY growth: +8.1% vs prior quarter YoY: +1.2% (accel: +6.9%)",
      "severity": "MEDIUM"
    },
    {
      "quarter": "2024-02 (Q1)",
      "signal": "INCREMENTAL MARGIN (YoY)",
      "detail": "YoY Incr OPM: +149.3% vs year-ago OPM: +5.3%",
      "severity": "HIGH"
    },
    {
      "quarter": "2023-07 (Q3)",
      "signal": "FCF MARGIN EXPANSION",
      "detail": "FCF margin: +4.3% -> +16.5% (+12.3%)",
      "severity": "MEDIUM"
    },
    {
      "quarter": "2023-07 (Q3)",
      "signal": "OPERATING LEVERAGE",
      "detail": "Rev growth +4.2% vs OpEx growth +1.5% (leverage: 2.8x)",
      "severity": "MEDIUM"
    },
    {
      "quarter": "2023-04 (Q2)",
      "signal": "GROSS MARGIN INFLECTION",
      "detail": "GM: +69.9% -> +64.4% -> +72.0% (reversal +7.6%)",
      "severity": "HIGH"
    },
    {
      "quarter": "2023-04 (Q2)",
      "signal": "YoY REVENUE GROWTH DECELERATION",
      "detail": "YoY growth: -4.9% vs prior quarter YoY: +1.7% (decel: -6.6%)",
      "severity": "WARNING"
    },
    {
      "quarter": "2022-07 (Q3)",
      "signal": "FCF MARGIN EXPANSION",
      "detail": "FCF margin: +4.4% -> +17.4% (+13.0%)",
      "severity": "MEDIUM"
    },
    {
      "quarter": "2022-07 (Q3)",
      "signal": "YoY REVENUE GROWTH DECELERATION",
      "detail": "YoY growth: +0.7% vs prior quarter YoY: +21.7% (decel: -21.0%)",
      "severity": "WARNING"
    },
    {
      "quarter": "2022-07 (Q3)",
      "signal": "INCREMENTAL MARGIN (YoY)",
      "detail": "YoY Incr OPM: +423.3% vs year-ago OPM: +14.8%",
      "severity": "HIGH"
    },
    {
      "quarter": "2022-04 (Q2)",
      "signal": "OPERATING LEVERAGE",
      "detail": "Rev growth +8.2% vs OpEx growth +0.4% (leverage: 18.5x)",
      "severity": "MEDIUM"
    },
    {
      "quarter": "2022-04 (Q2)",
      "signal": "GROSS MARGIN INFLECTION",
      "detail": "GM: +68.9% -> +63.9% -> +69.7% (reversal +5.8%)",
      "severity": "HIGH"
    },
    {
      "quarter": "2022-04 (Q2)",
      "signal": "YoY REVENUE GROWTH ACCELERATION",
      "detail": "YoY growth: +21.7% vs prior quarter YoY: +15.3% (accel: +6.4%)",
      "severity": "MEDIUM"
    },
    {
      "quarter": "2022-04 (Q2)",
      "signal": "INCREMENTAL MARGIN (YoY)",
      "detail": "YoY Incr OPM: +54.3% vs year-ago OPM: +6.7%",
      "severity": "HIGH"
    },
    {
      "quarter": "2022-01 (Q1)",
      "signal": "OP MARGIN TURNED POSITIVE (YoY)",
      "detail": "Op margin: -22.6% (year-ago) -> +5.2%",
      "severity": "HIGH"
    },
    {
      "quarter": "2021-07 (Q3)",
      "signal": "FCF TURNED POSITIVE",
      "detail": "FCF margin: -3.6% -> +19.6%",
      "severity": "HIGH"
    },
    {
      "quarter": "2021-07 (Q3)",
      "signal": "OPERATING LEVERAGE",
      "detail": "Rev growth +23.4% vs OpEx growth +8.5% (leverage: 2.8x)",
      "severity": "MEDIUM"
    },
    {
      "quarter": "2021-05 (Q2)",
      "signal": "FCF MARGIN EXPANSION",
      "detail": "FCF margin: -10.3% -> -3.6% (+6.7%)",
      "severity": "MEDIUM"
    },
    {
      "quarter": "2021-05 (Q2)",
      "signal": "OP MARGIN TURNED POSITIVE (QoQ)",
      "detail": "Op margin: -22.6% -> +6.7%",
      "severity": "HIGH"
    }
  ],
  "data_quality": {
    "n_quarters": 20,
    "coverage": {
      "revenue": [
        20,
        20
      ],
      "gross_profit": [
        20,
        20
      ],
      "op_income": [
        20,
        20
      ],
      "fcf": [
        20,
        20
      ]
    },
    "gaps": [],
    "warnings": []
  },
  "market_cap": null,
  "source": "SEC EDGAR",
  "last_updated": "2026-02-02T22:54:43.211384",
  "sector": "Consumer Cyclical",
  "industry": "Apparel Retail"
}