{
  "ticker": "JJSF",
  "name": "J&J SNACK FOODS CORP.",
  "quarters": [
    {
      "date": "2020-12-26T00:00:00",
      "quarter_label": "2020-12 (Q4)",
      "revenue": 240997000,
      "gross_profit": 50125000,
      "operating_income": 578000,
      "net_income": 1778000,
      "opex": 49547000,
      "cogs": 190872000,
      "rd": null,
      "sga": null,
      "fcf": 11628000,
      "ocf": 21304000,
      "capex": -9676000,
      "gross_margin": 0.20799014095611149,
      "op_margin": 0.0023983701041921683,
      "fcf_margin": 0.048249563272571856
    },
    {
      "date": "2021-03-27T00:00:00",
      "quarter_label": "2021-03 (Q1)",
      "revenue": 256178000,
      "gross_profit": 60896000,
      "operating_income": 7230000,
      "net_income": 6061000,
      "opex": 53666000,
      "cogs": 195282000,
      "rd": null,
      "sga": null,
      "fcf": -3676000,
      "ocf": 5477000,
      "capex": -9153000,
      "gross_margin": 0.23770971746207714,
      "op_margin": 0.028222563998469813,
      "fcf_margin": -0.01434939768442255,
      "op_leverage_ratio": 0.7577297094690428,
      "fcf_margin_change": -0.06259896095699441
    },
    {
      "date": "2021-06-26T00:00:00",
      "quarter_label": "2021-06 (Q2)",
      "revenue": 324344000,
      "gross_profit": 96174000,
      "operating_income": 38144000,
      "net_income": 28893000,
      "opex": 58030000,
      "cogs": 228170000,
      "rd": null,
      "sga": null,
      "fcf": 31160000,
      "ocf": 46787000,
      "capex": -15627000,
      "gross_margin": 0.2965185112103199,
      "op_margin": 0.11760353205238883,
      "fcf_margin": 0.09607083836913893,
      "op_leverage_ratio": 3.272204698212708,
      "fcf_margin_change": 0.11042023605356148
    },
    {
      "date": "2021-09-25T00:00:00",
      "quarter_label": "2021-09 (Q3)",
      "revenue": 323060000,
      "gross_profit": 91733000,
      "operating_income": 25266000,
      "net_income": 18875000,
      "opex": 66467000,
      "cogs": 231327000,
      "rd": null,
      "sga": null,
      "fcf": 8809000,
      "ocf": 27931000,
      "capex": -19122000,
      "gross_margin": 0.2839503497802266,
      "op_margin": 0.07820838234383706,
      "fcf_margin": 0.027267380672320932,
      "fcf_margin_change": -0.068803457696818
    },
    {
      "date": "2021-12-25T00:00:00",
      "quarter_label": "2021-12 (Q4)",
      "revenue": 318490000,
      "gross_profit": 79375000,
      "operating_income": 14845000,
      "net_income": 11091000,
      "opex": 64530000,
      "cogs": 239115000,
      "rd": null,
      "sga": null,
      "fcf": -10646000,
      "ocf": 5454000,
      "capex": -16100000,
      "gross_margin": 0.24922289553832144,
      "op_margin": 0.046610568620678826,
      "fcf_margin": -0.0334264812082012,
      "incr_op_margin_yoy": 0.18410695159562798,
      "rev_growth_yoy": 0.32155172056083686,
      "fcf_margin_change": -0.06069386188052213
    },
    {
      "date": "2022-03-26T00:00:00",
      "quarter_label": "2022-03 (Q1)",
      "revenue": 281513000,
      "gross_profit": 65348000,
      "operating_income": 4088000,
      "net_income": 3271000,
      "opex": 61260000,
      "cogs": 216165000,
      "rd": null,
      "sga": null,
      "fcf": -51095000,
      "ocf": -31889000,
      "capex": -19206000,
      "gross_margin": 0.2321313758156817,
      "op_margin": 0.014521531865313502,
      "fcf_margin": -0.1815013871473076,
      "incr_op_margin_yoy": -0.1240181567002171,
      "rev_growth_yoy": 0.09889608006932679,
      "rev_growth_yoy_accel": -0.22265564049151007,
      "fcf_margin_change": -0.14807490593910638
    },
    {
      "date": "2022-06-25T00:00:00",
      "quarter_label": "2022-06 (Q2)",
      "revenue": 380227000,
      "gross_profit": 109076000,
      "operating_income": 21260000,
      "net_income": 15563000,
      "opex": 87816000,
      "cogs": 271151000,
      "rd": null,
      "sga": null,
      "fcf": -32137000,
      "ocf": -3212000,
      "capex": -28925000,
      "gross_margin": 0.28687073774350585,
      "op_margin": 0.05591396718276188,
      "fcf_margin": -0.08452056271648252,
      "incr_op_margin_yoy": -0.3021312384803965,
      "rev_growth_yoy": 0.17229546407517943,
      "rev_growth_yoy_accel": 0.07339938400585264,
      "op_leverage_ratio": 0.8088996134853383,
      "fcf_margin_change": 0.09698082443082508
    },
    {
      "date": "2022-09-24T00:00:00",
      "quarter_label": "2022-09 (Q3)",
      "revenue": 400426000,
      "gross_profit": 115843000,
      "operating_income": 21606000,
      "net_income": 17310000,
      "opex": 94237000,
      "cogs": 284583000,
      "rd": null,
      "sga": null,
      "fcf": 32649000,
      "ocf": 55709000,
      "capex": -23060000,
      "gross_margin": 0.28929939614310757,
      "op_margin": 0.05395753522498539,
      "fcf_margin": 0.08153566451728908,
      "incr_op_margin_yoy": -0.04730760282294548,
      "rev_growth_yoy": 0.23947873460038382,
      "rev_growth_yoy_accel": 0.0671832705252044,
      "op_leverage_ratio": 0.7265372696708406,
      "fcf_margin_change": 0.1660562272337716
    },
    {
      "date": "2022-12-24T00:00:00",
      "quarter_label": "2022-12 (Q4)",
      "revenue": 351343000,
      "gross_profit": 90855000,
      "operating_income": 9328000,
      "net_income": 6633000,
      "opex": 81527000,
      "cogs": 260488000,
      "rd": null,
      "sga": null,
      "fcf": -9500000,
      "ocf": 21410000,
      "capex": -30910000,
      "gross_margin": 0.2585934542597974,
      "op_margin": 0.026549554139402236,
      "fcf_margin": -0.027039104237169945,
      "incr_op_margin_yoy": -0.16792986941831797,
      "rev_growth_yoy": 0.10315237527080913,
      "rev_growth_yoy_accel": -0.1363263593295747,
      "fcf_margin_change": -0.10857476875445903
    },
    {
      "date": "2023-03-25T00:00:00",
      "quarter_label": "2023-03 (Q1)",
      "revenue": 337854000,
      "gross_profit": 90384000,
      "operating_income": 10193000,
      "net_income": 6871000,
      "opex": 80191000,
      "cogs": 247470000,
      "rd": null,
      "sga": null,
      "fcf": -3953000,
      "ocf": 14261000,
      "capex": -18214000,
      "gross_margin": 0.267523841659415,
      "op_margin": 0.030169836675013467,
      "fcf_margin": -0.011700320256678921,
      "incr_op_margin_yoy": 0.1083580341137005,
      "rev_growth_yoy": 0.20013640577877398,
      "rev_growth_yoy_accel": 0.09698403050796485,
      "fcf_margin_change": 0.015338783980491023
    },
    {
      "date": "2023-06-24T00:00:00",
      "quarter_label": "2023-06 (Q2)",
      "revenue": 425769000,
      "gross_profit": 142882000,
      "operating_income": 48294000,
      "net_income": 34981000,
      "opex": 94588000,
      "cogs": 282887000,
      "rd": null,
      "sga": null,
      "fcf": 42925000,
      "ocf": 70273000,
      "capex": -27348000,
      "gross_margin": 0.3355857284114156,
      "op_margin": 0.11342770375485299,
      "fcf_margin": 0.1008175794855896,
      "incr_op_margin_yoy": 0.5936059022440824,
      "rev_growth_yoy": 0.1197758181296962,
      "rev_growth_yoy_accel": -0.08036058764907777,
      "op_leverage_ratio": 1.4493976070156047,
      "fcf_margin_change": 0.11251789974226853
    },
    {
      "date": "2023-09-30T00:00:00",
      "quarter_label": "2023-09 (Q3)",
      "revenue": 443863000,
      "gross_profit": 145744000,
      "operating_income": 41703000,
      "net_income": 30421000,
      "opex": 104041000,
      "cogs": 298119000,
      "rd": null,
      "sga": null,
      "fcf": 38070000,
      "ocf": 66335000,
      "capex": -28265000,
      "gross_margin": 0.32835356855606346,
      "op_margin": 0.09395466619204575,
      "fcf_margin": 0.08576970822077984,
      "incr_op_margin_yoy": 0.4626700739001312,
      "rev_growth_yoy": 0.10847697202479359,
      "rev_growth_yoy_accel": -0.011298846104902616,
      "op_leverage_ratio": 0.42523297346195316,
      "fcf_margin_change": -0.015047871264809762
    },
    {
      "date": "2023-12-30T00:00:00",
      "quarter_label": "2023-12 (Q4)",
      "revenue": 348308000,
      "gross_profit": 94585000,
      "operating_income": 9683000,
      "net_income": 7282000,
      "opex": 84902000,
      "cogs": 253723000,
      "rd": null,
      "sga": null,
      "fcf": 29023000,
      "ocf": 48953000,
      "capex": -19930000,
      "gross_margin": 0.27155563466816723,
      "op_margin": 0.027800107950434673,
      "fcf_margin": 0.08332567727413669,
      "incr_op_margin_yoy": -0.11696869851729819,
      "rev_growth_yoy": -0.008638282248401135,
      "rev_growth_yoy_accel": -0.11711525427319472,
      "fcf_margin_change": -0.0024440309466431526
    },
    {
      "date": "2024-03-30T00:00:00",
      "quarter_label": "2024-03 (Q1)",
      "revenue": 359734000,
      "gross_profit": 108243000,
      "operating_income": 17904000,
      "net_income": 13329000,
      "opex": 90339000,
      "cogs": 251491000,
      "rd": null,
      "sga": null,
      "fcf": -3951000,
      "ocf": 12745000,
      "capex": -16696000,
      "gross_margin": 0.30089732969360694,
      "op_margin": 0.0497701079130691,
      "fcf_margin": -0.010983115301861931,
      "incr_op_margin_yoy": 0.3524223034734918,
      "rev_growth_yoy": 0.06476170180018588,
      "rev_growth_yoy_accel": 0.07339998404858701,
      "op_leverage_ratio": 0.5122587177261013,
      "fcf_margin_change": -0.09430879257599861
    },
    {
      "date": "2024-06-29T00:00:00",
      "quarter_label": "2024-06 (Q2)",
      "revenue": 439957000,
      "gross_profit": 147766000,
      "operating_income": 50116000,
      "net_income": 36299000,
      "opex": 97650000,
      "cogs": 292191000,
      "rd": null,
      "sga": null,
      "fcf": 45303000,
      "ocf": 65048000,
      "capex": -19745000,
      "gross_margin": 0.33586464131721966,
      "op_margin": 0.11391113222428556,
      "fcf_margin": 0.10297142675306906,
      "incr_op_margin_yoy": 0.1284183817310403,
      "rev_growth_yoy": 0.033323233960199074,
      "rev_growth_yoy_accel": -0.03143846783998681,
      "op_leverage_ratio": 2.7555982920120488,
      "fcf_margin_change": 0.11395454205493098
    },
    {
      "date": "2024-09-28T00:00:00",
      "quarter_label": "2024-09 (Q3)",
      "revenue": 426756000,
      "gross_profit": 135531000,
      "operating_income": 39842000,
      "net_income": 29641000,
      "opex": 95689000,
      "cogs": 291225000,
      "rd": null,
      "sga": null,
      "fcf": 29122000,
      "ocf": 46320000,
      "capex": -17198000,
      "gross_margin": 0.31758428703990105,
      "op_margin": 0.0933601402206413,
      "fcf_margin": 0.06824039966631987,
      "incr_op_margin_yoy": 0.10878587712632255,
      "rev_growth_yoy": -0.03854117148759865,
      "rev_growth_yoy_accel": -0.07186440544779772,
      "fcf_margin_change": -0.03473102708674919
    },
    {
      "date": "2024-12-28T00:00:00",
      "quarter_label": "2024-12 (Q4)",
      "revenue": 362598000,
      "gross_profit": 93901000,
      "operating_income": 6239000,
      "net_income": 5143000,
      "opex": 87662000,
      "cogs": 268697000,
      "rd": null,
      "sga": null,
      "fcf": 16097000,
      "ocf": 35162000,
      "capex": -19065000,
      "gross_margin": 0.2589672309279147,
      "op_margin": 0.0172063828261601,
      "fcf_margin": 0.04439351568403577,
      "incr_op_margin_yoy": -0.2410076976906928,
      "rev_growth_yoy": 0.04102690722004663,
      "rev_growth_yoy_accel": 0.07956807870764528,
      "fcf_margin_change": -0.0238468839822841
    },
    {
      "date": "2025-03-29T00:00:00",
      "quarter_label": "2025-03 (Q1)",
      "revenue": 356099000,
      "gross_profit": 95703000,
      "operating_income": 6023000,
      "net_income": 4824000,
      "opex": 89680000,
      "cogs": 260396000,
      "rd": null,
      "sga": null,
      "fcf": -7155000,
      "ocf": 12310000,
      "capex": -19465000,
      "gross_margin": 0.26875391393966286,
      "op_margin": 0.016913835759156864,
      "fcf_margin": -0.020092727022541484,
      "incr_op_margin_yoy": 3.2685006877579093,
      "rev_growth_yoy": -0.010104688464254143,
      "rev_growth_yoy_accel": -0.05113159568430077,
      "fcf_margin_change": -0.06448624270657725
    },
    {
      "date": "2025-06-28T00:00:00",
      "quarter_label": "2025-06 (Q2)",
      "revenue": 454293000,
      "gross_profit": 150045000,
      "operating_income": 60597000,
      "net_income": 44247000,
      "opex": 89448000,
      "cogs": 304248000,
      "rd": null,
      "sga": null,
      "fcf": 28491000,
      "ocf": 51225000,
      "capex": -22734000,
      "gross_margin": 0.33028243886654646,
      "op_margin": 0.13338748340828496,
      "fcf_margin": 0.06271503192873322,
      "incr_op_margin_yoy": 0.7310965401785714,
      "rev_growth_yoy": 0.03258500262525656,
      "rev_growth_yoy_accel": 0.0426896910895107,
      "op_leverage_ratio": Infinity,
      "fcf_margin_change": 0.08280775895127471
    },
    {
      "date": "2025-09-27T00:00:00",
      "quarter_label": "2025-09 (Q3)",
      "revenue": 410243000,
      "gross_profit": 130233000,
      "operating_income": 11467000,
      "net_income": 11381000,
      "opex": 118766000,
      "cogs": 280010000,
      "rd": null,
      "sga": null,
      "fcf": 44820000,
      "ocf": 66429000,
      "capex": -21609000,
      "gross_margin": 0.31745331425520973,
      "op_margin": 0.02795172617204925,
      "fcf_margin": 0.10925232118524875,
      "incr_op_margin_yoy": 1.7183431235995883,
      "rev_growth_yoy": -0.0386942421430513,
      "rev_growth_yoy_accel": -0.07127924476830785,
      "fcf_margin_change": 0.04653728925651553
    }
  ],
  "signals": [
    {
      "quarter": "2025-09 (Q3)",
      "signal": "YoY REVENUE GROWTH DECELERATION",
      "detail": "YoY growth: -3.9% vs prior quarter YoY: +3.3% (decel: -7.1%)",
      "severity": "WARNING"
    },
    {
      "quarter": "2025-09 (Q3)",
      "signal": "INCREMENTAL MARGIN (YoY)",
      "detail": "YoY Incr OPM: +171.8% vs year-ago OPM: +9.3%",
      "severity": "HIGH"
    },
    {
      "quarter": "2025-06 (Q2)",
      "signal": "FCF TURNED POSITIVE",
      "detail": "FCF margin: -2.0% -> +6.3%",
      "severity": "HIGH"
    },
    {
      "quarter": "2025-06 (Q2)",
      "signal": "INCREMENTAL MARGIN (YoY)",
      "detail": "YoY Incr OPM: +73.1% vs year-ago OPM: +11.4%",
      "severity": "HIGH"
    },
    {
      "quarter": "2025-03 (Q1)",
      "signal": "YoY REVENUE GROWTH DECELERATION",
      "detail": "YoY growth: -1.0% vs prior quarter YoY: +4.1% (decel: -5.1%)",
      "severity": "WARNING"
    },
    {
      "quarter": "2025-03 (Q1)",
      "signal": "INCREMENTAL MARGIN (YoY)",
      "detail": "YoY Incr OPM: +326.9% vs year-ago OPM: +5.0%",
      "severity": "HIGH"
    },
    {
      "quarter": "2024-12 (Q4)",
      "signal": "YoY REVENUE GROWTH ACCELERATION",
      "detail": "YoY growth: +4.1% vs prior quarter YoY: -3.9% (accel: +8.0%)",
      "severity": "MEDIUM"
    },
    {
      "quarter": "2024-09 (Q3)",
      "signal": "YoY REVENUE GROWTH DECELERATION",
      "detail": "YoY growth: -3.9% vs prior quarter YoY: +3.3% (decel: -7.2%)",
      "severity": "WARNING"
    },
    {
      "quarter": "2024-06 (Q2)",
      "signal": "FCF TURNED POSITIVE",
      "detail": "FCF margin: -1.1% -> +10.3%",
      "severity": "HIGH"
    },
    {
      "quarter": "2024-06 (Q2)",
      "signal": "OPERATING LEVERAGE",
      "detail": "Rev growth +22.3% vs OpEx growth +8.1% (leverage: 2.8x)",
      "severity": "MEDIUM"
    },
    {
      "quarter": "2024-03 (Q1)",
      "signal": "GROSS MARGIN INFLECTION",
      "detail": "GM: +32.8% -> +27.2% -> +30.1% (reversal +2.9%)",
      "severity": "MEDIUM"
    },
    {
      "quarter": "2024-03 (Q1)",
      "signal": "YoY REVENUE GROWTH ACCELERATION",
      "detail": "YoY growth: +6.5% vs prior quarter YoY: -0.9% (accel: +7.3%)",
      "severity": "MEDIUM"
    },
    {
      "quarter": "2024-03 (Q1)",
      "signal": "INCREMENTAL MARGIN (YoY)",
      "detail": "YoY Incr OPM: +35.2% vs year-ago OPM: +3.0%",
      "severity": "HIGH"
    },
    {
      "quarter": "2023-12 (Q4)",
      "signal": "YoY REVENUE GROWTH DECELERATION",
      "detail": "YoY growth: -0.9% vs prior quarter YoY: +10.8% (decel: -11.7%)",
      "severity": "WARNING"
    },
    {
      "quarter": "2023-09 (Q3)",
      "signal": "INCREMENTAL MARGIN (YoY)",
      "detail": "YoY Incr OPM: +46.3% vs year-ago OPM: +5.4%",
      "severity": "HIGH"
    },
    {
      "quarter": "2023-06 (Q2)",
      "signal": "FCF TURNED POSITIVE",
      "detail": "FCF margin: -1.2% -> +10.1%",
      "severity": "HIGH"
    },
    {
      "quarter": "2023-06 (Q2)",
      "signal": "YoY REVENUE GROWTH DECELERATION",
      "detail": "YoY growth: +12.0% vs prior quarter YoY: +20.0% (decel: -8.0%)",
      "severity": "WARNING"
    },
    {
      "quarter": "2023-06 (Q2)",
      "signal": "INCREMENTAL MARGIN (YoY)",
      "detail": "YoY Incr OPM: +59.4% vs year-ago OPM: +5.6%",
      "severity": "HIGH"
    },
    {
      "quarter": "2023-03 (Q1)",
      "signal": "YoY REVENUE GROWTH ACCELERATION",
      "detail": "YoY growth: +20.0% vs prior quarter YoY: +10.3% (accel: +9.7%)",
      "severity": "MEDIUM"
    },
    {
      "quarter": "2022-12 (Q4)",
      "signal": "YoY REVENUE GROWTH DECELERATION",
      "detail": "YoY growth: +10.3% vs prior quarter YoY: +23.9% (decel: -13.6%)",
      "severity": "WARNING"
    },
    {
      "quarter": "2022-09 (Q3)",
      "signal": "FCF TURNED POSITIVE",
      "detail": "FCF margin: -8.5% -> +8.2%",
      "severity": "HIGH"
    },
    {
      "quarter": "2022-09 (Q3)",
      "signal": "YoY REVENUE GROWTH ACCELERATION",
      "detail": "YoY growth: +23.9% vs prior quarter YoY: +17.2% (accel: +6.7%)",
      "severity": "MEDIUM"
    },
    {
      "quarter": "2022-06 (Q2)",
      "signal": "FCF MARGIN EXPANSION",
      "detail": "FCF margin: -18.2% -> -8.5% (+9.7%)",
      "severity": "MEDIUM"
    },
    {
      "quarter": "2022-06 (Q2)",
      "signal": "GROSS MARGIN INFLECTION",
      "detail": "GM: +24.9% -> +23.2% -> +28.7% (reversal +5.5%)",
      "severity": "HIGH"
    },
    {
      "quarter": "2022-06 (Q2)",
      "signal": "YoY REVENUE GROWTH ACCELERATION",
      "detail": "YoY growth: +17.2% vs prior quarter YoY: +9.9% (accel: +7.3%)",
      "severity": "MEDIUM"
    },
    {
      "quarter": "2022-03 (Q1)",
      "signal": "YoY REVENUE GROWTH DECELERATION",
      "detail": "YoY growth: +9.9% vs prior quarter YoY: +32.2% (decel: -22.3%)",
      "severity": "WARNING"
    },
    {
      "quarter": "2021-12 (Q4)",
      "signal": "INCREMENTAL MARGIN (YoY)",
      "detail": "YoY Incr OPM: +18.4% vs year-ago OPM: +0.2%",
      "severity": "MEDIUM"
    },
    {
      "quarter": "2021-06 (Q2)",
      "signal": "FCF TURNED POSITIVE",
      "detail": "FCF margin: -1.4% -> +9.6%",
      "severity": "HIGH"
    },
    {
      "quarter": "2021-06 (Q2)",
      "signal": "OPERATING LEVERAGE",
      "detail": "Rev growth +26.6% vs OpEx growth +8.1% (leverage: 3.3x)",
      "severity": "MEDIUM"
    }
  ],
  "data_quality": {
    "n_quarters": 20,
    "coverage": {
      "revenue": [
        20,
        20
      ],
      "gross_profit": [
        20,
        20
      ],
      "op_income": [
        20,
        20
      ],
      "fcf": [
        20,
        20
      ]
    },
    "gaps": [],
    "warnings": []
  },
  "market_cap": null,
  "source": "SEC EDGAR",
  "last_updated": "2026-02-02T21:40:46.342734",
  "sector": "Consumer Defensive",
  "industry": "Packaged Foods"
}