{
  "ticker": "JKHY",
  "name": "JACK HENRY & ASSOCIATES, INC.",
  "sector": "Technology",
  "industry": "Information Technology Services",
  "quarters": [
    {
      "date": "2021-03-31T00:00:00",
      "quarter_label": "2021-03 (Q1)",
      "revenue": 433776000,
      "gross_profit": 166006000,
      "operating_income": 91203000,
      "net_income": 71409000,
      "opex": 342573000,
      "cogs": 267770000,
      "rd": 27395000,
      "sga": 47408000,
      "fcf": 66958000,
      "ocf": 72331000,
      "capex": -5373000,
      "gross_margin": 0.3826998266386338,
      "op_margin": 0.21025367931835787,
      "fcf_margin": 0.15436077606875437
    },
    {
      "date": "2021-06-30T00:00:00",
      "quarter_label": "2021-06 (Q2)",
      "revenue": 450287000,
      "gross_profit": 175369000,
      "operating_income": 96296000,
      "net_income": 76862000,
      "opex": 353991000,
      "cogs": 274918000,
      "rd": 28814000,
      "sga": 50259000,
      "fcf": 187742000,
      "ocf": 195814000,
      "capex": -8072000,
      "gross_margin": 0.38946049963689827,
      "op_margin": 0.2138547193234537,
      "fcf_margin": 0.41693853031511013,
      "op_leverage_ratio": 1.1420127431051492,
      "fcf_margin_change": 0.26257775424635577
    },
    {
      "date": "2021-09-30T00:00:00",
      "quarter_label": "2021-09 (Q3)",
      "revenue": 488056000,
      "gross_profit": 211420000,
      "operating_income": 133595000,
      "net_income": 102114000,
      "opex": 354461000,
      "cogs": 276636000,
      "rd": 26754000,
      "sga": 51071000,
      "fcf": 97276000,
      "ocf": 106549000,
      "capex": -9273000,
      "gross_margin": 0.43318799482026654,
      "op_margin": 0.2737288343960529,
      "fcf_margin": 0.1993131935679512,
      "op_leverage_ratio": 63.17430022526059,
      "fcf_margin_change": -0.21762533674715892
    },
    {
      "date": "2021-12-31T00:00:00",
      "quarter_label": "2021-12 (Q4)",
      "revenue": 493896000,
      "gross_profit": 211071000,
      "operating_income": 125662000,
      "net_income": 95670000,
      "opex": 368234000,
      "cogs": 282825000,
      "rd": 29916000,
      "sga": 55493000,
      "fcf": 77702000,
      "ocf": 90802000,
      "capex": -13100000,
      "gross_margin": 0.42735920112736286,
      "op_margin": 0.25443008244650694,
      "fcf_margin": 0.15732461894811864,
      "op_leverage_ratio": 0.3079520516319648,
      "fcf_margin_change": -0.041988574619832575
    },
    {
      "date": "2022-03-31T00:00:00",
      "quarter_label": "2022-03 (Q1)",
      "revenue": 478260000,
      "gross_profit": 195921000,
      "operating_income": 111589000,
      "net_income": 84707000,
      "opex": 366671000,
      "cogs": 282339000,
      "rd": 30725000,
      "sga": 53607000,
      "fcf": 98033000,
      "ocf": 104046000,
      "capex": -6013000,
      "gross_margin": 0.4096537448249906,
      "op_margin": 0.23332287876887048,
      "fcf_margin": 0.20497846359720653,
      "incr_op_margin_yoy": 0.4582771333513173,
      "rev_growth_yoy": 0.10255062520748036,
      "fcf_margin_change": 0.047653844649087895
    },
    {
      "date": "2022-06-30T00:00:00",
      "quarter_label": "2022-06 (Q2)",
      "revenue": 482672000,
      "gross_profit": 195857000,
      "operating_income": 103772000,
      "net_income": 80426000,
      "opex": 378900000,
      "cogs": 286815000,
      "rd": 33961000,
      "sga": 58124000,
      "fcf": 196961000,
      "ocf": 203234000,
      "capex": -6273000,
      "gross_margin": 0.4057765936287997,
      "op_margin": 0.21499486193522724,
      "fcf_margin": 0.40806386117280474,
      "incr_op_margin_yoy": 0.23084761463640574,
      "rev_growth_yoy": 0.0719207971804649,
      "rev_growth_yoy_accel": -0.030629828027015457,
      "fcf_margin_change": 0.2030853975755982
    },
    {
      "date": "2022-09-30T00:00:00",
      "quarter_label": "2022-09 (Q3)",
      "revenue": 529202000,
      "gross_profit": 230941000,
      "operating_income": 140723000,
      "net_income": 106549000,
      "opex": 388479000,
      "cogs": 298261000,
      "rd": 32993000,
      "sga": 57225000,
      "fcf": 129094000,
      "ocf": 136831000,
      "capex": -7737000,
      "gross_margin": 0.4363947982056001,
      "op_margin": 0.2659154727306397,
      "fcf_margin": 0.24394087701860537,
      "incr_op_margin_yoy": 0.17323676663588197,
      "rev_growth_yoy": 0.08430589932302851,
      "rev_growth_yoy_accel": 0.012385102142563609,
      "op_leverage_ratio": 3.8131630727794,
      "fcf_margin_change": -0.16412298415419938
    },
    {
      "date": "2022-12-31T00:00:00",
      "quarter_label": "2022-12 (Q4)",
      "revenue": 505314000,
      "gross_profit": 200725000,
      "operating_income": 107376000,
      "net_income": 80775000,
      "opex": 397938000,
      "cogs": 304589000,
      "rd": 36561000,
      "sga": 56788000,
      "fcf": 44241000,
      "ocf": 53880000,
      "capex": -9639000,
      "gross_margin": 0.39722825807319806,
      "op_margin": 0.21249361782970588,
      "fcf_margin": 0.08755150263004785,
      "incr_op_margin_yoy": -1.6015063934139078,
      "rev_growth_yoy": 0.023118227319111714,
      "rev_growth_yoy_accel": -0.061187672003916796,
      "fcf_margin_change": -0.15638937438855752
    },
    {
      "date": "2023-03-31T00:00:00",
      "quarter_label": "2023-03 (Q1)",
      "revenue": 508552000,
      "gross_profit": 201207000,
      "operating_income": 108390000,
      "net_income": 81549000,
      "opex": 400162000,
      "cogs": 307345000,
      "rd": 34625000,
      "sga": 58192000,
      "fcf": 6459000,
      "ocf": 16320000,
      "capex": -9861000,
      "gross_margin": 0.39564685617203355,
      "op_margin": 0.21313454671302048,
      "fcf_margin": 0.012700766096682345,
      "incr_op_margin_yoy": -0.10560544038029843,
      "rev_growth_yoy": 0.06333793334169699,
      "rev_growth_yoy_accel": 0.040219706022585275,
      "fcf_margin_change": -0.0748507365333655
    },
    {
      "date": "2023-06-30T00:00:00",
      "quarter_label": "2023-06 (Q2)",
      "revenue": 534633000,
      "gross_profit": 225766000,
      "operating_income": 124198000,
      "net_income": 97773000,
      "opex": 410435000,
      "cogs": 308867000,
      "rd": 38499000,
      "sga": 63069000,
      "fcf": 162586000,
      "ocf": 174528000,
      "capex": -11942000,
      "gross_margin": 0.4222822010612888,
      "op_margin": 0.2323051513842206,
      "fcf_margin": 0.30410767760314084,
      "incr_op_margin_yoy": 0.3931025191970901,
      "rev_growth_yoy": 0.10765281599098353,
      "rev_growth_yoy_accel": 0.04431488264928654,
      "op_leverage_ratio": 1.9976869353818467,
      "fcf_margin_change": 0.2914069115064585
    },
    {
      "date": "2023-09-30T00:00:00",
      "quarter_label": "2023-09 (Q3)",
      "revenue": 571368000,
      "gross_profit": 248366000,
      "operating_income": 132700000,
      "net_income": 101679000,
      "opex": 438668000,
      "cogs": 323002000,
      "rd": 36892000,
      "sga": 78774000,
      "fcf": 149527000,
      "ocf": 157139000,
      "capex": -7612000,
      "gross_margin": 0.4346865767771384,
      "op_margin": 0.23224961845955672,
      "fcf_margin": 0.26169999019896106,
      "incr_op_margin_yoy": -0.19027178295309016,
      "rev_growth_yoy": 0.07967845926508214,
      "rev_growth_yoy_accel": -0.027974356725901386,
      "op_leverage_ratio": 0.9988761472001083,
      "fcf_margin_change": -0.04240768740417977
    },
    {
      "date": "2023-12-31T00:00:00",
      "quarter_label": "2023-12 (Q4)",
      "revenue": 545701000,
      "gross_profit": 224722000,
      "operating_income": 118967000,
      "net_income": 91965000,
      "opex": 426734000,
      "cogs": 320979000,
      "rd": 35478000,
      "sga": 70277000,
      "fcf": 64687000,
      "ocf": 81533000,
      "capex": -16846000,
      "gross_margin": 0.41180426643894735,
      "op_margin": 0.21800766353735837,
      "fcf_margin": 0.11853927333832996,
      "incr_op_margin_yoy": 0.28699829152945255,
      "rev_growth_yoy": 0.0799245617576398,
      "rev_growth_yoy_accel": 0.00024610249255765937,
      "fcf_margin_change": -0.1431607168606311
    },
    {
      "date": "2024-03-31T00:00:00",
      "quarter_label": "2024-03 (Q1)",
      "revenue": 538562000,
      "gross_profit": 210338000,
      "operating_income": 112099000,
      "net_income": 87099000,
      "opex": 426463000,
      "cogs": 328224000,
      "rd": 35993000,
      "sga": 62246000,
      "fcf": 87681000,
      "ocf": 97570000,
      "capex": -9889000,
      "gross_margin": 0.39055484790980427,
      "op_margin": 0.20814502322852335,
      "fcf_margin": 0.16280576795243631,
      "incr_op_margin_yoy": 0.12359213595468177,
      "rev_growth_yoy": 0.059010681306926334,
      "rev_growth_yoy_accel": -0.02091388045071347,
      "fcf_margin_change": 0.04426649461410635
    },
    {
      "date": "2024-06-30T00:00:00",
      "quarter_label": "2024-06 (Q2)",
      "revenue": 559912000,
      "gross_profit": 232640000,
      "operating_income": 125626000,
      "net_income": 101073000,
      "opex": 434286000,
      "cogs": 327272000,
      "rd": 39893000,
      "sga": 67121000,
      "fcf": 208028000,
      "ocf": 231799000,
      "capex": -23771000,
      "gross_margin": 0.41549386332137905,
      "op_margin": 0.22436740059152152,
      "fcf_margin": 0.37153695580734114,
      "incr_op_margin_yoy": 0.05648957632817754,
      "rev_growth_yoy": 0.047282902477026295,
      "rev_growth_yoy_accel": -0.011727778829900039,
      "op_leverage_ratio": 2.1610767933108814,
      "fcf_margin_change": 0.20873118785490483
    },
    {
      "date": "2024-09-30T00:00:00",
      "quarter_label": "2024-09 (Q3)",
      "revenue": 600982000,
      "gross_profit": 257550000,
      "operating_income": 151276000,
      "net_income": 119191000,
      "opex": 449706000,
      "cogs": 343432000,
      "rd": 39686000,
      "sga": 66588000,
      "fcf": 104095000,
      "ocf": 116896000,
      "capex": -12801000,
      "gross_margin": 0.4285486087769684,
      "op_margin": 0.2517146936181117,
      "fcf_margin": 0.17320818260779858,
      "incr_op_margin_yoy": 0.6272708853920443,
      "rev_growth_yoy": 0.05182999397936181,
      "rev_growth_yoy_accel": 0.0045470915023355166,
      "op_leverage_ratio": 2.065838577023749,
      "fcf_margin_change": -0.19832877319954256
    },
    {
      "date": "2024-12-31T00:00:00",
      "quarter_label": "2024-12 (Q4)",
      "revenue": 573848000,
      "gross_profit": 240998000,
      "operating_income": 123002000,
      "net_income": 97845000,
      "opex": 450846000,
      "cogs": 332850000,
      "rd": 41095000,
      "sga": 76901000,
      "fcf": 72979000,
      "ocf": 89647000,
      "capex": -16668000,
      "gross_margin": 0.4199683539892097,
      "op_margin": 0.21434595920871033,
      "fcf_margin": 0.1271747919309643,
      "incr_op_margin_yoy": 0.14335453156641917,
      "rev_growth_yoy": 0.051579527983272894,
      "rev_growth_yoy_accel": -0.000250465996088918,
      "fcf_margin_change": -0.04603339067683429
    },
    {
      "date": "2025-03-31T00:00:00",
      "quarter_label": "2025-03 (Q1)",
      "revenue": 585087000,
      "gross_profit": 244501000,
      "operating_income": 138740000,
      "net_income": 111108000,
      "opex": 446347000,
      "cogs": 340586000,
      "rd": 39411000,
      "sga": 66350000,
      "fcf": 96132000,
      "ocf": 107849000,
      "capex": -11717000,
      "gross_margin": 0.4178882798626529,
      "op_margin": 0.2371271281023164,
      "fcf_margin": 0.1643037702085331,
      "incr_op_margin_yoy": 0.5726168726491134,
      "rev_growth_yoy": 0.0863874539978684,
      "rev_growth_yoy_accel": 0.03480792601459551,
      "op_leverage_ratio": null,
      "fcf_margin_change": 0.03712897827756881
    },
    {
      "date": "2025-06-30T00:00:00",
      "quarter_label": "2025-06 (Q2)",
      "revenue": 615372000,
      "gross_profit": 271493000,
      "operating_income": 155698000,
      "net_income": 127604000,
      "opex": 459674000,
      "cogs": 343879000,
      "rd": 42579000,
      "sga": 73216000,
      "fcf": 314940000,
      "ocf": 327112000,
      "capex": -12172000,
      "gross_margin": 0.44118516929597057,
      "op_margin": 0.2530144367959543,
      "fcf_margin": 0.5117879916538289,
      "incr_op_margin_yoy": 0.5422286332491886,
      "rev_growth_yoy": 0.0990512794867765,
      "rev_growth_yoy_accel": 0.012663825488908098,
      "op_leverage_ratio": 1.7335938264741764,
      "fcf_margin_change": 0.34748422144529584
    },
    {
      "date": "2025-09-30T00:00:00",
      "quarter_label": "2025-09 (Q3)",
      "revenue": 644738000,
      "gross_profit": 296172000,
      "operating_income": 184065000,
      "net_income": 143986000,
      "opex": 460673000,
      "cogs": 348566000,
      "rd": 39278000,
      "sga": 72829000,
      "fcf": 111710000,
      "ocf": 120590000,
      "capex": -8880000,
      "gross_margin": 0.4593679913391176,
      "op_margin": 0.2854880587153231,
      "fcf_margin": 0.17326417862759758,
      "incr_op_margin_yoy": 0.749360087759393,
      "rev_growth_yoy": 0.07280750505006806,
      "rev_growth_yoy_accel": -0.026243774436708445,
      "op_leverage_ratio": 21.95793598503504,
      "fcf_margin_change": -0.33852381302623136
    },
    {
      "date": "2025-12-31T00:00:00",
      "quarter_label": "2025-12 (Q4)",
      "revenue": 619334000,
      "gross_profit": 268345000,
      "operating_income": 159148000,
      "net_income": 124668000,
      "opex": 460186000,
      "cogs": 350989000,
      "rd": 42228000,
      "sga": 66969000,
      "fcf": 131448000,
      "ocf": 152664000,
      "capex": -21216000,
      "gross_margin": 0.43327994264807035,
      "op_margin": 0.2569663541804584,
      "fcf_margin": 0.21224089102164584,
      "incr_op_margin_yoy": 0.7946620938310689,
      "rev_growth_yoy": 0.07926489244538623,
      "rev_growth_yoy_accel": 0.006457387395318176,
      "fcf_margin_change": 0.03897671239404826
    }
  ],
  "signals": [
    {
      "quarter": "2025-12 (Q4)",
      "signal": "INCREMENTAL MARGIN (YoY)",
      "detail": "YoY Incr OPM: +79.5% vs year-ago OPM: +21.4%",
      "severity": "HIGH"
    },
    {
      "quarter": "2025-09 (Q3)",
      "signal": "OPERATING LEVERAGE",
      "detail": "Rev growth +4.8% vs OpEx growth +0.2% (leverage: 22.0x)",
      "severity": "MEDIUM"
    },
    {
      "quarter": "2025-09 (Q3)",
      "signal": "INCREMENTAL MARGIN (YoY)",
      "detail": "YoY Incr OPM: +74.9% vs year-ago OPM: +25.2%",
      "severity": "HIGH"
    },
    {
      "quarter": "2025-06 (Q2)",
      "signal": "FCF MARGIN EXPANSION",
      "detail": "FCF margin: +16.4% -> +51.2% (+34.7%)",
      "severity": "MEDIUM"
    },
    {
      "quarter": "2025-06 (Q2)",
      "signal": "OPERATING LEVERAGE",
      "detail": "Rev growth +5.2% vs OpEx growth +3.0% (leverage: 1.7x)",
      "severity": "MEDIUM"
    },
    {
      "quarter": "2025-06 (Q2)",
      "signal": "GROSS MARGIN INFLECTION",
      "detail": "GM: +42.0% -> +41.8% -> +44.1% (reversal +2.3%)",
      "severity": "MEDIUM"
    },
    {
      "quarter": "2025-06 (Q2)",
      "signal": "INCREMENTAL MARGIN (YoY)",
      "detail": "YoY Incr OPM: +54.2% vs year-ago OPM: +22.4%",
      "severity": "HIGH"
    },
    {
      "quarter": "2025-03 (Q1)",
      "signal": "INCREMENTAL MARGIN (YoY)",
      "detail": "YoY Incr OPM: +57.3% vs year-ago OPM: +20.8%",
      "severity": "HIGH"
    },
    {
      "quarter": "2024-09 (Q3)",
      "signal": "OPERATING LEVERAGE",
      "detail": "Rev growth +7.3% vs OpEx growth +3.6% (leverage: 2.1x)",
      "severity": "MEDIUM"
    },
    {
      "quarter": "2024-09 (Q3)",
      "signal": "INCREMENTAL MARGIN (YoY)",
      "detail": "YoY Incr OPM: +62.7% vs year-ago OPM: +23.2%",
      "severity": "HIGH"
    },
    {
      "quarter": "2024-06 (Q2)",
      "signal": "FCF MARGIN EXPANSION",
      "detail": "FCF margin: +16.3% -> +37.2% (+20.9%)",
      "severity": "MEDIUM"
    },
    {
      "quarter": "2024-06 (Q2)",
      "signal": "OPERATING LEVERAGE",
      "detail": "Rev growth +4.0% vs OpEx growth +1.8% (leverage: 2.2x)",
      "severity": "MEDIUM"
    },
    {
      "quarter": "2024-06 (Q2)",
      "signal": "GROSS MARGIN INFLECTION",
      "detail": "GM: +41.2% -> +39.1% -> +41.5% (reversal +2.5%)",
      "severity": "MEDIUM"
    },
    {
      "quarter": "2023-06 (Q2)",
      "signal": "FCF MARGIN EXPANSION",
      "detail": "FCF margin: +1.3% -> +30.4% (+29.1%)",
      "severity": "MEDIUM"
    },
    {
      "quarter": "2023-06 (Q2)",
      "signal": "OPERATING LEVERAGE",
      "detail": "Rev growth +5.1% vs OpEx growth +2.6% (leverage: 2.0x)",
      "severity": "MEDIUM"
    },
    {
      "quarter": "2023-06 (Q2)",
      "signal": "GROSS MARGIN INFLECTION",
      "detail": "GM: +39.7% -> +39.6% -> +42.2% (reversal +2.7%)",
      "severity": "MEDIUM"
    },
    {
      "quarter": "2023-06 (Q2)",
      "signal": "INCREMENTAL MARGIN (YoY)",
      "detail": "YoY Incr OPM: +39.3% vs year-ago OPM: +21.5%",
      "severity": "MEDIUM"
    },
    {
      "quarter": "2022-12 (Q4)",
      "signal": "YoY REVENUE GROWTH DECELERATION",
      "detail": "YoY growth: +2.3% vs prior quarter YoY: +8.4% (decel: -6.1%)",
      "severity": "WARNING"
    },
    {
      "quarter": "2022-09 (Q3)",
      "signal": "OPERATING LEVERAGE",
      "detail": "Rev growth +9.6% vs OpEx growth +2.5% (leverage: 3.8x)",
      "severity": "MEDIUM"
    },
    {
      "quarter": "2022-09 (Q3)",
      "signal": "GROSS MARGIN INFLECTION",
      "detail": "GM: +41.0% -> +40.6% -> +43.6% (reversal +3.1%)",
      "severity": "MEDIUM"
    },
    {
      "quarter": "2022-06 (Q2)",
      "signal": "FCF MARGIN EXPANSION",
      "detail": "FCF margin: +20.5% -> +40.8% (+20.3%)",
      "severity": "MEDIUM"
    },
    {
      "quarter": "2022-03 (Q1)",
      "signal": "INCREMENTAL MARGIN (YoY)",
      "detail": "YoY Incr OPM: +45.8% vs year-ago OPM: +21.0%",
      "severity": "HIGH"
    },
    {
      "quarter": "2021-09 (Q3)",
      "signal": "OPERATING LEVERAGE",
      "detail": "Rev growth +8.4% vs OpEx growth +0.1% (leverage: 63.2x)",
      "severity": "MEDIUM"
    },
    {
      "quarter": "2021-06 (Q2)",
      "signal": "FCF MARGIN EXPANSION",
      "detail": "FCF margin: +15.4% -> +41.7% (+26.3%)",
      "severity": "MEDIUM"
    }
  ],
  "data_quality": {
    "n_quarters": 20,
    "coverage": {
      "revenue": [
        20,
        20
      ],
      "gross_profit": [
        20,
        20
      ],
      "op_income": [
        20,
        20
      ],
      "fcf": [
        20,
        20
      ]
    },
    "gaps": [],
    "warnings": []
  },
  "market_cap": null,
  "source": "SEC EDGAR",
  "last_updated": "2026-02-09T19:08:28.772107"
}