{
  "ticker": "JOE",
  "name": "The St. Joe Company",
  "quarters": [
    {
      "date": "2020-12-31T00:00:00",
      "quarter_label": "2020-12 (Q4)",
      "revenue": 63860000,
      "gross_profit": null,
      "operating_income": 26280000,
      "net_income": 19786000,
      "opex": 37580000,
      "cogs": null,
      "rd": null,
      "sga": null,
      "fcf": 13326000,
      "ocf": 14784000,
      "capex": -1458000,
      "gross_margin": null,
      "op_margin": 0.41152521139993736,
      "fcf_margin": 0.20867522705919198
    },
    {
      "date": "2021-03-31T00:00:00",
      "quarter_label": "2021-03 (Q1)",
      "revenue": 41305000,
      "gross_profit": null,
      "operating_income": 5539000,
      "net_income": 3196000,
      "opex": 35766000,
      "cogs": null,
      "rd": null,
      "sga": null,
      "fcf": 9025000,
      "ocf": 9828000,
      "capex": -803000,
      "gross_margin": null,
      "op_margin": 0.13409998789492797,
      "fcf_margin": 0.21849655005447283,
      "fcf_margin_change": 0.009821322995280851
    },
    {
      "date": "2021-06-30T00:00:00",
      "quarter_label": "2021-06 (Q2)",
      "revenue": 72239000,
      "gross_profit": null,
      "operating_income": 30750000,
      "net_income": 24224000,
      "opex": 41489000,
      "cogs": null,
      "rd": null,
      "sga": null,
      "fcf": 36505000,
      "ocf": 37368000,
      "capex": -863000,
      "gross_margin": null,
      "op_margin": 0.4256703442738687,
      "fcf_margin": 0.5053364526087016,
      "op_leverage_ratio": 4.680368858021719,
      "fcf_margin_change": 0.2868399025542288
    },
    {
      "date": "2021-09-30T00:00:00",
      "quarter_label": "2021-09 (Q3)",
      "revenue": 53996000,
      "gross_profit": null,
      "operating_income": 16161000,
      "net_income": 15196000,
      "opex": 37835000,
      "cogs": null,
      "rd": null,
      "sga": null,
      "fcf": 16468000,
      "ocf": 17937000,
      "capex": -1469000,
      "gross_margin": null,
      "op_margin": 0.299299948144307,
      "fcf_margin": 0.30498555448551745,
      "fcf_margin_change": -0.20035089812318418
    },
    {
      "date": "2021-12-31T00:00:00",
      "quarter_label": "2021-12 (Q4)",
      "revenue": 99456000,
      "gross_profit": null,
      "operating_income": 42007000,
      "net_income": 31937000,
      "opex": 57449000,
      "cogs": null,
      "rd": null,
      "sga": null,
      "fcf": 45497000,
      "ocf": 46664000,
      "capex": -1167000,
      "gross_margin": null,
      "op_margin": 0.42236768018018017,
      "fcf_margin": 0.45745857464607464,
      "incr_op_margin_yoy": 0.4418193055399483,
      "rev_growth_yoy": 0.5574068274350141,
      "op_leverage_ratio": 1.6240350952054556,
      "fcf_margin_change": 0.1524730201605572
    },
    {
      "date": "2022-03-31T00:00:00",
      "quarter_label": "2022-03 (Q1)",
      "revenue": 64871000,
      "gross_profit": null,
      "operating_income": 20224000,
      "net_income": 13412000,
      "opex": 44647000,
      "cogs": null,
      "rd": null,
      "sga": null,
      "fcf": 18373000,
      "ocf": 19813000,
      "capex": -1440000,
      "gross_margin": null,
      "op_margin": 0.31175717963342636,
      "fcf_margin": 0.2832236284318108,
      "incr_op_margin_yoy": 0.6231435118390902,
      "rev_growth_yoy": 0.5705362546907154,
      "rev_growth_yoy_accel": 0.01312942725570132,
      "fcf_margin_change": -0.17423494621426383
    },
    {
      "date": "2022-06-30T00:00:00",
      "quarter_label": "2022-06 (Q2)",
      "revenue": 68250000,
      "gross_profit": null,
      "operating_income": 18805000,
      "net_income": 17039000,
      "opex": 49445000,
      "cogs": null,
      "rd": null,
      "sga": null,
      "fcf": 7844000,
      "ocf": 9192000,
      "capex": -1348000,
      "gross_margin": null,
      "op_margin": 0.2755311355311355,
      "fcf_margin": 0.11493040293040294,
      "incr_op_margin_yoy": 2.9944848332915517,
      "rev_growth_yoy": -0.05521947978238902,
      "rev_growth_yoy_accel": -0.6257557344731045,
      "op_leverage_ratio": 0.48469622551451697,
      "fcf_margin_change": -0.16829322550140788
    },
    {
      "date": "2022-09-30T00:00:00",
      "quarter_label": "2022-09 (Q3)",
      "revenue": 57576000,
      "gross_profit": null,
      "operating_income": 12177000,
      "net_income": 12347000,
      "opex": 45399000,
      "cogs": null,
      "rd": null,
      "sga": null,
      "fcf": 657000,
      "ocf": 1253000,
      "capex": -596000,
      "gross_margin": null,
      "op_margin": 0.21149437265527304,
      "fcf_margin": 0.011411004585243852,
      "incr_op_margin_yoy": -1.1128491620111731,
      "rev_growth_yoy": 0.06630120749685162,
      "rev_growth_yoy_accel": 0.12152068727924063,
      "fcf_margin_change": -0.10351939834515908
    },
    {
      "date": "2022-12-31T00:00:00",
      "quarter_label": "2022-12 (Q4)",
      "revenue": 61624000,
      "gross_profit": null,
      "operating_income": 10261000,
      "net_income": 28129000,
      "opex": 51363000,
      "cogs": null,
      "rd": null,
      "sga": null,
      "fcf": 13999000,
      "ocf": 17963000,
      "capex": -3964000,
      "gross_margin": null,
      "op_margin": 0.16650980137608723,
      "fcf_margin": 0.2271679864987667,
      "incr_op_margin_yoy": 0.8391308944808628,
      "rev_growth_yoy": -0.3803893178893179,
      "rev_growth_yoy_accel": -0.4466905253861695,
      "op_leverage_ratio": 0.5351896008536979,
      "fcf_margin_change": 0.21575698191352286
    },
    {
      "date": "2023-03-31T00:00:00",
      "quarter_label": "2023-03 (Q1)",
      "revenue": 72991000,
      "gross_profit": null,
      "operating_income": 11304000,
      "net_income": 10390000,
      "opex": 61687000,
      "cogs": null,
      "rd": null,
      "sga": null,
      "fcf": 17513000,
      "ocf": 19172000,
      "capex": -1659000,
      "gross_margin": null,
      "op_margin": 0.1548684084339165,
      "fcf_margin": 0.2399336904549876,
      "incr_op_margin_yoy": -1.0985221674876848,
      "rev_growth_yoy": 0.12517149419617393,
      "rev_growth_yoy_accel": 0.5055608120854919,
      "op_leverage_ratio": 0.9176949910652864,
      "fcf_margin_change": 0.012765703956220897
    },
    {
      "date": "2023-06-30T00:00:00",
      "quarter_label": "2023-06 (Q2)",
      "revenue": 128167000,
      "gross_profit": null,
      "operating_income": 41831000,
      "net_income": 34727000,
      "opex": 86336000,
      "cogs": null,
      "rd": null,
      "sga": null,
      "fcf": 32828000,
      "ocf": 33757000,
      "capex": -929000,
      "gross_margin": null,
      "op_margin": 0.32637886507447317,
      "fcf_margin": 0.25613457442243326,
      "incr_op_margin_yoy": 0.38429827928634613,
      "rev_growth_yoy": 0.8779047619047619,
      "rev_growth_yoy_accel": 0.752733267708588,
      "op_leverage_ratio": 1.891800101271866,
      "fcf_margin_change": 0.01620088396744565
    },
    {
      "date": "2023-09-30T00:00:00",
      "quarter_label": "2023-09 (Q3)",
      "revenue": 101390000,
      "gross_profit": null,
      "operating_income": 20293000,
      "net_income": 19409000,
      "opex": 81097000,
      "cogs": null,
      "rd": null,
      "sga": null,
      "fcf": 37493000,
      "ocf": 39357000,
      "capex": -1864000,
      "gross_margin": null,
      "op_margin": 0.2001479435841799,
      "fcf_margin": 0.3697899201104645,
      "incr_op_margin_yoy": 0.18523759528917697,
      "rev_growth_yoy": 0.7609767958871753,
      "rev_growth_yoy_accel": -0.1169279660175866,
      "fcf_margin_change": 0.11365534568803126
    },
    {
      "date": "2023-12-31T00:00:00",
      "quarter_label": "2023-12 (Q4)",
      "revenue": 86738000,
      "gross_profit": null,
      "operating_income": 17306000,
      "net_income": 13185000,
      "opex": 69432000,
      "cogs": null,
      "rd": null,
      "sga": null,
      "fcf": 9833000,
      "ocf": 11563000,
      "capex": -1730000,
      "gross_margin": null,
      "op_margin": 0.1995203947520118,
      "fcf_margin": 0.11336438469874795,
      "incr_op_margin_yoy": 0.2805208250378275,
      "rev_growth_yoy": 0.40753602492535373,
      "rev_growth_yoy_accel": -0.3534407709618215,
      "fcf_margin_change": -0.2564255354117166
    },
    {
      "date": "2024-03-31T00:00:00",
      "quarter_label": "2024-03 (Q1)",
      "revenue": 87787000,
      "gross_profit": 34236000,
      "operating_income": 15952000,
      "net_income": 13915000,
      "opex": 71835000,
      "cogs": 53551000,
      "rd": null,
      "sga": null,
      "fcf": 25224000,
      "ocf": 27608000,
      "capex": -2384000,
      "gross_margin": 0.3899894061763131,
      "op_margin": 0.18171255425062938,
      "fcf_margin": 0.2873318372879811,
      "incr_op_margin_yoy": 0.3141389564747229,
      "rev_growth_yoy": 0.2027099231412092,
      "rev_growth_yoy_accel": -0.20482610178414454,
      "op_leverage_ratio": 0.3494394947586932,
      "fcf_margin_change": 0.17396745258923318
    },
    {
      "date": "2024-06-30T00:00:00",
      "quarter_label": "2024-06 (Q2)",
      "revenue": 111606000,
      "gross_profit": 49771000,
      "operating_income": 32629000,
      "net_income": 24518000,
      "opex": 78977000,
      "cogs": 61835000,
      "rd": null,
      "sga": null,
      "fcf": 21488000,
      "ocf": 22815000,
      "capex": -1327000,
      "gross_margin": 0.44595272655591994,
      "op_margin": 0.29235883375445765,
      "fcf_margin": 0.1925344515527839,
      "incr_op_margin_yoy": 0.5556427751947346,
      "rev_growth_yoy": -0.12921422831149984,
      "rev_growth_yoy_accel": -0.33192415145270904,
      "op_leverage_ratio": 2.7290378983904033,
      "fcf_margin_change": -0.09479738573519722
    },
    {
      "date": "2024-09-30T00:00:00",
      "quarter_label": "2024-09 (Q3)",
      "revenue": 99011000,
      "gross_profit": 39050000,
      "operating_income": 21272000,
      "net_income": 16835000,
      "opex": 77739000,
      "cogs": 59961000,
      "rd": null,
      "sga": null,
      "fcf": 25933000,
      "ocf": 27729000,
      "capex": -1796000,
      "gross_margin": 0.3944006221530941,
      "op_margin": 0.21484481522255103,
      "fcf_margin": 0.2619203926836412,
      "incr_op_margin_yoy": -0.41151744430432957,
      "rev_growth_yoy": -0.023463852450932045,
      "rev_growth_yoy_accel": 0.10575037586056779,
      "fcf_margin_change": 0.0693859411308573
    },
    {
      "date": "2024-12-31T00:00:00",
      "quarter_label": "2024-12 (Q4)",
      "revenue": 104334000,
      "gross_profit": 44164000,
      "operating_income": 25733000,
      "net_income": 18920000,
      "opex": 78601000,
      "cogs": 60170000,
      "rd": null,
      "sga": null,
      "fcf": 27602000,
      "ocf": 29841000,
      "capex": -2239000,
      "gross_margin": 0.42329441984396265,
      "op_margin": 0.24664059654570897,
      "fcf_margin": 0.26455422010083,
      "incr_op_margin_yoy": 0.4789156626506024,
      "rev_growth_yoy": 0.20286379672116028,
      "rev_growth_yoy_accel": 0.22632764917209233,
      "op_leverage_ratio": 4.848469893933133,
      "fcf_margin_change": 0.0026338274171888165
    },
    {
      "date": "2025-03-31T00:00:00",
      "quarter_label": "2025-03 (Q1)",
      "revenue": 94197000,
      "gross_profit": 35604000,
      "operating_income": 16894000,
      "net_income": 17461000,
      "opex": 77303000,
      "cogs": 58593000,
      "rd": null,
      "sga": null,
      "fcf": 27848000,
      "ocf": 29016000,
      "capex": -1168000,
      "gross_margin": 0.3779738208223192,
      "op_margin": 0.1793475376073548,
      "fcf_margin": 0.2956357421149293,
      "incr_op_margin_yoy": 0.1469578783151326,
      "rev_growth_yoy": 0.0730176449816032,
      "rev_growth_yoy_accel": -0.1298461517395571,
      "fcf_margin_change": 0.031081522014099305
    },
    {
      "date": "2025-06-30T00:00:00",
      "quarter_label": "2025-06 (Q2)",
      "revenue": 129082000,
      "gross_profit": 55388000,
      "operating_income": 36960000,
      "net_income": 29524000,
      "opex": 92122000,
      "cogs": 73694000,
      "rd": null,
      "sga": null,
      "fcf": 29709000,
      "ocf": 31063000,
      "capex": -1354000,
      "gross_margin": 0.4290915851939078,
      "op_margin": 0.2863296199315164,
      "fcf_margin": 0.2301560248524194,
      "incr_op_margin_yoy": 0.24782558937972077,
      "rev_growth_yoy": 0.1565865634464097,
      "rev_growth_yoy_accel": 0.0835689184648065,
      "op_leverage_ratio": 1.9318753728704656,
      "fcf_margin_change": -0.06547971726250992
    },
    {
      "date": "2025-09-30T00:00:00",
      "quarter_label": "2025-09 (Q3)",
      "revenue": 161076000,
      "gross_profit": 71484000,
      "operating_income": 52932000,
      "net_income": 38707000,
      "opex": 108144000,
      "cogs": 89592000,
      "rd": null,
      "sga": null,
      "fcf": 85212000,
      "ocf": 86213000,
      "capex": -1001000,
      "gross_margin": 0.4437905088281308,
      "op_margin": 0.3286150636966401,
      "fcf_margin": 0.5290173582656634,
      "incr_op_margin_yoy": 0.5101103681624104,
      "rev_growth_yoy": 0.6268495419700841,
      "rev_growth_yoy_accel": 0.47026297852367444,
      "op_leverage_ratio": 1.4251136025409477,
      "fcf_margin_change": 0.29886133341324406
    }
  ],
  "signals": [
    {
      "quarter": "2025-09 (Q3)",
      "signal": "FCF MARGIN EXPANSION",
      "detail": "FCF margin: +23.0% -> +52.9% (+29.9%)",
      "severity": "MEDIUM"
    },
    {
      "quarter": "2025-09 (Q3)",
      "signal": "YoY REVENUE GROWTH ACCELERATION",
      "detail": "YoY growth: +62.7% vs prior quarter YoY: +15.7% (accel: +47.0%)",
      "severity": "HIGH"
    },
    {
      "quarter": "2025-09 (Q3)",
      "signal": "INCREMENTAL MARGIN (YoY)",
      "detail": "YoY Incr OPM: +51.0% vs year-ago OPM: +21.5%",
      "severity": "HIGH"
    },
    {
      "quarter": "2025-06 (Q2)",
      "signal": "OPERATING LEVERAGE",
      "detail": "Rev growth +37.0% vs OpEx growth +19.2% (leverage: 1.9x)",
      "severity": "MEDIUM"
    },
    {
      "quarter": "2025-06 (Q2)",
      "signal": "GROSS MARGIN INFLECTION",
      "detail": "GM: +42.3% -> +37.8% -> +42.9% (reversal +5.1%)",
      "severity": "HIGH"
    },
    {
      "quarter": "2025-06 (Q2)",
      "signal": "YoY REVENUE GROWTH ACCELERATION",
      "detail": "YoY growth: +15.7% vs prior quarter YoY: +7.3% (accel: +8.4%)",
      "severity": "MEDIUM"
    },
    {
      "quarter": "2025-03 (Q1)",
      "signal": "YoY REVENUE GROWTH DECELERATION",
      "detail": "YoY growth: +7.3% vs prior quarter YoY: +20.3% (decel: -13.0%)",
      "severity": "WARNING"
    },
    {
      "quarter": "2024-12 (Q4)",
      "signal": "OPERATING LEVERAGE",
      "detail": "Rev growth +5.4% vs OpEx growth +1.1% (leverage: 4.8x)",
      "severity": "MEDIUM"
    },
    {
      "quarter": "2024-12 (Q4)",
      "signal": "GROSS MARGIN INFLECTION",
      "detail": "GM: +44.6% -> +39.4% -> +42.3% (reversal +2.9%)",
      "severity": "MEDIUM"
    },
    {
      "quarter": "2024-12 (Q4)",
      "signal": "YoY REVENUE GROWTH ACCELERATION",
      "detail": "YoY growth: +20.3% vs prior quarter YoY: -2.3% (accel: +22.6%)",
      "severity": "HIGH"
    },
    {
      "quarter": "2024-12 (Q4)",
      "signal": "INCREMENTAL MARGIN (YoY)",
      "detail": "YoY Incr OPM: +47.9% vs year-ago OPM: +20.0%",
      "severity": "HIGH"
    },
    {
      "quarter": "2024-09 (Q3)",
      "signal": "FCF MARGIN EXPANSION",
      "detail": "FCF margin: +19.3% -> +26.2% (+6.9%)",
      "severity": "MEDIUM"
    },
    {
      "quarter": "2024-09 (Q3)",
      "signal": "YoY REVENUE GROWTH ACCELERATION",
      "detail": "YoY growth: -2.3% vs prior quarter YoY: -12.9% (accel: +10.6%)",
      "severity": "MEDIUM"
    },
    {
      "quarter": "2024-06 (Q2)",
      "signal": "OPERATING LEVERAGE",
      "detail": "Rev growth +27.1% vs OpEx growth +9.9% (leverage: 2.7x)",
      "severity": "MEDIUM"
    },
    {
      "quarter": "2024-06 (Q2)",
      "signal": "YoY REVENUE GROWTH DECELERATION",
      "detail": "YoY growth: -12.9% vs prior quarter YoY: +20.3% (decel: -33.2%)",
      "severity": "WARNING"
    },
    {
      "quarter": "2024-06 (Q2)",
      "signal": "INCREMENTAL MARGIN (YoY)",
      "detail": "YoY Incr OPM: +55.6% vs year-ago OPM: +32.6%",
      "severity": "HIGH"
    },
    {
      "quarter": "2024-03 (Q1)",
      "signal": "FCF MARGIN EXPANSION",
      "detail": "FCF margin: +11.3% -> +28.7% (+17.4%)",
      "severity": "MEDIUM"
    },
    {
      "quarter": "2024-03 (Q1)",
      "signal": "YoY REVENUE GROWTH DECELERATION",
      "detail": "YoY growth: +20.3% vs prior quarter YoY: +40.8% (decel: -20.5%)",
      "severity": "WARNING"
    },
    {
      "quarter": "2024-03 (Q1)",
      "signal": "INCREMENTAL MARGIN (YoY)",
      "detail": "YoY Incr OPM: +31.4% vs year-ago OPM: +15.5%",
      "severity": "MEDIUM"
    },
    {
      "quarter": "2023-12 (Q4)",
      "signal": "YoY REVENUE GROWTH DECELERATION",
      "detail": "YoY growth: +40.8% vs prior quarter YoY: +76.1% (decel: -35.3%)",
      "severity": "WARNING"
    },
    {
      "quarter": "2023-12 (Q4)",
      "signal": "INCREMENTAL MARGIN (YoY)",
      "detail": "YoY Incr OPM: +28.1% vs year-ago OPM: +16.7%",
      "severity": "MEDIUM"
    },
    {
      "quarter": "2023-09 (Q3)",
      "signal": "FCF MARGIN EXPANSION",
      "detail": "FCF margin: +25.6% -> +37.0% (+11.4%)",
      "severity": "MEDIUM"
    },
    {
      "quarter": "2023-09 (Q3)",
      "signal": "YoY REVENUE GROWTH DECELERATION",
      "detail": "YoY growth: +76.1% vs prior quarter YoY: +87.8% (decel: -11.7%)",
      "severity": "WARNING"
    },
    {
      "quarter": "2023-06 (Q2)",
      "signal": "OPERATING LEVERAGE",
      "detail": "Rev growth +75.6% vs OpEx growth +40.0% (leverage: 1.9x)",
      "severity": "MEDIUM"
    },
    {
      "quarter": "2023-06 (Q2)",
      "signal": "YoY REVENUE GROWTH ACCELERATION",
      "detail": "YoY growth: +87.8% vs prior quarter YoY: +12.5% (accel: +75.3%)",
      "severity": "HIGH"
    },
    {
      "quarter": "2023-06 (Q2)",
      "signal": "INCREMENTAL MARGIN (YoY)",
      "detail": "YoY Incr OPM: +38.4% vs year-ago OPM: +27.6%",
      "severity": "MEDIUM"
    },
    {
      "quarter": "2023-03 (Q1)",
      "signal": "YoY REVENUE GROWTH ACCELERATION",
      "detail": "YoY growth: +12.5% vs prior quarter YoY: -38.0% (accel: +50.6%)",
      "severity": "HIGH"
    },
    {
      "quarter": "2022-12 (Q4)",
      "signal": "FCF MARGIN EXPANSION",
      "detail": "FCF margin: +1.1% -> +22.7% (+21.6%)",
      "severity": "MEDIUM"
    },
    {
      "quarter": "2022-12 (Q4)",
      "signal": "YoY REVENUE GROWTH DECELERATION",
      "detail": "YoY growth: -38.0% vs prior quarter YoY: +6.6% (decel: -44.7%)",
      "severity": "WARNING"
    },
    {
      "quarter": "2022-12 (Q4)",
      "signal": "INCREMENTAL MARGIN (YoY)",
      "detail": "YoY Incr OPM: +83.9% vs year-ago OPM: +42.2%",
      "severity": "HIGH"
    },
    {
      "quarter": "2022-09 (Q3)",
      "signal": "YoY REVENUE GROWTH ACCELERATION",
      "detail": "YoY growth: +6.6% vs prior quarter YoY: -5.5% (accel: +12.2%)",
      "severity": "MEDIUM"
    },
    {
      "quarter": "2022-06 (Q2)",
      "signal": "YoY REVENUE GROWTH DECELERATION",
      "detail": "YoY growth: -5.5% vs prior quarter YoY: +57.1% (decel: -62.6%)",
      "severity": "WARNING"
    },
    {
      "quarter": "2022-06 (Q2)",
      "signal": "INCREMENTAL MARGIN (YoY)",
      "detail": "YoY Incr OPM: +299.4% vs year-ago OPM: +42.6%",
      "severity": "HIGH"
    },
    {
      "quarter": "2022-03 (Q1)",
      "signal": "INCREMENTAL MARGIN (YoY)",
      "detail": "YoY Incr OPM: +62.3% vs year-ago OPM: +13.4%",
      "severity": "HIGH"
    },
    {
      "quarter": "2021-12 (Q4)",
      "signal": "FCF MARGIN EXPANSION",
      "detail": "FCF margin: +30.5% -> +45.7% (+15.2%)",
      "severity": "MEDIUM"
    },
    {
      "quarter": "2021-12 (Q4)",
      "signal": "OPERATING LEVERAGE",
      "detail": "Rev growth +84.2% vs OpEx growth +51.8% (leverage: 1.6x)",
      "severity": "MEDIUM"
    },
    {
      "quarter": "2021-06 (Q2)",
      "signal": "FCF MARGIN EXPANSION",
      "detail": "FCF margin: +21.8% -> +50.5% (+28.7%)",
      "severity": "MEDIUM"
    },
    {
      "quarter": "2021-06 (Q2)",
      "signal": "OPERATING LEVERAGE",
      "detail": "Rev growth +74.9% vs OpEx growth +16.0% (leverage: 4.7x)",
      "severity": "MEDIUM"
    }
  ],
  "data_quality": {
    "n_quarters": 20,
    "coverage": {
      "revenue": [
        20,
        20
      ],
      "gross_profit": [
        7,
        20
      ],
      "op_income": [
        20,
        20
      ],
      "fcf": [
        20,
        20
      ]
    },
    "gaps": [],
    "warnings": [
      "gross_profit: 7/20Q"
    ]
  },
  "market_cap": null,
  "source": "SEC EDGAR",
  "last_updated": "2026-02-02T21:15:12.030963",
  "sector": "Real Estate",
  "industry": "Real Estate - Diversified"
}