{
  "ticker": "JOUT",
  "name": "Johnson Outdoors Inc.",
  "quarters": [
    {
      "date": "2021-01-01T00:00:00",
      "quarter_label": "2021-01 (Q1)",
      "revenue": 165667000,
      "gross_profit": 75030000,
      "operating_income": 23557000,
      "net_income": 19847000,
      "opex": 51473000,
      "cogs": 90637000,
      "rd": 6049000,
      "sga": null,
      "fcf": -11238000,
      "ocf": -11238000,
      "capex": null,
      "gross_margin": 0.4528964730453259,
      "op_margin": 0.14219488491974866,
      "fcf_margin": -0.06783487357168295
    },
    {
      "date": "2021-04-02T00:00:00",
      "quarter_label": "2021-04 (Q2)",
      "revenue": 206156000,
      "gross_profit": 93254000,
      "operating_income": 36036000,
      "net_income": 27834000,
      "opex": 57218000,
      "cogs": 112902000,
      "rd": 6839000,
      "sga": null,
      "fcf": -717000,
      "ocf": -717000,
      "capex": null,
      "gross_margin": 0.4523467665263199,
      "op_margin": 0.17479966627214344,
      "fcf_margin": -0.0034779487378490074,
      "op_leverage_ratio": 2.189729608636466,
      "fcf_margin_change": 0.06435692483383394
    },
    {
      "date": "2021-07-02T00:00:00",
      "quarter_label": "2021-07 (Q3)",
      "revenue": 213568000,
      "gross_profit": 97511000,
      "operating_income": 38099000,
      "net_income": 28774000,
      "opex": 59412000,
      "cogs": 116057000,
      "rd": 6162000,
      "sga": null,
      "fcf": 69566000,
      "ocf": 69566000,
      "capex": null,
      "gross_margin": 0.4565805738687444,
      "op_margin": 0.17839283038657477,
      "fcf_margin": 0.32573231944860653,
      "op_leverage_ratio": 0.9376386085159325,
      "fcf_margin_change": 0.32921026818645555
    },
    {
      "date": "2021-10-01T00:00:00",
      "quarter_label": "2021-10 (Q4)",
      "revenue": 166260000,
      "gross_profit": 68330000,
      "operating_income": 13591000,
      "net_income": 6926000,
      "opex": 54739000,
      "cogs": 97930000,
      "rd": 6650000,
      "sga": null,
      "fcf": 707000,
      "ocf": 707000,
      "capex": null,
      "gross_margin": 0.41098279802718635,
      "op_margin": 0.08174545891976423,
      "fcf_margin": 0.004252375796944544,
      "fcf_margin_change": -0.321479943651662
    },
    {
      "date": "2021-12-31T00:00:00",
      "quarter_label": "2021-12 (Q4)",
      "revenue": 153524000,
      "gross_profit": 60631000,
      "operating_income": 13760000,
      "net_income": 10856000,
      "opex": 46871000,
      "cogs": 92893000,
      "rd": 6409000,
      "sga": null,
      "fcf": -62773000,
      "ocf": -62773000,
      "capex": null,
      "gross_margin": 0.39492848023761756,
      "op_margin": 0.08962768036267946,
      "fcf_margin": -0.4088806961777963,
      "incr_op_margin_yoy": 0.8068022729144363,
      "rev_growth_yoy": -0.0732976392401625,
      "fcf_margin_change": -0.41313307197474086
    },
    {
      "date": "2022-04-01T00:00:00",
      "quarter_label": "2022-04 (Q2)",
      "revenue": 189623000,
      "gross_profit": 68585000,
      "operating_income": 15429000,
      "net_income": 9900000,
      "opex": 53156000,
      "cogs": 121038000,
      "rd": 7216000,
      "sga": null,
      "fcf": -41875000,
      "ocf": -41875000,
      "capex": null,
      "gross_margin": 0.36169135600639163,
      "op_margin": 0.08136671184402736,
      "fcf_margin": -0.22083291583826856,
      "incr_op_margin_yoy": 1.2464162583923062,
      "rev_growth_yoy": -0.08019655018529658,
      "rev_growth_yoy_accel": -0.006898910945134076,
      "op_leverage_ratio": 1.7535486992339522,
      "fcf_margin_change": 0.18804778033952776
    },
    {
      "date": "2022-07-01T00:00:00",
      "quarter_label": "2022-07 (Q3)",
      "revenue": 203819000,
      "gross_profit": 73509000,
      "operating_income": 23799000,
      "net_income": 14082000,
      "opex": 49710000,
      "cogs": 130310000,
      "rd": 6614000,
      "sga": null,
      "fcf": 18235000,
      "ocf": 18235000,
      "capex": null,
      "gross_margin": 0.3606582310775737,
      "op_margin": 0.1167653653486672,
      "fcf_margin": 0.08946663461208229,
      "incr_op_margin_yoy": 1.4668171094471227,
      "rev_growth_yoy": -0.045648224453101585,
      "rev_growth_yoy_accel": 0.03454832573219499,
      "op_leverage_ratio": Infinity,
      "fcf_margin_change": 0.31029955045035085
    },
    {
      "date": "2022-09-30T00:00:00",
      "quarter_label": "2022-09 (Q3)",
      "revenue": 196389000,
      "gross_profit": 68607000,
      "operating_income": 13322000,
      "net_income": 9653000,
      "opex": 55285000,
      "cogs": 127782000,
      "rd": 7473000,
      "sga": null,
      "fcf": 24269000,
      "ocf": 24269000,
      "capex": null,
      "gross_margin": 0.3493423766096879,
      "op_margin": 0.06783475652913351,
      "fcf_margin": 0.12357616770796735,
      "incr_op_margin_yoy": -0.0089282750838063,
      "rev_growth_yoy": 0.18121616744857452,
      "rev_growth_yoy_accel": 0.22686439190167612,
      "fcf_margin_change": 0.03410953309588506
    },
    {
      "date": "2022-12-30T00:00:00",
      "quarter_label": "2022-12 (Q4)",
      "revenue": 178337000,
      "gross_profit": 62779000,
      "operating_income": 5472000,
      "net_income": 5879000,
      "opex": 57307000,
      "cogs": 115558000,
      "rd": 7525000,
      "sga": null,
      "fcf": -17570000,
      "ocf": -17570000,
      "capex": null,
      "gross_margin": 0.3520245378132412,
      "op_margin": 0.03068348127421679,
      "fcf_margin": -0.09852133881359448,
      "incr_op_margin_yoy": -0.3340184580663362,
      "rev_growth_yoy": 0.16162293843307887,
      "rev_growth_yoy_accel": -0.01959322901549565,
      "fcf_margin_change": -0.22209750652156185
    },
    {
      "date": "2023-03-31T00:00:00",
      "quarter_label": "2023-03 (Q1)",
      "revenue": 202115000,
      "gross_profit": 75335000,
      "operating_income": 11390000,
      "net_income": 14861000,
      "opex": 63945000,
      "cogs": 126780000,
      "rd": 8340000,
      "sga": null,
      "fcf": -525000,
      "ocf": -525000,
      "capex": null,
      "gross_margin": 0.37273334487791604,
      "op_margin": 0.05635405585928803,
      "fcf_margin": -0.0025975311085273236,
      "incr_op_margin_yoy": -0.32332692923471024,
      "rev_growth_yoy": 0.06587808440959167,
      "rev_growth_yoy_accel": -0.0957448540234872,
      "op_leverage_ratio": 1.151076776496674,
      "fcf_margin_change": 0.09592380770506716
    },
    {
      "date": "2023-06-30T00:00:00",
      "quarter_label": "2023-06 (Q2)",
      "revenue": 187047000,
      "gross_profit": 77587000,
      "operating_income": 17443000,
      "net_income": 14801000,
      "opex": 60144000,
      "cogs": 109460000,
      "rd": 8002000,
      "sga": null,
      "fcf": 63305000,
      "ocf": 63305000,
      "capex": null,
      "gross_margin": 0.41479948889851215,
      "op_margin": 0.09325463653520238,
      "fcf_margin": 0.33844434821194674,
      "incr_op_margin_yoy": 0.3789649415692821,
      "rev_growth_yoy": -0.08228869732458702,
      "rev_growth_yoy_accel": -0.1481667817341787,
      "fcf_margin_change": 0.3410418793204741
    },
    {
      "date": "2023-09-29T00:00:00",
      "quarter_label": "2023-09 (Q3)",
      "revenue": 96345000,
      "gross_profit": 28386000,
      "operating_income": -22565000,
      "net_income": -16007000,
      "opex": 50951000,
      "cogs": 67959000,
      "rd": 7537000,
      "sga": null,
      "fcf": -3497000,
      "ocf": -3497000,
      "capex": null,
      "gross_margin": 0.2946286781877627,
      "op_margin": -0.23421038974518657,
      "fcf_margin": -0.036296642275156984,
      "incr_op_margin_yoy": 0.3587121666466755,
      "rev_growth_yoy": -0.5094175335685808,
      "rev_growth_yoy_accel": -0.4271288362439938,
      "fcf_margin_change": -0.37474099048710374
    },
    {
      "date": "2023-12-29T00:00:00",
      "quarter_label": "2023-12 (Q4)",
      "revenue": 138644000,
      "gross_profit": 52854000,
      "operating_income": 46000,
      "net_income": 3955000,
      "opex": 52808000,
      "cogs": 85790000,
      "rd": 8065000,
      "sga": null,
      "fcf": -33687000,
      "ocf": -33687000,
      "capex": null,
      "gross_margin": 0.3812209688122097,
      "op_margin": 0.00033178500331785003,
      "fcf_margin": -0.2429748131906177,
      "incr_op_margin_yoy": 0.13669916609981608,
      "rev_growth_yoy": -0.22257299382629517,
      "rev_growth_yoy_accel": 0.28684453974228563,
      "op_leverage_ratio": 12.045968623853431,
      "fcf_margin_change": -0.2066781709154607
    },
    {
      "date": "2024-03-29T00:00:00",
      "quarter_label": "2024-03 (Q1)",
      "revenue": 175856000,
      "gross_profit": 61431000,
      "operating_income": -253000,
      "net_income": 2156000,
      "opex": 61684000,
      "cogs": 114425000,
      "rd": 8129000,
      "sga": null,
      "fcf": -18077000,
      "ocf": -18077000,
      "capex": null,
      "gross_margin": 0.349325584569193,
      "op_margin": -0.0014386770994450004,
      "fcf_margin": -0.1027943317259576,
      "incr_op_margin_yoy": 0.44339083742716784,
      "rev_growth_yoy": -0.12992108453108378,
      "rev_growth_yoy_accel": 0.09265190929521139,
      "op_leverage_ratio": 1.5968508683975307,
      "fcf_margin_change": 0.1401804814646601
    },
    {
      "date": "2024-06-28T00:00:00",
      "quarter_label": "2024-06 (Q2)",
      "revenue": 172472000,
      "gross_profit": 61822000,
      "operating_income": -506000,
      "net_income": 1622000,
      "opex": 62328000,
      "cogs": 110650000,
      "rd": 7284000,
      "sga": null,
      "fcf": 73663000,
      "ocf": 73663000,
      "capex": null,
      "gross_margin": 0.3584465884317454,
      "op_margin": -0.002933809545897305,
      "fcf_margin": 0.42710121063129086,
      "incr_op_margin_yoy": 1.231492281303602,
      "rev_growth_yoy": -0.0779215918993622,
      "rev_growth_yoy_accel": 0.051999492631721586,
      "fcf_margin_change": 0.5298955423572485
    },
    {
      "date": "2024-09-27T00:00:00",
      "quarter_label": "2024-09 (Q3)",
      "revenue": 105874000,
      "gross_profit": 24873000,
      "operating_income": -42809000,
      "net_income": -34266000,
      "opex": 67682000,
      "cogs": 81001000,
      "rd": 7644000,
      "sga": null,
      "fcf": 19085000,
      "ocf": 19085000,
      "capex": null,
      "gross_margin": 0.234930200049115,
      "op_margin": -0.40433912008614015,
      "fcf_margin": 0.18026144284715795,
      "incr_op_margin_yoy": -2.1244621681183755,
      "rev_growth_yoy": 0.09890497690591105,
      "rev_growth_yoy_accel": 0.17682656880527325,
      "fcf_margin_change": -0.2468397677841329
    },
    {
      "date": "2024-12-27T00:00:00",
      "quarter_label": "2024-12 (Q4)",
      "revenue": 107649000,
      "gross_profit": 32183000,
      "operating_income": -20239000,
      "net_income": -15290000,
      "opex": 52422000,
      "cogs": 75466000,
      "rd": 7562000,
      "sga": null,
      "fcf": -36909000,
      "ocf": -36909000,
      "capex": null,
      "gross_margin": 0.29896236843816476,
      "op_margin": -0.18800917797657202,
      "fcf_margin": -0.34286430900426385,
      "incr_op_margin_yoy": 0.6544603968381997,
      "rev_growth_yoy": -0.22355817777906004,
      "rev_growth_yoy_accel": -0.3224631546849711,
      "op_leverage_ratio": Infinity,
      "fcf_margin_change": -0.5231257518514218
    },
    {
      "date": "2025-03-28T00:00:00",
      "quarter_label": "2025-03 (Q1)",
      "revenue": 168349000,
      "gross_profit": 58866000,
      "operating_income": 4901000,
      "net_income": 2304000,
      "opex": 53965000,
      "cogs": 109483000,
      "rd": 8086000,
      "sga": null,
      "fcf": -1657000,
      "ocf": -1657000,
      "capex": null,
      "gross_margin": 0.3496664666852788,
      "op_margin": 0.029112142038265745,
      "fcf_margin": -0.009842648307979257,
      "incr_op_margin_yoy": -0.6865592114026908,
      "rev_growth_yoy": -0.042688335911200075,
      "rev_growth_yoy_accel": 0.18086984186785995,
      "op_leverage_ratio": 19.15694936317208,
      "fcf_margin_change": 0.3330216606962846
    },
    {
      "date": "2025-06-27T00:00:00",
      "quarter_label": "2025-06 (Q2)",
      "revenue": 180655000,
      "gross_profit": 67927000,
      "operating_income": 7330000,
      "net_income": 7742000,
      "opex": 60597000,
      "cogs": 112728000,
      "rd": 7621000,
      "sga": null,
      "fcf": 71376000,
      "ocf": 71376000,
      "capex": null,
      "gross_margin": 0.3760039854972185,
      "op_margin": 0.04057457584899394,
      "fcf_margin": 0.3950956242561789,
      "incr_op_margin_yoy": 0.9575950140535257,
      "rev_growth_yoy": 0.04744538243888863,
      "rev_growth_yoy_accel": 0.09013371835008871,
      "op_leverage_ratio": 0.5948042097566559,
      "fcf_margin_change": 0.40493827256415815
    },
    {
      "date": "2025-10-03T00:00:00",
      "quarter_label": "2025-10 (Q4)",
      "revenue": 135762000,
      "gross_profit": 49117000,
      "operating_income": -8183000,
      "net_income": -29050000,
      "opex": 57300000,
      "cogs": 86645000,
      "rd": 8933000,
      "sga": null,
      "fcf": 23396000,
      "ocf": 23396000,
      "capex": null,
      "gross_margin": 0.36178753995963525,
      "op_margin": -0.060274598193898146,
      "fcf_margin": 0.17233099099895405,
      "incr_op_margin_yoy": 1.1585251605995717,
      "rev_growth_yoy": 0.28229782571736217,
      "rev_growth_yoy_accel": 0.23485244327847354,
      "fcf_margin_change": -0.22276463325722484
    }
  ],
  "signals": [
    {
      "quarter": "2025-10 (Q4)",
      "signal": "YoY REVENUE GROWTH ACCELERATION",
      "detail": "YoY growth: +28.2% vs prior quarter YoY: +4.7% (accel: +23.5%)",
      "severity": "HIGH"
    },
    {
      "quarter": "2025-06 (Q2)",
      "signal": "FCF TURNED POSITIVE",
      "detail": "FCF margin: -1.0% -> +39.5%",
      "severity": "HIGH"
    },
    {
      "quarter": "2025-06 (Q2)",
      "signal": "YoY REVENUE GROWTH ACCELERATION",
      "detail": "YoY growth: +4.7% vs prior quarter YoY: -4.3% (accel: +9.0%)",
      "severity": "MEDIUM"
    },
    {
      "quarter": "2025-06 (Q2)",
      "signal": "OP MARGIN TURNED POSITIVE (YoY)",
      "detail": "Op margin: -0.3% (year-ago) -> +4.1%",
      "severity": "HIGH"
    },
    {
      "quarter": "2025-03 (Q1)",
      "signal": "FCF MARGIN EXPANSION",
      "detail": "FCF margin: -34.3% -> -1.0% (+33.3%)",
      "severity": "MEDIUM"
    },
    {
      "quarter": "2025-03 (Q1)",
      "signal": "OPERATING LEVERAGE",
      "detail": "Rev growth +56.4% vs OpEx growth +2.9% (leverage: 19.2x)",
      "severity": "MEDIUM"
    },
    {
      "quarter": "2025-03 (Q1)",
      "signal": "YoY REVENUE GROWTH ACCELERATION",
      "detail": "YoY growth: -4.3% vs prior quarter YoY: -22.4% (accel: +18.1%)",
      "severity": "HIGH"
    },
    {
      "quarter": "2025-03 (Q1)",
      "signal": "OP MARGIN TURNED POSITIVE (YoY)",
      "detail": "Op margin: -0.1% (year-ago) -> +2.9%",
      "severity": "HIGH"
    },
    {
      "quarter": "2025-03 (Q1)",
      "signal": "OP MARGIN TURNED POSITIVE (QoQ)",
      "detail": "Op margin: -18.8% -> +2.9%",
      "severity": "HIGH"
    },
    {
      "quarter": "2024-12 (Q4)",
      "signal": "GROSS MARGIN INFLECTION",
      "detail": "GM: +35.8% -> +23.5% -> +29.9% (reversal +6.4%)",
      "severity": "HIGH"
    },
    {
      "quarter": "2024-12 (Q4)",
      "signal": "YoY REVENUE GROWTH DECELERATION",
      "detail": "YoY growth: -22.4% vs prior quarter YoY: +9.9% (decel: -32.2%)",
      "severity": "WARNING"
    },
    {
      "quarter": "2024-09 (Q3)",
      "signal": "YoY REVENUE GROWTH ACCELERATION",
      "detail": "YoY growth: +9.9% vs prior quarter YoY: -7.8% (accel: +17.7%)",
      "severity": "HIGH"
    },
    {
      "quarter": "2024-06 (Q2)",
      "signal": "FCF TURNED POSITIVE",
      "detail": "FCF margin: -10.3% -> +42.7%",
      "severity": "HIGH"
    },
    {
      "quarter": "2024-06 (Q2)",
      "signal": "YoY REVENUE GROWTH ACCELERATION",
      "detail": "YoY growth: -7.8% vs prior quarter YoY: -13.0% (accel: +5.2%)",
      "severity": "MEDIUM"
    },
    {
      "quarter": "2024-03 (Q1)",
      "signal": "FCF MARGIN EXPANSION",
      "detail": "FCF margin: -24.3% -> -10.3% (+14.0%)",
      "severity": "MEDIUM"
    },
    {
      "quarter": "2024-03 (Q1)",
      "signal": "OPERATING LEVERAGE",
      "detail": "Rev growth +26.8% vs OpEx growth +16.8% (leverage: 1.6x)",
      "severity": "MEDIUM"
    },
    {
      "quarter": "2024-03 (Q1)",
      "signal": "YoY REVENUE GROWTH ACCELERATION",
      "detail": "YoY growth: -13.0% vs prior quarter YoY: -22.3% (accel: +9.3%)",
      "severity": "MEDIUM"
    },
    {
      "quarter": "2023-12 (Q4)",
      "signal": "OPERATING LEVERAGE",
      "detail": "Rev growth +43.9% vs OpEx growth +3.6% (leverage: 12.0x)",
      "severity": "MEDIUM"
    },
    {
      "quarter": "2023-12 (Q4)",
      "signal": "GROSS MARGIN INFLECTION",
      "detail": "GM: +41.5% -> +29.5% -> +38.1% (reversal +8.7%)",
      "severity": "HIGH"
    },
    {
      "quarter": "2023-12 (Q4)",
      "signal": "YoY REVENUE GROWTH ACCELERATION",
      "detail": "YoY growth: -22.3% vs prior quarter YoY: -50.9% (accel: +28.7%)",
      "severity": "HIGH"
    },
    {
      "quarter": "2023-12 (Q4)",
      "signal": "INCREMENTAL MARGIN (YoY)",
      "detail": "YoY Incr OPM: +13.7% vs year-ago OPM: +3.1%",
      "severity": "MEDIUM"
    },
    {
      "quarter": "2023-12 (Q4)",
      "signal": "OP MARGIN TURNED POSITIVE (QoQ)",
      "detail": "Op margin: -23.4% -> +0.0%",
      "severity": "HIGH"
    },
    {
      "quarter": "2023-09 (Q3)",
      "signal": "YoY REVENUE GROWTH DECELERATION",
      "detail": "YoY growth: -50.9% vs prior quarter YoY: -8.2% (decel: -42.7%)",
      "severity": "WARNING"
    },
    {
      "quarter": "2023-06 (Q2)",
      "signal": "FCF TURNED POSITIVE",
      "detail": "FCF margin: -0.3% -> +33.8%",
      "severity": "HIGH"
    },
    {
      "quarter": "2023-06 (Q2)",
      "signal": "YoY REVENUE GROWTH DECELERATION",
      "detail": "YoY growth: -8.2% vs prior quarter YoY: +6.6% (decel: -14.8%)",
      "severity": "WARNING"
    },
    {
      "quarter": "2023-06 (Q2)",
      "signal": "INCREMENTAL MARGIN (YoY)",
      "detail": "YoY Incr OPM: +37.9% vs year-ago OPM: +11.7%",
      "severity": "HIGH"
    },
    {
      "quarter": "2023-03 (Q1)",
      "signal": "FCF MARGIN EXPANSION",
      "detail": "FCF margin: -9.9% -> -0.3% (+9.6%)",
      "severity": "MEDIUM"
    },
    {
      "quarter": "2023-03 (Q1)",
      "signal": "YoY REVENUE GROWTH DECELERATION",
      "detail": "YoY growth: +6.6% vs prior quarter YoY: +16.2% (decel: -9.6%)",
      "severity": "WARNING"
    },
    {
      "quarter": "2022-09 (Q3)",
      "signal": "YoY REVENUE GROWTH ACCELERATION",
      "detail": "YoY growth: +18.1% vs prior quarter YoY: -4.6% (accel: +22.7%)",
      "severity": "HIGH"
    },
    {
      "quarter": "2022-07 (Q3)",
      "signal": "FCF TURNED POSITIVE",
      "detail": "FCF margin: -22.1% -> +8.9%",
      "severity": "HIGH"
    },
    {
      "quarter": "2022-07 (Q3)",
      "signal": "INCREMENTAL MARGIN (YoY)",
      "detail": "YoY Incr OPM: +146.7% vs year-ago OPM: +17.8%",
      "severity": "HIGH"
    },
    {
      "quarter": "2022-04 (Q2)",
      "signal": "FCF MARGIN EXPANSION",
      "detail": "FCF margin: -40.9% -> -22.1% (+18.8%)",
      "severity": "MEDIUM"
    },
    {
      "quarter": "2022-04 (Q2)",
      "signal": "OPERATING LEVERAGE",
      "detail": "Rev growth +23.5% vs OpEx growth +13.4% (leverage: 1.8x)",
      "severity": "MEDIUM"
    },
    {
      "quarter": "2022-04 (Q2)",
      "signal": "INCREMENTAL MARGIN (YoY)",
      "detail": "YoY Incr OPM: +124.6% vs year-ago OPM: +17.5%",
      "severity": "HIGH"
    },
    {
      "quarter": "2021-12 (Q4)",
      "signal": "INCREMENTAL MARGIN (YoY)",
      "detail": "YoY Incr OPM: +80.7% vs year-ago OPM: +14.2%",
      "severity": "HIGH"
    },
    {
      "quarter": "2021-07 (Q3)",
      "signal": "FCF TURNED POSITIVE",
      "detail": "FCF margin: -0.3% -> +32.6%",
      "severity": "HIGH"
    },
    {
      "quarter": "2021-04 (Q2)",
      "signal": "FCF MARGIN EXPANSION",
      "detail": "FCF margin: -6.8% -> -0.3% (+6.4%)",
      "severity": "MEDIUM"
    },
    {
      "quarter": "2021-04 (Q2)",
      "signal": "OPERATING LEVERAGE",
      "detail": "Rev growth +24.4% vs OpEx growth +11.2% (leverage: 2.2x)",
      "severity": "MEDIUM"
    }
  ],
  "data_quality": {
    "n_quarters": 20,
    "coverage": {
      "revenue": [
        20,
        20
      ],
      "gross_profit": [
        20,
        20
      ],
      "op_income": [
        20,
        20
      ],
      "fcf": [
        20,
        20
      ]
    },
    "gaps": [],
    "warnings": []
  },
  "market_cap": null,
  "source": "SEC EDGAR",
  "last_updated": "2026-02-02T22:27:46.328672",
  "sector": "Consumer Cyclical",
  "industry": "Leisure"
}