{
  "ticker": "JRSH",
  "name": "Jerash Holdings (US), Inc.",
  "sector": "Consumer Cyclical",
  "industry": "Apparel Manufacturing",
  "quarters": [
    {
      "date": "2021-03-31T00:00:00",
      "quarter_label": "2021-03 (Q1)",
      "revenue": 23756363,
      "gross_profit": 4654193,
      "operating_income": 1149846,
      "net_income": 681432,
      "opex": 3504347,
      "cogs": 19102170,
      "rd": null,
      "sga": 3480247,
      "fcf": -5540827,
      "ocf": -5203673,
      "capex": -337154,
      "gross_margin": 0.1959135327238433,
      "op_margin": 0.0484016008679443,
      "fcf_margin": -0.2332354914765362
    },
    {
      "date": "2021-06-30T00:00:00",
      "quarter_label": "2021-06 (Q2)",
      "revenue": 29888692,
      "gross_profit": 5630942,
      "operating_income": 2316194,
      "net_income": 1934666,
      "opex": 3314748,
      "cogs": 24257750,
      "rd": null,
      "sga": 3314231,
      "fcf": -12083814,
      "ocf": -11457134,
      "capex": -626680,
      "gross_margin": 0.18839707003571785,
      "op_margin": 0.07749399003475964,
      "fcf_margin": -0.4042938379504864,
      "op_leverage_ratio": null,
      "fcf_margin_change": -0.1710583464739502
    },
    {
      "date": "2021-09-30T00:00:00",
      "quarter_label": "2021-09 (Q3)",
      "revenue": 45711166,
      "gross_profit": 10104579,
      "operating_income": 5565612,
      "net_income": 4440725,
      "opex": 4538967,
      "cogs": 35606587,
      "rd": null,
      "sga": 4223671,
      "fcf": 20700625,
      "ocf": 21680364,
      "capex": -979739,
      "gross_margin": 0.22105275109368244,
      "op_margin": 0.12175607159091063,
      "fcf_margin": 0.45285707654011714,
      "op_leverage_ratio": 1.4333718883917677,
      "fcf_margin_change": 0.8571509144906035
    },
    {
      "date": "2021-12-31T00:00:00",
      "quarter_label": "2021-12 (Q4)",
      "revenue": 36815023,
      "gross_profit": 6910736,
      "operating_income": 2331839,
      "net_income": 1674089,
      "opex": 4578897,
      "cogs": 29904287,
      "rd": null,
      "sga": 4259796,
      "fcf": 3639731,
      "ocf": 4350639,
      "capex": -710908,
      "gross_margin": 0.18771510749837098,
      "op_margin": 0.06333933296741387,
      "fcf_margin": 0.09886537351884854,
      "fcf_margin_change": -0.3539917030212686
    },
    {
      "date": "2022-03-31T00:00:00",
      "quarter_label": "2022-03 (Q1)",
      "revenue": 30940021,
      "gross_profit": 4685378,
      "operating_income": 274913,
      "net_income": -129880,
      "opex": 4410465,
      "cogs": 26254643,
      "rd": null,
      "sga": 4098300,
      "fcf": -6248325,
      "ocf": -5610324,
      "capex": -638001,
      "gross_margin": 0.15143422171562199,
      "op_margin": 0.008885352728105776,
      "fcf_margin": -0.20194960436516834,
      "incr_op_margin_yoy": -0.12179491284245436,
      "rev_growth_yoy": 0.3023887957933628,
      "fcf_margin_change": -0.3008149778840169
    },
    {
      "date": "2022-06-30T00:00:00",
      "quarter_label": "2022-06 (Q2)",
      "revenue": 33436561,
      "gross_profit": 6622367,
      "operating_income": 2221005,
      "net_income": 1721382,
      "opex": 4401362,
      "cogs": 26814194,
      "rd": null,
      "sga": 4106540,
      "fcf": -623999,
      "ocf": -472736,
      "capex": -151263,
      "gross_margin": 0.19805765909957068,
      "op_margin": 0.06642444478665135,
      "fcf_margin": -0.01866217641222134,
      "incr_op_margin_yoy": -0.02682990831961383,
      "rev_growth_yoy": 0.11870271874058591,
      "rev_growth_yoy_accel": -0.1836860770527769,
      "op_leverage_ratio": null,
      "fcf_margin_change": 0.183287427952947
    },
    {
      "date": "2022-09-30T00:00:00",
      "quarter_label": "2022-09 (Q3)",
      "revenue": 37825695,
      "gross_profit": 6917787,
      "operating_income": 2609703,
      "net_income": 1791752,
      "opex": 4308084,
      "cogs": 30907908,
      "rd": null,
      "sga": 4308084,
      "fcf": 9882156,
      "ocf": 10110493,
      "capex": -228337,
      "gross_margin": 0.18288591921443875,
      "op_margin": 0.06899286318466852,
      "fcf_margin": 0.2612551071434378,
      "incr_op_margin_yoy": 0.3748550974317197,
      "rev_growth_yoy": -0.17250645061208897,
      "rev_growth_yoy_accel": -0.2912091693526749,
      "op_leverage_ratio": null,
      "fcf_margin_change": 0.27991728355565915
    },
    {
      "date": "2022-12-31T00:00:00",
      "quarter_label": "2022-12 (Q4)",
      "revenue": 43027047,
      "gross_profit": 5796626,
      "operating_income": 1326659,
      "net_income": 890818,
      "opex": 4469967,
      "cogs": 37230421,
      "rd": null,
      "sga": 4469967,
      "fcf": 12617,
      "ocf": 220630,
      "capex": -208013,
      "gross_margin": 0.1347205166090064,
      "op_margin": 0.030833140838133745,
      "fcf_margin": 0.00029323416036429364,
      "incr_op_margin_yoy": -0.1618119955750332,
      "rev_growth_yoy": 0.16873611623168075,
      "rev_growth_yoy_accel": 0.34124256684376975,
      "op_leverage_ratio": 3.659419919117866,
      "fcf_margin_change": -0.2609618729830735
    },
    {
      "date": "2023-03-31T00:00:00",
      "quarter_label": "2023-03 (Q1)",
      "revenue": 23774006,
      "gross_profit": 2452960,
      "operating_income": -1830347,
      "net_income": -1984329,
      "opex": 4283307,
      "cogs": 21321046,
      "rd": null,
      "sga": 4164229,
      "fcf": 813590,
      "ocf": 948747,
      "capex": -135157,
      "gross_margin": 0.10317823592708776,
      "op_margin": -0.07698942281750917,
      "fcf_margin": 0.03422183034697644,
      "incr_op_margin_yoy": 0.2937839231427788,
      "rev_growth_yoy": -0.23160989451170702,
      "rev_growth_yoy_accel": -0.40034601074338777,
      "fcf_margin_change": 0.03392859618661215
    },
    {
      "date": "2023-06-30T00:00:00",
      "quarter_label": "2023-06 (Q2)",
      "revenue": 34735657,
      "gross_profit": 5567540,
      "operating_income": 1091820,
      "net_income": 495115,
      "opex": 4475720,
      "cogs": 29168117,
      "rd": null,
      "sga": 4234918,
      "fcf": -36486,
      "ocf": 24772,
      "capex": -61258,
      "gross_margin": 0.16028313499295552,
      "op_margin": 0.031432254181920326,
      "fcf_margin": -0.0010503903812730533,
      "incr_op_margin_yoy": -0.8692082802194757,
      "rev_growth_yoy": 0.03885256022591558,
      "rev_growth_yoy_accel": 0.2704624547376226,
      "op_leverage_ratio": 10.264041393488847,
      "fcf_margin_change": -0.035272220728249495
    },
    {
      "date": "2023-09-30T00:00:00",
      "quarter_label": "2023-09 (Q3)",
      "revenue": 33357108,
      "gross_profit": 5372031,
      "operating_income": 887995,
      "net_income": 365617,
      "opex": 4484036,
      "cogs": 27985077,
      "rd": null,
      "sga": 4240588,
      "fcf": 7579488,
      "ocf": 8154108,
      "capex": -574620,
      "gross_margin": 0.16104606550423975,
      "op_margin": 0.026620862935719726,
      "fcf_margin": 0.22722257577005778,
      "incr_op_margin_yoy": 0.3852913683900526,
      "rev_growth_yoy": -0.11813628275699892,
      "rev_growth_yoy_accel": -0.1569888429829145,
      "fcf_margin_change": 0.22827296615133083
    },
    {
      "date": "2023-12-31T00:00:00",
      "quarter_label": "2023-12 (Q4)",
      "revenue": 27520121,
      "gross_profit": 4462276,
      "operating_income": 375799,
      "net_income": 220713,
      "opex": 4086477,
      "cogs": 23057845,
      "rd": null,
      "sga": 3843029,
      "fcf": -500353,
      "ocf": -311926,
      "capex": -188427,
      "gross_margin": 0.16214594405308028,
      "op_margin": 0.013655426878391995,
      "fcf_margin": -0.018181351746236873,
      "incr_op_margin_yoy": 0.06131840701374341,
      "rev_growth_yoy": -0.3603994947643049,
      "rev_growth_yoy_accel": -0.24226321200730597,
      "fcf_margin_change": -0.24540392751629464
    },
    {
      "date": "2024-03-31T00:00:00",
      "quarter_label": "2024-03 (Q1)",
      "revenue": 21574454,
      "gross_profit": 1500502,
      "operating_income": -3020569,
      "net_income": -3088758,
      "opex": 4521071,
      "cogs": 20073952,
      "rd": null,
      "sga": 4262721,
      "fcf": -5799334,
      "ocf": -5382413,
      "capex": -416921,
      "gross_margin": 0.0695499408698825,
      "op_margin": -0.14000674130617627,
      "fcf_margin": -0.2688055975831416,
      "incr_op_margin_yoy": 0.5411201917481379,
      "rev_growth_yoy": -0.09251919933056296,
      "rev_growth_yoy_accel": 0.2678802954337419,
      "fcf_margin_change": -0.25062424583690474
    },
    {
      "date": "2024-06-30T00:00:00",
      "quarter_label": "2024-06 (Q2)",
      "revenue": 40935716,
      "gross_profit": 4639871,
      "operating_income": -828808,
      "net_income": -1345216,
      "opex": 5468679,
      "cogs": 36295845,
      "rd": null,
      "sga": 4999744,
      "fcf": -2331219,
      "ocf": -2200948,
      "capex": -130271,
      "gross_margin": 0.11334529973776444,
      "op_margin": -0.02024657392092519,
      "fcf_margin": -0.05694828936178861,
      "incr_op_margin_yoy": -0.3097757618112989,
      "rev_growth_yoy": 0.17849263654348038,
      "rev_growth_yoy_accel": 0.2710118358740433,
      "op_leverage_ratio": 4.281603603453543,
      "fcf_margin_change": 0.21185730822135299
    },
    {
      "date": "2024-09-30T00:00:00",
      "quarter_label": "2024-09 (Q3)",
      "revenue": 40240127,
      "gross_profit": 7057883,
      "operating_income": 1134409,
      "net_income": 655288,
      "opex": 5923474,
      "cogs": 33182244,
      "rd": null,
      "sga": 5449386,
      "fcf": 4409601,
      "ocf": 4627568,
      "capex": -217967,
      "gross_margin": 0.17539415320433754,
      "op_margin": 0.028190989556270536,
      "fcf_margin": 0.10958218397272951,
      "incr_op_margin_yoy": 0.035800278918306054,
      "rev_growth_yoy": 0.20634339763507076,
      "rev_growth_yoy_accel": 0.027850761091590376,
      "fcf_margin_change": 0.16653047333451812
    },
    {
      "date": "2024-12-31T00:00:00",
      "quarter_label": "2024-12 (Q4)",
      "revenue": 35384737,
      "gross_profit": 5382790,
      "operating_income": 707727,
      "net_income": -5806,
      "opex": 4675063,
      "cogs": 30001947,
      "rd": null,
      "sga": 4200975,
      "fcf": -3151333,
      "ocf": -3007895,
      "capex": -143438,
      "gross_margin": 0.15212180325093275,
      "op_margin": 0.020000911692518726,
      "fcf_margin": -0.08905910477729423,
      "incr_op_margin_yoy": 0.04220523926406579,
      "rev_growth_yoy": 0.2857769411696991,
      "rev_growth_yoy_accel": 0.07943354353462834,
      "fcf_margin_change": -0.19864128875002374
    },
    {
      "date": "2025-03-31T00:00:00",
      "quarter_label": "2025-03 (Q1)",
      "revenue": 29251426,
      "gross_profit": 5238901,
      "operating_income": 433515,
      "net_income": -152635,
      "opex": 4805386,
      "cogs": 24012525,
      "rd": null,
      "sga": 4464351,
      "fcf": 1486467,
      "ocf": 1945903,
      "capex": -459436,
      "gross_margin": 0.17909899503702828,
      "op_margin": 0.014820303119581248,
      "fcf_margin": 0.05081690718257633,
      "incr_op_margin_yoy": 0.4499279142870392,
      "rev_growth_yoy": 0.3558362125873498,
      "rev_growth_yoy_accel": 0.07005927141765073,
      "fcf_margin_change": 0.13987601195987057
    },
    {
      "date": "2025-06-30T00:00:00",
      "quarter_label": "2025-06 (Q2)",
      "revenue": 39629308,
      "gross_profit": 6088880,
      "operating_income": 958996,
      "net_income": 318676,
      "opex": 5129884,
      "cogs": 33540428,
      "rd": null,
      "sga": 4907215,
      "fcf": -6943405,
      "ocf": -6478515,
      "capex": -464890,
      "gross_margin": 0.15364588248676964,
      "op_margin": 0.024199160883657117,
      "fcf_margin": -0.17520883786312896,
      "incr_op_margin_yoy": -1.3684882517559598,
      "rev_growth_yoy": -0.03191364724144559,
      "rev_growth_yoy_accel": -0.3877498598287954,
      "op_leverage_ratio": 5.253853274391888,
      "fcf_margin_change": -0.2260257450457053
    },
    {
      "date": "2025-09-30T00:00:00",
      "quarter_label": "2025-09 (Q3)",
      "revenue": 41968534,
      "gross_profit": 6289680,
      "operating_income": 1089388,
      "net_income": 461605,
      "opex": 5200292,
      "cogs": 35678854,
      "rd": null,
      "sga": 4971466,
      "fcf": 6417282,
      "ocf": 6796793,
      "capex": -379511,
      "gross_margin": 0.14986656431697137,
      "op_margin": 0.025957256453132245,
      "fcf_margin": 0.1529069850283548,
      "incr_op_margin_yoy": -0.02604768437063724,
      "rev_growth_yoy": 0.04295232467829935,
      "rev_growth_yoy_accel": 0.07486597191974494,
      "op_leverage_ratio": 4.300720611134565,
      "fcf_margin_change": 0.3281158228914838
    },
    {
      "date": "2025-12-31T00:00:00",
      "quarter_label": "2025-12 (Q4)",
      "revenue": 41769186,
      "gross_profit": 7049161,
      "operating_income": 1942835,
      "net_income": 1170575,
      "opex": 5106326,
      "cogs": 34720025,
      "rd": null,
      "sga": 4877501,
      "fcf": -3901816,
      "ocf": -3809773,
      "capex": -92043,
      "gross_margin": 0.16876462471641177,
      "op_margin": 0.04651359497405576,
      "fcf_margin": -0.09341374284861573,
      "incr_op_margin_yoy": 0.1934556921043617,
      "rev_growth_yoy": 0.18042946030657228,
      "rev_growth_yoy_accel": 0.13747713562827293,
      "fcf_margin_change": -0.24632072787697054
    }
  ],
  "signals": [
    {
      "quarter": "2025-12 (Q4)",
      "signal": "YoY REVENUE GROWTH ACCELERATION",
      "detail": "YoY growth: +18.0% vs prior quarter YoY: +4.3% (accel: +13.7%)",
      "severity": "MEDIUM"
    },
    {
      "quarter": "2025-12 (Q4)",
      "signal": "INCREMENTAL MARGIN (YoY)",
      "detail": "YoY Incr OPM: +19.3% vs year-ago OPM: +2.0%",
      "severity": "MEDIUM"
    },
    {
      "quarter": "2025-09 (Q3)",
      "signal": "FCF TURNED POSITIVE",
      "detail": "FCF margin: -17.5% -> +15.3%",
      "severity": "HIGH"
    },
    {
      "quarter": "2025-09 (Q3)",
      "signal": "OPERATING LEVERAGE",
      "detail": "Rev growth +5.9% vs OpEx growth +1.4% (leverage: 4.3x)",
      "severity": "MEDIUM"
    },
    {
      "quarter": "2025-09 (Q3)",
      "signal": "YoY REVENUE GROWTH ACCELERATION",
      "detail": "YoY growth: +4.3% vs prior quarter YoY: -3.2% (accel: +7.5%)",
      "severity": "MEDIUM"
    },
    {
      "quarter": "2025-06 (Q2)",
      "signal": "OPERATING LEVERAGE",
      "detail": "Rev growth +35.5% vs OpEx growth +6.8% (leverage: 5.3x)",
      "severity": "MEDIUM"
    },
    {
      "quarter": "2025-06 (Q2)",
      "signal": "YoY REVENUE GROWTH DECELERATION",
      "detail": "YoY growth: -3.2% vs prior quarter YoY: +35.6% (decel: -38.8%)",
      "severity": "WARNING"
    },
    {
      "quarter": "2025-06 (Q2)",
      "signal": "OP MARGIN TURNED POSITIVE (YoY)",
      "detail": "Op margin: -2.0% (year-ago) -> +2.4%",
      "severity": "HIGH"
    },
    {
      "quarter": "2025-03 (Q1)",
      "signal": "FCF TURNED POSITIVE",
      "detail": "FCF margin: -8.9% -> +5.1%",
      "severity": "HIGH"
    },
    {
      "quarter": "2025-03 (Q1)",
      "signal": "GROSS MARGIN INFLECTION",
      "detail": "GM: +17.5% -> +15.2% -> +17.9% (reversal +2.7%)",
      "severity": "MEDIUM"
    },
    {
      "quarter": "2025-03 (Q1)",
      "signal": "YoY REVENUE GROWTH ACCELERATION",
      "detail": "YoY growth: +35.6% vs prior quarter YoY: +28.6% (accel: +7.0%)",
      "severity": "MEDIUM"
    },
    {
      "quarter": "2025-03 (Q1)",
      "signal": "OP MARGIN TURNED POSITIVE (YoY)",
      "detail": "Op margin: -14.0% (year-ago) -> +1.5%",
      "severity": "HIGH"
    },
    {
      "quarter": "2024-12 (Q4)",
      "signal": "YoY REVENUE GROWTH ACCELERATION",
      "detail": "YoY growth: +28.6% vs prior quarter YoY: +20.6% (accel: +7.9%)",
      "severity": "MEDIUM"
    },
    {
      "quarter": "2024-09 (Q3)",
      "signal": "FCF TURNED POSITIVE",
      "detail": "FCF margin: -5.7% -> +11.0%",
      "severity": "HIGH"
    },
    {
      "quarter": "2024-09 (Q3)",
      "signal": "OP MARGIN TURNED POSITIVE (QoQ)",
      "detail": "Op margin: -2.0% -> +2.8%",
      "severity": "HIGH"
    },
    {
      "quarter": "2024-06 (Q2)",
      "signal": "FCF MARGIN EXPANSION",
      "detail": "FCF margin: -26.9% -> -5.7% (+21.2%)",
      "severity": "MEDIUM"
    },
    {
      "quarter": "2024-06 (Q2)",
      "signal": "OPERATING LEVERAGE",
      "detail": "Rev growth +89.7% vs OpEx growth +21.0% (leverage: 4.3x)",
      "severity": "MEDIUM"
    },
    {
      "quarter": "2024-06 (Q2)",
      "signal": "GROSS MARGIN INFLECTION",
      "detail": "GM: +16.2% -> +7.0% -> +11.3% (reversal +4.4%)",
      "severity": "MEDIUM"
    },
    {
      "quarter": "2024-06 (Q2)",
      "signal": "YoY REVENUE GROWTH ACCELERATION",
      "detail": "YoY growth: +17.8% vs prior quarter YoY: -9.3% (accel: +27.1%)",
      "severity": "HIGH"
    },
    {
      "quarter": "2024-03 (Q1)",
      "signal": "YoY REVENUE GROWTH ACCELERATION",
      "detail": "YoY growth: -9.3% vs prior quarter YoY: -36.0% (accel: +26.8%)",
      "severity": "HIGH"
    },
    {
      "quarter": "2023-12 (Q4)",
      "signal": "YoY REVENUE GROWTH DECELERATION",
      "detail": "YoY growth: -36.0% vs prior quarter YoY: -11.8% (decel: -24.2%)",
      "severity": "WARNING"
    },
    {
      "quarter": "2023-09 (Q3)",
      "signal": "FCF TURNED POSITIVE",
      "detail": "FCF margin: -0.1% -> +22.7%",
      "severity": "HIGH"
    },
    {
      "quarter": "2023-09 (Q3)",
      "signal": "YoY REVENUE GROWTH DECELERATION",
      "detail": "YoY growth: -11.8% vs prior quarter YoY: +3.9% (decel: -15.7%)",
      "severity": "WARNING"
    },
    {
      "quarter": "2023-09 (Q3)",
      "signal": "INCREMENTAL MARGIN (YoY)",
      "detail": "YoY Incr OPM: +38.5% vs year-ago OPM: +6.9%",
      "severity": "HIGH"
    },
    {
      "quarter": "2023-06 (Q2)",
      "signal": "OPERATING LEVERAGE",
      "detail": "Rev growth +46.1% vs OpEx growth +4.5% (leverage: 10.3x)",
      "severity": "MEDIUM"
    },
    {
      "quarter": "2023-06 (Q2)",
      "signal": "GROSS MARGIN INFLECTION",
      "detail": "GM: +13.5% -> +10.3% -> +16.0% (reversal +5.7%)",
      "severity": "HIGH"
    },
    {
      "quarter": "2023-06 (Q2)",
      "signal": "YoY REVENUE GROWTH ACCELERATION",
      "detail": "YoY growth: +3.9% vs prior quarter YoY: -23.2% (accel: +27.0%)",
      "severity": "HIGH"
    },
    {
      "quarter": "2023-06 (Q2)",
      "signal": "OP MARGIN TURNED POSITIVE (QoQ)",
      "detail": "Op margin: -7.7% -> +3.1%",
      "severity": "HIGH"
    },
    {
      "quarter": "2023-03 (Q1)",
      "signal": "YoY REVENUE GROWTH DECELERATION",
      "detail": "YoY growth: -23.2% vs prior quarter YoY: +16.9% (decel: -40.0%)",
      "severity": "WARNING"
    },
    {
      "quarter": "2022-12 (Q4)",
      "signal": "OPERATING LEVERAGE",
      "detail": "Rev growth +13.8% vs OpEx growth +3.8% (leverage: 3.7x)",
      "severity": "MEDIUM"
    },
    {
      "quarter": "2022-12 (Q4)",
      "signal": "YoY REVENUE GROWTH ACCELERATION",
      "detail": "YoY growth: +16.9% vs prior quarter YoY: -17.3% (accel: +34.1%)",
      "severity": "HIGH"
    },
    {
      "quarter": "2022-09 (Q3)",
      "signal": "FCF TURNED POSITIVE",
      "detail": "FCF margin: -1.9% -> +26.1%",
      "severity": "HIGH"
    },
    {
      "quarter": "2022-09 (Q3)",
      "signal": "YoY REVENUE GROWTH DECELERATION",
      "detail": "YoY growth: -17.3% vs prior quarter YoY: +11.9% (decel: -29.1%)",
      "severity": "WARNING"
    },
    {
      "quarter": "2022-09 (Q3)",
      "signal": "INCREMENTAL MARGIN (YoY)",
      "detail": "YoY Incr OPM: +37.5% vs year-ago OPM: +12.2%",
      "severity": "HIGH"
    },
    {
      "quarter": "2022-06 (Q2)",
      "signal": "FCF MARGIN EXPANSION",
      "detail": "FCF margin: -20.2% -> -1.9% (+18.3%)",
      "severity": "MEDIUM"
    },
    {
      "quarter": "2022-06 (Q2)",
      "signal": "GROSS MARGIN INFLECTION",
      "detail": "GM: +18.8% -> +15.1% -> +19.8% (reversal +4.7%)",
      "severity": "MEDIUM"
    },
    {
      "quarter": "2022-06 (Q2)",
      "signal": "YoY REVENUE GROWTH DECELERATION",
      "detail": "YoY growth: +11.9% vs prior quarter YoY: +30.2% (decel: -18.4%)",
      "severity": "WARNING"
    },
    {
      "quarter": "2021-09 (Q3)",
      "signal": "FCF TURNED POSITIVE",
      "detail": "FCF margin: -40.4% -> +45.3%",
      "severity": "HIGH"
    },
    {
      "quarter": "2021-09 (Q3)",
      "signal": "GROSS MARGIN INFLECTION",
      "detail": "GM: +19.6% -> +18.8% -> +22.1% (reversal +3.3%)",
      "severity": "MEDIUM"
    }
  ],
  "data_quality": {
    "n_quarters": 20,
    "coverage": {
      "revenue": [
        20,
        20
      ],
      "gross_profit": [
        20,
        20
      ],
      "op_income": [
        20,
        20
      ],
      "fcf": [
        20,
        20
      ]
    },
    "gaps": [],
    "warnings": []
  },
  "market_cap": null,
  "source": "SEC EDGAR",
  "last_updated": "2026-02-13T11:46:40.892494"
}