{
  "ticker": "JVA",
  "name": "COFFEE HOLDING CO., INC.",
  "quarters": [
    {
      "date": "2021-01-31T00:00:00",
      "quarter_label": "2021-01 (Q1)",
      "revenue": 18133837,
      "gross_profit": 4479668,
      "operating_income": 1166382,
      "net_income": 677312,
      "opex": 3313286,
      "cogs": 13654169,
      "rd": null,
      "sga": 3160060,
      "fcf": 2698997,
      "ocf": 2765148,
      "capex": -66151,
      "gross_margin": 0.2470336531645233,
      "op_margin": 0.06432075020857417,
      "fcf_margin": 0.14883761224940975
    },
    {
      "date": "2021-04-30T00:00:00",
      "quarter_label": "2021-04 (Q2)",
      "revenue": 14468558,
      "gross_profit": 3769468,
      "operating_income": 454144,
      "net_income": 357044,
      "opex": 3315324,
      "cogs": 10699090,
      "rd": null,
      "sga": 3161686,
      "fcf": 1750849,
      "ocf": 2282142,
      "capex": -531293,
      "gross_margin": 0.26052824338126856,
      "op_margin": 0.03138833876879783,
      "fcf_margin": 0.12101060796798133,
      "fcf_margin_change": -0.027827004281428425
    },
    {
      "date": "2021-07-31T00:00:00",
      "quarter_label": "2021-07 (Q3)",
      "revenue": 13634313,
      "gross_profit": 2925852,
      "operating_income": -313465,
      "net_income": -127051,
      "opex": 3239317,
      "cogs": 10708461,
      "rd": null,
      "sga": 3085679,
      "fcf": -1512941,
      "ocf": -619152,
      "capex": -893789,
      "gross_margin": 0.21459475075861908,
      "op_margin": -0.02299089070347732,
      "fcf_margin": -0.11096569368768341,
      "fcf_margin_change": -0.23197630165566474
    },
    {
      "date": "2021-10-31T00:00:00",
      "quarter_label": "2021-10 (Q4)",
      "revenue": 17685694,
      "gross_profit": 4846515,
      "operating_income": 138094,
      "net_income": 348049,
      "opex": 4708421,
      "cogs": 12839179,
      "rd": null,
      "sga": 4556129,
      "fcf": 272131,
      "ocf": 281381,
      "capex": -9250,
      "gross_margin": 0.2740358959054703,
      "op_margin": 0.007808231896356457,
      "fcf_margin": 0.015387069345426874,
      "op_leverage_ratio": 0.6551952439666284,
      "fcf_margin_change": 0.1263527630331103
    },
    {
      "date": "2022-01-31T00:00:00",
      "quarter_label": "2022-01 (Q1)",
      "revenue": 16704860,
      "gross_profit": 4271608,
      "operating_income": 550730,
      "net_income": 280863,
      "opex": 3720878,
      "cogs": 12433252,
      "rd": null,
      "sga": 3569740,
      "fcf": -1278193,
      "ocf": -1233464,
      "capex": -44729,
      "gross_margin": 0.2557104938323338,
      "op_margin": 0.03296824995839534,
      "fcf_margin": -0.07651623539496889,
      "incr_op_margin_yoy": 0.430834086202927,
      "rev_growth_yoy": -0.07880168990159116,
      "fcf_margin_change": -0.09190330474039576
    },
    {
      "date": "2022-04-30T00:00:00",
      "quarter_label": "2022-04 (Q2)",
      "revenue": 16498169,
      "gross_profit": 1992754,
      "operating_income": -1373469,
      "net_income": -368096,
      "opex": 3366223,
      "cogs": 14505415,
      "rd": null,
      "sga": 3215085,
      "fcf": -1090464,
      "ocf": -263274,
      "capex": -827190,
      "gross_margin": 0.12078637332421556,
      "op_margin": -0.08324978365781076,
      "fcf_margin": -0.06609606193269084,
      "incr_op_margin_yoy": -0.9004745244285728,
      "rev_growth_yoy": 0.14027735175820563,
      "rev_growth_yoy_accel": 0.2190790416597968,
      "fcf_margin_change": 0.010420173462278054
    },
    {
      "date": "2022-07-31T00:00:00",
      "quarter_label": "2022-07 (Q3)",
      "revenue": 17013286,
      "gross_profit": 3145576,
      "operating_income": 239482,
      "net_income": 132381,
      "opex": 2906094,
      "cogs": 13867710,
      "rd": null,
      "sga": 2758995,
      "fcf": -1808660,
      "ocf": -1323513,
      "capex": -485147,
      "gross_margin": 0.1848893858599685,
      "op_margin": 0.014076175525409965,
      "fcf_margin": -0.10630868134468556,
      "incr_op_margin_yoy": 0.16364350943319167,
      "rev_growth_yoy": 0.24782862180147985,
      "rev_growth_yoy_accel": 0.10755127004327422,
      "op_leverage_ratio": Infinity,
      "fcf_margin_change": -0.04021261941199472
    },
    {
      "date": "2022-10-31T00:00:00",
      "quarter_label": "2022-10 (Q4)",
      "revenue": 15490563,
      "gross_profit": 1604011,
      "operating_income": -4768643,
      "net_income": -3789933,
      "opex": 6372654,
      "cogs": 13886552,
      "rd": null,
      "sga": 3458215,
      "fcf": -2319396,
      "ocf": -2617257,
      "capex": 297861,
      "gross_margin": 0.10354762444721989,
      "op_margin": -0.3078418131090523,
      "fcf_margin": -0.14972961279715916,
      "incr_op_margin_yoy": 2.2352820856705136,
      "rev_growth_yoy": -0.12411901958724379,
      "rev_growth_yoy_accel": -0.37194764138872366,
      "fcf_margin_change": -0.043420931452473596
    },
    {
      "date": "2023-01-31T00:00:00",
      "quarter_label": "2023-01 (Q1)",
      "revenue": 18326114,
      "gross_profit": 2320300,
      "operating_income": -801025,
      "net_income": -532103,
      "opex": 3121325,
      "cogs": 16005814,
      "rd": null,
      "sga": 2941437,
      "fcf": 2601494,
      "ocf": 2803512,
      "capex": -202018,
      "gross_margin": 0.12661167555762232,
      "op_margin": -0.043709484727640566,
      "fcf_margin": 0.14195557225061461,
      "incr_op_margin_yoy": -0.8337712659459899,
      "rev_growth_yoy": 0.09705283372623297,
      "rev_growth_yoy_accel": 0.22117185331347677,
      "op_leverage_ratio": Infinity,
      "fcf_margin_change": 0.29168518504777374
    },
    {
      "date": "2023-04-30T00:00:00",
      "quarter_label": "2023-04 (Q2)",
      "revenue": 15320703,
      "gross_profit": 2832181,
      "operating_income": -384454,
      "net_income": -359840,
      "opex": 3216635,
      "cogs": 12488522,
      "rd": null,
      "sga": 3071747,
      "fcf": -1976445,
      "ocf": -1569332,
      "capex": -407113,
      "gross_margin": 0.1848597286952172,
      "op_margin": -0.025093757120675207,
      "fcf_margin": -0.12900485049543745,
      "incr_op_margin_yoy": -0.8399520665564866,
      "rev_growth_yoy": -0.07136949560887636,
      "rev_growth_yoy_accel": -0.1684223293351093,
      "fcf_margin_change": -0.27096042274605203
    },
    {
      "date": "2023-07-31T00:00:00",
      "quarter_label": "2023-07 (Q3)",
      "revenue": 15764365,
      "gross_profit": 2448763,
      "operating_income": -403247,
      "net_income": -111881,
      "opex": 2852010,
      "cogs": 13315602,
      "rd": null,
      "sga": 2709238,
      "fcf": -547583,
      "ocf": -435018,
      "capex": -112565,
      "gross_margin": 0.15533534018021025,
      "op_margin": -0.025579653858560113,
      "fcf_margin": -0.0347354936275581,
      "incr_op_margin_yoy": 0.5146274263944637,
      "rev_growth_yoy": -0.07340857021976825,
      "rev_growth_yoy_accel": -0.0020390746108918945,
      "op_leverage_ratio": Infinity,
      "fcf_margin_change": 0.09426935686787935
    },
    {
      "date": "2023-10-31T00:00:00",
      "quarter_label": "2023-10 (Q4)",
      "revenue": 18762221,
      "gross_profit": 3358043,
      "operating_income": 257030,
      "net_income": 168248,
      "opex": 3101013,
      "cogs": 15404178,
      "rd": null,
      "sga": 2958626,
      "fcf": -283143,
      "ocf": -147079,
      "capex": -136064,
      "gross_margin": 0.17897897056004192,
      "op_margin": 0.013699337621063092,
      "fcf_margin": -0.015091123806717765,
      "incr_op_margin_yoy": 1.5361241914650003,
      "rev_growth_yoy": 0.2112032984211097,
      "rev_growth_yoy_accel": 0.28461186864087795,
      "op_leverage_ratio": 2.1781147229916584,
      "fcf_margin_change": 0.019644369820840335
    },
    {
      "date": "2024-01-31T00:00:00",
      "quarter_label": "2024-01 (Q1)",
      "revenue": 19540402,
      "gross_profit": 3480299,
      "operating_income": 616911,
      "net_income": 351024,
      "opex": 2863388,
      "cogs": 16060103,
      "rd": null,
      "sga": 2690047,
      "fcf": 4594849,
      "ocf": 4594849,
      "capex": null,
      "gross_margin": 0.17810785059590892,
      "op_margin": 0.0315710495618258,
      "fcf_margin": 0.23514608348385055,
      "incr_op_margin_yoy": 1.1677098019580199,
      "rev_growth_yoy": 0.0662599828856243,
      "rev_growth_yoy_accel": -0.1449433155354854,
      "op_leverage_ratio": Infinity,
      "fcf_margin_change": 0.2502372072905683
    },
    {
      "date": "2024-04-30T00:00:00",
      "quarter_label": "2024-04 (Q2)",
      "revenue": 18995913,
      "gross_profit": 3703980,
      "operating_income": -66650,
      "net_income": -21841,
      "opex": 3770630,
      "cogs": 15291933,
      "rd": null,
      "sga": 3629578,
      "fcf": -1204155,
      "ocf": -1204155,
      "capex": null,
      "gross_margin": 0.19498825879019344,
      "op_margin": -0.003508649465808777,
      "fcf_margin": -0.06339021451614354,
      "incr_op_margin_yoy": 0.08647233763512834,
      "rev_growth_yoy": 0.23988520631200802,
      "rev_growth_yoy_accel": 0.1736252234263837,
      "fcf_margin_change": -0.2985362979999941
    },
    {
      "date": "2024-07-31T00:00:00",
      "quarter_label": "2024-07 (Q3)",
      "revenue": 18813162,
      "gross_profit": 3926064,
      "operating_income": 719863,
      "net_income": 626796,
      "opex": 3206201,
      "cogs": 14887098,
      "rd": null,
      "sga": 3045611,
      "fcf": 1771934,
      "ocf": 1818541,
      "capex": -46607,
      "gross_margin": 0.20868708832677887,
      "op_margin": 0.03826379637830153,
      "fcf_margin": 0.09418586838299697,
      "incr_op_margin_yoy": 0.36837808486429235,
      "rev_growth_yoy": 0.19339802142363488,
      "rev_growth_yoy_accel": -0.04648718488837314,
      "fcf_margin_change": 0.15757608289914052
    },
    {
      "date": "2024-10-31T00:00:00",
      "quarter_label": "2024-10 (Q4)",
      "revenue": 21212821,
      "gross_profit": 4931426,
      "operating_income": 1693434,
      "net_income": 1262035,
      "opex": 3237992,
      "cogs": 16281395,
      "rd": null,
      "sga": 3092032,
      "fcf": 185725,
      "ocf": 221976,
      "capex": -36251,
      "gross_margin": 0.23247384211652,
      "op_margin": 0.07983068352860753,
      "fcf_margin": 0.008755318304906263,
      "incr_op_margin_yoy": 0.5861438015179956,
      "rev_growth_yoy": 0.13061353450638918,
      "rev_growth_yoy_accel": -0.0627844869172457,
      "op_leverage_ratio": 12.863948486483318,
      "fcf_margin_change": -0.08543055007809071
    },
    {
      "date": "2025-01-31T00:00:00",
      "quarter_label": "2025-01 (Q1)",
      "revenue": 21305285,
      "gross_profit": 5731926,
      "operating_income": 1591031,
      "net_income": 1153256,
      "opex": 4140895,
      "cogs": 15573359,
      "rd": null,
      "sga": 3929598,
      "fcf": -419804,
      "ocf": -401898,
      "capex": -17906,
      "gross_margin": 0.2690377528392603,
      "op_margin": 0.0746777618792708,
      "fcf_margin": -0.019704218929716265,
      "incr_op_margin_yoy": 0.5519459363595207,
      "rev_growth_yoy": 0.0903196873841183,
      "rev_growth_yoy_accel": -0.04029384712227088,
      "fcf_margin_change": -0.02845953723462253
    },
    {
      "date": "2025-04-30T00:00:00",
      "quarter_label": "2025-04 (Q2)",
      "revenue": 23320061,
      "gross_profit": 4418872,
      "operating_income": 888615,
      "net_income": 644055,
      "opex": 3530257,
      "cogs": 18901189,
      "rd": null,
      "sga": 3286983,
      "fcf": -1169057,
      "ocf": -1154056,
      "capex": -15001,
      "gross_margin": 0.1894880120596597,
      "op_margin": 0.03810517476776754,
      "fcf_margin": -0.050130958062245205,
      "incr_op_margin_yoy": 0.22091403901994103,
      "rev_growth_yoy": 0.2276357024797913,
      "rev_growth_yoy_accel": 0.137316015095673,
      "op_leverage_ratio": Infinity,
      "fcf_margin_change": -0.03042673913252894
    },
    {
      "date": "2025-07-31T00:00:00",
      "quarter_label": "2025-07 (Q3)",
      "revenue": 23910514,
      "gross_profit": 2912737,
      "operating_income": -1095151,
      "net_income": -1205413,
      "opex": 4007888,
      "cogs": 20997777,
      "rd": null,
      "sga": 3824473,
      "fcf": -3887104,
      "ocf": -3840762,
      "capex": -46342,
      "gross_margin": 0.12181825116766624,
      "op_margin": -0.04580206849589264,
      "fcf_margin": -0.1625688180521757,
      "incr_op_margin_yoy": -0.3560699751557279,
      "rev_growth_yoy": 0.2709460536192693,
      "rev_growth_yoy_accel": 0.04331035113947801,
      "op_leverage_ratio": 0.18714122497808894,
      "fcf_margin_change": -0.1124378599899305
    },
    {
      "date": "2025-10-31T00:00:00",
      "quarter_label": "2025-10 (Q4)",
      "revenue": 27747687,
      "gross_profit": 2132785,
      "operating_income": 767865,
      "net_income": 811541,
      "opex": 1364920,
      "cogs": 25614902,
      "rd": null,
      "sga": 1159240,
      "fcf": 265384,
      "ocf": 377727,
      "capex": -112343,
      "gross_margin": 0.07686352379569511,
      "op_margin": 0.027673117402542417,
      "fcf_margin": 0.009564184575096295,
      "incr_op_margin_yoy": -0.1416354979581831,
      "rev_growth_yoy": 0.3080620913173217,
      "rev_growth_yoy_accel": 0.037116037698052384,
      "op_leverage_ratio": Infinity,
      "fcf_margin_change": 0.17213300262727202
    }
  ],
  "signals": [
    {
      "quarter": "2025-10 (Q4)",
      "signal": "FCF TURNED POSITIVE",
      "detail": "FCF margin: -16.3% -> +1.0%",
      "severity": "HIGH"
    },
    {
      "quarter": "2025-10 (Q4)",
      "signal": "OP MARGIN TURNED POSITIVE (QoQ)",
      "detail": "Op margin: -4.6% -> +2.8%",
      "severity": "HIGH"
    },
    {
      "quarter": "2025-04 (Q2)",
      "signal": "YoY REVENUE GROWTH ACCELERATION",
      "detail": "YoY growth: +22.8% vs prior quarter YoY: +9.0% (accel: +13.7%)",
      "severity": "MEDIUM"
    },
    {
      "quarter": "2025-04 (Q2)",
      "signal": "OP MARGIN TURNED POSITIVE (YoY)",
      "detail": "Op margin: -0.4% (year-ago) -> +3.8%",
      "severity": "HIGH"
    },
    {
      "quarter": "2025-01 (Q1)",
      "signal": "INCREMENTAL MARGIN (YoY)",
      "detail": "YoY Incr OPM: +55.2% vs year-ago OPM: +3.2%",
      "severity": "HIGH"
    },
    {
      "quarter": "2024-10 (Q4)",
      "signal": "OPERATING LEVERAGE",
      "detail": "Rev growth +12.8% vs OpEx growth +1.0% (leverage: 12.9x)",
      "severity": "MEDIUM"
    },
    {
      "quarter": "2024-10 (Q4)",
      "signal": "YoY REVENUE GROWTH DECELERATION",
      "detail": "YoY growth: +13.1% vs prior quarter YoY: +19.3% (decel: -6.3%)",
      "severity": "WARNING"
    },
    {
      "quarter": "2024-10 (Q4)",
      "signal": "INCREMENTAL MARGIN (YoY)",
      "detail": "YoY Incr OPM: +58.6% vs year-ago OPM: +1.4%",
      "severity": "HIGH"
    },
    {
      "quarter": "2024-07 (Q3)",
      "signal": "FCF TURNED POSITIVE",
      "detail": "FCF margin: -6.3% -> +9.4%",
      "severity": "HIGH"
    },
    {
      "quarter": "2024-07 (Q3)",
      "signal": "OP MARGIN TURNED POSITIVE (YoY)",
      "detail": "Op margin: -2.6% (year-ago) -> +3.8%",
      "severity": "HIGH"
    },
    {
      "quarter": "2024-07 (Q3)",
      "signal": "OP MARGIN TURNED POSITIVE (QoQ)",
      "detail": "Op margin: -0.4% -> +3.8%",
      "severity": "HIGH"
    },
    {
      "quarter": "2024-04 (Q2)",
      "signal": "YoY REVENUE GROWTH ACCELERATION",
      "detail": "YoY growth: +24.0% vs prior quarter YoY: +6.6% (accel: +17.4%)",
      "severity": "HIGH"
    },
    {
      "quarter": "2024-01 (Q1)",
      "signal": "FCF TURNED POSITIVE",
      "detail": "FCF margin: -1.5% -> +23.5%",
      "severity": "HIGH"
    },
    {
      "quarter": "2024-01 (Q1)",
      "signal": "YoY REVENUE GROWTH DECELERATION",
      "detail": "YoY growth: +6.6% vs prior quarter YoY: +21.1% (decel: -14.5%)",
      "severity": "WARNING"
    },
    {
      "quarter": "2024-01 (Q1)",
      "signal": "OP MARGIN TURNED POSITIVE (YoY)",
      "detail": "Op margin: -4.4% (year-ago) -> +3.2%",
      "severity": "HIGH"
    },
    {
      "quarter": "2023-10 (Q4)",
      "signal": "OPERATING LEVERAGE",
      "detail": "Rev growth +19.0% vs OpEx growth +8.7% (leverage: 2.2x)",
      "severity": "MEDIUM"
    },
    {
      "quarter": "2023-10 (Q4)",
      "signal": "GROSS MARGIN INFLECTION",
      "detail": "GM: +18.5% -> +15.5% -> +17.9% (reversal +2.4%)",
      "severity": "MEDIUM"
    },
    {
      "quarter": "2023-10 (Q4)",
      "signal": "YoY REVENUE GROWTH ACCELERATION",
      "detail": "YoY growth: +21.1% vs prior quarter YoY: -7.3% (accel: +28.5%)",
      "severity": "HIGH"
    },
    {
      "quarter": "2023-10 (Q4)",
      "signal": "OP MARGIN TURNED POSITIVE (YoY)",
      "detail": "Op margin: -30.8% (year-ago) -> +1.4%",
      "severity": "HIGH"
    },
    {
      "quarter": "2023-10 (Q4)",
      "signal": "OP MARGIN TURNED POSITIVE (QoQ)",
      "detail": "Op margin: -2.6% -> +1.4%",
      "severity": "HIGH"
    },
    {
      "quarter": "2023-07 (Q3)",
      "signal": "FCF MARGIN EXPANSION",
      "detail": "FCF margin: -12.9% -> -3.5% (+9.4%)",
      "severity": "MEDIUM"
    },
    {
      "quarter": "2023-04 (Q2)",
      "signal": "YoY REVENUE GROWTH DECELERATION",
      "detail": "YoY growth: -7.1% vs prior quarter YoY: +9.7% (decel: -16.8%)",
      "severity": "WARNING"
    },
    {
      "quarter": "2023-01 (Q1)",
      "signal": "FCF TURNED POSITIVE",
      "detail": "FCF margin: -15.0% -> +14.2%",
      "severity": "HIGH"
    },
    {
      "quarter": "2023-01 (Q1)",
      "signal": "GROSS MARGIN INFLECTION",
      "detail": "GM: +18.5% -> +10.4% -> +12.7% (reversal +2.3%)",
      "severity": "MEDIUM"
    },
    {
      "quarter": "2023-01 (Q1)",
      "signal": "YoY REVENUE GROWTH ACCELERATION",
      "detail": "YoY growth: +9.7% vs prior quarter YoY: -12.4% (accel: +22.1%)",
      "severity": "HIGH"
    },
    {
      "quarter": "2022-10 (Q4)",
      "signal": "YoY REVENUE GROWTH DECELERATION",
      "detail": "YoY growth: -12.4% vs prior quarter YoY: +24.8% (decel: -37.2%)",
      "severity": "WARNING"
    },
    {
      "quarter": "2022-07 (Q3)",
      "signal": "GROSS MARGIN INFLECTION",
      "detail": "GM: +25.6% -> +12.1% -> +18.5% (reversal +6.4%)",
      "severity": "HIGH"
    },
    {
      "quarter": "2022-07 (Q3)",
      "signal": "YoY REVENUE GROWTH ACCELERATION",
      "detail": "YoY growth: +24.8% vs prior quarter YoY: +14.0% (accel: +10.8%)",
      "severity": "MEDIUM"
    },
    {
      "quarter": "2022-07 (Q3)",
      "signal": "OP MARGIN TURNED POSITIVE (YoY)",
      "detail": "Op margin: -2.3% (year-ago) -> +1.4%",
      "severity": "HIGH"
    },
    {
      "quarter": "2022-07 (Q3)",
      "signal": "OP MARGIN TURNED POSITIVE (QoQ)",
      "detail": "Op margin: -8.3% -> +1.4%",
      "severity": "HIGH"
    },
    {
      "quarter": "2022-04 (Q2)",
      "signal": "YoY REVENUE GROWTH ACCELERATION",
      "detail": "YoY growth: +14.0% vs prior quarter YoY: -7.9% (accel: +21.9%)",
      "severity": "HIGH"
    },
    {
      "quarter": "2022-01 (Q1)",
      "signal": "INCREMENTAL MARGIN (YoY)",
      "detail": "YoY Incr OPM: +43.1% vs year-ago OPM: +6.4%",
      "severity": "HIGH"
    },
    {
      "quarter": "2021-10 (Q4)",
      "signal": "FCF TURNED POSITIVE",
      "detail": "FCF margin: -11.1% -> +1.5%",
      "severity": "HIGH"
    },
    {
      "quarter": "2021-10 (Q4)",
      "signal": "GROSS MARGIN INFLECTION",
      "detail": "GM: +26.1% -> +21.5% -> +27.4% (reversal +5.9%)",
      "severity": "HIGH"
    },
    {
      "quarter": "2021-10 (Q4)",
      "signal": "OP MARGIN TURNED POSITIVE (QoQ)",
      "detail": "Op margin: -2.3% -> +0.8%",
      "severity": "HIGH"
    }
  ],
  "data_quality": {
    "n_quarters": 20,
    "coverage": {
      "revenue": [
        20,
        20
      ],
      "gross_profit": [
        20,
        20
      ],
      "op_income": [
        20,
        20
      ],
      "fcf": [
        20,
        20
      ]
    },
    "gaps": [],
    "warnings": []
  },
  "market_cap": null,
  "source": "SEC EDGAR",
  "last_updated": "2026-02-02T23:57:18.348877",
  "sector": "Consumer Defensive",
  "industry": "Packaged Foods"
}