{
  "ticker": "JYNT",
  "name": "Joint Corp.",
  "quarters": [
    {
      "date": "2020-12-31T00:00:00",
      "quarter_label": "2020-12 (Q4)",
      "revenue": 17038144,
      "gross_profit": 15096718,
      "operating_income": 2774840,
      "net_income": 10632823,
      "opex": 12321878,
      "cogs": 1941426,
      "rd": null,
      "sga": 12319786,
      "fcf": 3463908,
      "ocf": 4275797,
      "capex": -811889,
      "gross_margin": 0.886054138291119,
      "op_margin": 0.16286046179677788,
      "fcf_margin": 0.2033031297305622
    },
    {
      "date": "2021-03-31T00:00:00",
      "quarter_label": "2021-03 (Q1)",
      "revenue": 17547965,
      "gross_profit": 15782648,
      "operating_income": 1971676,
      "net_income": 2314287,
      "opex": 13810972,
      "cogs": 1765317,
      "rd": null,
      "sga": 13746205,
      "fcf": -68893,
      "ocf": 882748,
      "capex": -951641,
      "gross_margin": 0.8994004717925982,
      "op_margin": 0.11235923937618977,
      "fcf_margin": -0.003925982300511769,
      "op_leverage_ratio": 0.24759976424861121,
      "fcf_margin_change": -0.20722911203107397
    },
    {
      "date": "2021-06-30T00:00:00",
      "quarter_label": "2021-06 (Q2)",
      "revenue": 20218798,
      "gross_profit": 18180260,
      "operating_income": 2034343,
      "net_income": 2683962,
      "opex": 16145917,
      "cogs": 2038538,
      "rd": null,
      "sga": 16190177,
      "fcf": 4455763,
      "ocf": 6743081,
      "capex": -2287318,
      "gross_margin": 0.8991761033469943,
      "op_margin": 0.10061641646550898,
      "fcf_margin": 0.2203772449776688,
      "op_leverage_ratio": 0.900259190644068,
      "fcf_margin_change": 0.22430322727818058
    },
    {
      "date": "2021-09-30T00:00:00",
      "quarter_label": "2021-09 (Q3)",
      "revenue": 20991621,
      "gross_profit": 18691499,
      "operating_income": 1338878,
      "net_income": 1937095,
      "opex": 17352621,
      "cogs": 2300122,
      "rd": null,
      "sga": 17356161,
      "fcf": 1293160,
      "ocf": 3437058,
      "capex": -2143898,
      "gross_margin": 0.8904266611901959,
      "op_margin": 0.06378154407418084,
      "fcf_margin": 0.06160362746640671,
      "op_leverage_ratio": 0.5114305520614915,
      "fcf_margin_change": -0.1587736175112621
    },
    {
      "date": "2021-12-31T00:00:00",
      "quarter_label": "2021-12 (Q4)",
      "revenue": 22101270,
      "gross_profit": 19691469,
      "operating_income": 7114,
      "net_income": -359981,
      "opex": 19684355,
      "cogs": 2409801,
      "rd": null,
      "sga": 19674533,
      "fcf": 1174516,
      "ocf": 2781193,
      "capex": -1606677,
      "gross_margin": 0.890965496552913,
      "op_margin": 0.0003218819551998596,
      "fcf_margin": 0.05314246647364609,
      "incr_op_margin_yoy": -0.5466437137847251,
      "rev_growth_yoy": 0.2971641746894497,
      "op_leverage_ratio": 0.3933921826257493,
      "fcf_margin_change": -0.008461160992760626
    },
    {
      "date": "2022-03-31T00:00:00",
      "quarter_label": "2022-03 (Q1)",
      "revenue": 22438538,
      "gross_profit": 20125767,
      "operating_income": -176426,
      "net_income": -205797,
      "opex": 20302193,
      "cogs": 2312771,
      "rd": null,
      "sga": 20295287,
      "fcf": -1092065,
      "ocf": 197878,
      "capex": -1289943,
      "gross_margin": 0.8969286234245742,
      "op_margin": -0.007862633474605163,
      "fcf_margin": -0.04866916908757603,
      "incr_op_margin_yoy": -0.43923319414718887,
      "rev_growth_yoy": 0.2786974444045221,
      "rev_growth_yoy_accel": -0.018466730284927624,
      "op_leverage_ratio": 0.4861882736383025,
      "fcf_margin_change": -0.10181163556122211
    },
    {
      "date": "2022-06-30T00:00:00",
      "quarter_label": "2022-06 (Q2)",
      "revenue": 25057318,
      "gross_profit": 22630273,
      "operating_income": 473207,
      "net_income": 344742,
      "opex": 22157066,
      "cogs": 2427045,
      "rd": null,
      "sga": 22068222,
      "fcf": -3257736,
      "ocf": -1382718,
      "capex": -1875018,
      "gross_margin": 0.9031402722350412,
      "op_margin": 0.018884982024013904,
      "fcf_margin": -0.13001136035388944,
      "incr_op_margin_yoy": -0.32264742111224093,
      "rev_growth_yoy": 0.2393079944712836,
      "rev_growth_yoy_accel": -0.03938944993323851,
      "op_leverage_ratio": 1.2774185875488149,
      "fcf_margin_change": -0.08134219126631341
    },
    {
      "date": "2022-09-30T00:00:00",
      "quarter_label": "2022-09 (Q3)",
      "revenue": 26603000,
      "gross_profit": 24112724,
      "operating_income": 500472,
      "net_income": 491113,
      "opex": 23612252,
      "cogs": 2490276,
      "rd": null,
      "sga": 23347861,
      "fcf": 3059543,
      "ocf": 4217255,
      "capex": -1157712,
      "gross_margin": 0.9063911588918543,
      "op_margin": 0.01881261511859565,
      "fcf_margin": 0.11500744276961244,
      "incr_op_margin_yoy": -0.14941175778716784,
      "rev_growth_yoy": 0.2673151825673682,
      "rev_growth_yoy_accel": 0.0280071880960846,
      "op_leverage_ratio": 0.9392459008566336,
      "fcf_margin_change": 0.24501880312350188
    },
    {
      "date": "2022-12-31T00:00:00",
      "quarter_label": "2022-12 (Q4)",
      "revenue": 27812553,
      "gross_profit": 25212483,
      "operating_income": 1279608,
      "net_income": 547192,
      "opex": 23932875,
      "cogs": 2600070,
      "rd": null,
      "sga": 23882800,
      "fcf": 3600762,
      "ocf": 5177169,
      "capex": -1576407,
      "gross_margin": 0.9065145152262721,
      "op_margin": 0.046008289853865625,
      "fcf_margin": 0.12946535328849532,
      "incr_op_margin_yoy": 0.2228035276837096,
      "rev_growth_yoy": 0.25841424497325266,
      "rev_growth_yoy_accel": -0.008900937594115532,
      "op_leverage_ratio": 3.3483976207464106,
      "fcf_margin_change": 0.014457910518882872
    },
    {
      "date": "2023-03-31T00:00:00",
      "quarter_label": "2023-03 (Q1)",
      "revenue": 28450298,
      "gross_profit": 25826135,
      "operating_income": -678237,
      "net_income": 2301036,
      "opex": 26504372,
      "cogs": 2624163,
      "rd": null,
      "sga": 26438903,
      "fcf": 4824378,
      "ocf": 6024593,
      "capex": -1200215,
      "gross_margin": 0.9077632508453866,
      "op_margin": -0.023839363650953675,
      "fcf_margin": 0.16957214297017206,
      "incr_op_margin_yoy": -0.08347156240435413,
      "rev_growth_yoy": 0.2679211987875502,
      "rev_growth_yoy_accel": 0.009506953814297558,
      "op_leverage_ratio": 0.21341014308013012,
      "fcf_margin_change": 0.04010678968167675
    },
    {
      "date": "2023-06-30T00:00:00",
      "quarter_label": "2023-06 (Q2)",
      "revenue": 29307184,
      "gross_profit": 26711672,
      "operating_income": -374554,
      "net_income": -320489,
      "opex": 27086226,
      "cogs": 2595512,
      "rd": null,
      "sga": 26941881,
      "fcf": -61111,
      "ocf": 1468549,
      "capex": -1529660,
      "gross_margin": 0.9114376870872343,
      "op_margin": -0.012780279401801278,
      "fcf_margin": -0.002085188396128403,
      "incr_op_margin_yoy": -0.19947946594080848,
      "rev_growth_yoy": 0.1696057814327934,
      "rev_growth_yoy_accel": -0.09831541735475682,
      "op_leverage_ratio": 1.371954541732653,
      "fcf_margin_change": -0.17165733136630046
    },
    {
      "date": "2023-09-30T00:00:00",
      "quarter_label": "2023-09 (Q3)",
      "revenue": 29473949,
      "gross_profit": 26869849,
      "operating_income": -898047,
      "net_income": -716273,
      "opex": 27767896,
      "cogs": 2604100,
      "rd": null,
      "sga": 26862973,
      "fcf": 2698342,
      "ocf": 3801615,
      "capex": -1103273,
      "gross_margin": 0.9116474008962966,
      "op_margin": -0.03046917805279503,
      "fcf_margin": 0.09155006680645339,
      "incr_op_margin_yoy": -0.48712777551952335,
      "rev_growth_yoy": 0.10791824230349961,
      "rev_growth_yoy_accel": -0.061687539129293784,
      "fcf_margin_change": 0.0936352552025818
    },
    {
      "date": "2023-12-31T00:00:00",
      "quarter_label": "2023-12 (Q4)",
      "revenue": 12708701,
      "gross_profit": 9868714,
      "operating_income": 994643,
      "net_income": -11041599,
      "opex": 8874071,
      "cogs": 2839987,
      "rd": null,
      "sga": 8896765,
      "fcf": 2216910,
      "ocf": 3382832,
      "capex": -1165922,
      "gross_margin": 0.7765320782981675,
      "op_margin": 0.07826472587560286,
      "fcf_margin": 0.1744403302902476,
      "incr_op_margin_yoy": 0.01886704133488596,
      "rev_growth_yoy": -0.5430588123283756,
      "rev_growth_yoy_accel": -0.6509770546318752,
      "fcf_margin_change": 0.08289026348379422
    },
    {
      "date": "2024-03-31T00:00:00",
      "quarter_label": "2024-03 (Q1)",
      "revenue": 29722166,
      "gross_profit": 27006090,
      "operating_income": 1090276,
      "net_income": 946979,
      "opex": 25915814,
      "cogs": 2716076,
      "rd": null,
      "sga": 25553711,
      "fcf": 2415284,
      "ocf": 2810330,
      "capex": -395046,
      "gross_margin": 0.9086178308808315,
      "op_margin": 0.03668225256530765,
      "fcf_margin": 0.08126204530315859,
      "incr_op_margin_yoy": 1.3904847043875623,
      "rev_growth_yoy": 0.044704909593565594,
      "rev_growth_yoy_accel": 0.5877637219219412,
      "op_leverage_ratio": 0.6971086913518159,
      "fcf_margin_change": -0.09317828498708902
    },
    {
      "date": "2024-06-30T00:00:00",
      "quarter_label": "2024-06 (Q2)",
      "revenue": 30260561,
      "gross_profit": 27433889,
      "operating_income": -3497986,
      "net_income": -3596398,
      "opex": 30931875,
      "cogs": 2826672,
      "rd": null,
      "sga": 29496555,
      "fcf": -1235860,
      "ocf": -973456,
      "capex": -262404,
      "gross_margin": 0.906588909571108,
      "op_margin": -0.11559554365168577,
      "fcf_margin": -0.04084061759463085,
      "rev_growth_yoy": 0.032530488087835395,
      "rev_growth_yoy_accel": -0.012174421505730199,
      "op_leverage_ratio": 0.09358852607398245,
      "fcf_margin_change": -0.12210266289778943
    },
    {
      "date": "2024-09-30T00:00:00",
      "quarter_label": "2024-09 (Q3)",
      "revenue": 30198490,
      "gross_profit": 27375223,
      "operating_income": -3185887,
      "net_income": -3165139,
      "opex": 30561110,
      "cogs": 2823267,
      "rd": null,
      "sga": 26755892,
      "fcf": 3204118,
      "ocf": 3448062,
      "capex": -243944,
      "gross_margin": 0.906509663231506,
      "op_margin": -0.1054982219309641,
      "fcf_margin": 0.10610192761293694,
      "rev_growth_yoy": 0.02458242022472116,
      "rev_growth_yoy_accel": -0.007948067863114236,
      "fcf_margin_change": 0.14694254520756778
    },
    {
      "date": "2024-12-31T00:00:00",
      "quarter_label": "2024-12 (Q4)",
      "revenue": 14447457,
      "gross_profit": 11262666,
      "operating_income": 943684,
      "net_income": null,
      "opex": 10318982,
      "cogs": 3184791,
      "rd": null,
      "sga": 10308858,
      "fcf": 3845861,
      "ocf": 4130114,
      "capex": -284253,
      "gross_margin": 0.7795604444436138,
      "op_margin": 0.06531834633596764,
      "fcf_margin": 0.26619639705451276,
      "incr_op_margin_yoy": -0.029307734955335885,
      "rev_growth_yoy": 0.13681618601303155,
      "rev_growth_yoy_accel": 0.1122337657883104,
      "fcf_margin_change": 0.16009446944157582
    },
    {
      "date": "2025-03-31T00:00:00",
      "quarter_label": "2025-03 (Q1)",
      "revenue": 13077590,
      "gross_profit": 10105464,
      "operating_income": -678534,
      "net_income": null,
      "opex": 10783998,
      "cogs": 2972126,
      "rd": null,
      "sga": 10782025,
      "fcf": -4032159,
      "ocf": -3700654,
      "capex": -331505,
      "gross_margin": 0.7727313671708625,
      "op_margin": -0.05188524797000059,
      "fcf_margin": -0.30832584597009083,
      "incr_op_margin_yoy": 0.10626945378482455,
      "rev_growth_yoy": -0.5600054854683202,
      "rev_growth_yoy_accel": -0.6968216714813518,
      "fcf_margin_change": -0.5745222430246035
    },
    {
      "date": "2025-06-30T00:00:00",
      "quarter_label": "2025-06 (Q2)",
      "revenue": 13270270,
      "gross_profit": 10497663,
      "operating_income": -1138167,
      "net_income": null,
      "opex": 11635830,
      "cogs": 2772607,
      "rd": null,
      "sga": 11631390,
      "fcf": 363609,
      "ocf": 868649,
      "capex": -505040,
      "gross_margin": 0.7910662706938141,
      "op_margin": -0.08576818708285514,
      "fcf_margin": 0.027400271433814082,
      "incr_op_margin_yoy": -0.13889220614290831,
      "rev_growth_yoy": -0.5614664909880553,
      "rev_growth_yoy_accel": -0.001461005519735159,
      "op_leverage_ratio": 0.18652402047039968,
      "fcf_margin_change": 0.3357261174039049
    },
    {
      "date": "2025-09-30T00:00:00",
      "quarter_label": "2025-09 (Q3)",
      "revenue": 13380685,
      "gross_profit": 10719451,
      "operating_income": 160915,
      "net_income": null,
      "opex": 10558536,
      "cogs": 2661234,
      "rd": null,
      "sga": 10558536,
      "fcf": 1455192,
      "ocf": 1773032,
      "capex": -317840,
      "gross_margin": 0.8011137695865346,
      "op_margin": 0.012025916460928569,
      "fcf_margin": 0.1087531766871427,
      "incr_op_margin_yoy": -0.19900349659185607,
      "rev_growth_yoy": -0.556908805705186,
      "rev_growth_yoy_accel": 0.004557685282869373,
      "fcf_margin_change": 0.08135290525332861
    }
  ],
  "signals": [
    {
      "quarter": "2025-09 (Q3)",
      "signal": "FCF MARGIN EXPANSION",
      "detail": "FCF margin: +2.7% -> +10.9% (+8.1%)",
      "severity": "MEDIUM"
    },
    {
      "quarter": "2025-09 (Q3)",
      "signal": "OP MARGIN TURNED POSITIVE (YoY)",
      "detail": "Op margin: -10.5% (year-ago) -> +1.2%",
      "severity": "HIGH"
    },
    {
      "quarter": "2025-09 (Q3)",
      "signal": "OP MARGIN TURNED POSITIVE (QoQ)",
      "detail": "Op margin: -8.6% -> +1.2%",
      "severity": "HIGH"
    },
    {
      "quarter": "2025-06 (Q2)",
      "signal": "FCF TURNED POSITIVE",
      "detail": "FCF margin: -30.8% -> +2.7%",
      "severity": "HIGH"
    },
    {
      "quarter": "2025-03 (Q1)",
      "signal": "YoY REVENUE GROWTH DECELERATION",
      "detail": "YoY growth: -56.0% vs prior quarter YoY: +13.7% (decel: -69.7%)",
      "severity": "WARNING"
    },
    {
      "quarter": "2024-12 (Q4)",
      "signal": "FCF MARGIN EXPANSION",
      "detail": "FCF margin: +10.6% -> +26.6% (+16.0%)",
      "severity": "MEDIUM"
    },
    {
      "quarter": "2024-12 (Q4)",
      "signal": "YoY REVENUE GROWTH ACCELERATION",
      "detail": "YoY growth: +13.7% vs prior quarter YoY: +2.5% (accel: +11.2%)",
      "severity": "MEDIUM"
    },
    {
      "quarter": "2024-12 (Q4)",
      "signal": "OP MARGIN TURNED POSITIVE (QoQ)",
      "detail": "Op margin: -10.5% -> +6.5%",
      "severity": "HIGH"
    },
    {
      "quarter": "2024-09 (Q3)",
      "signal": "FCF TURNED POSITIVE",
      "detail": "FCF margin: -4.1% -> +10.6%",
      "severity": "HIGH"
    },
    {
      "quarter": "2024-03 (Q1)",
      "signal": "GROSS MARGIN INFLECTION",
      "detail": "GM: +91.2% -> +77.7% -> +90.9% (reversal +13.2%)",
      "severity": "HIGH"
    },
    {
      "quarter": "2024-03 (Q1)",
      "signal": "YoY REVENUE GROWTH ACCELERATION",
      "detail": "YoY growth: +4.5% vs prior quarter YoY: -54.3% (accel: +58.8%)",
      "severity": "HIGH"
    },
    {
      "quarter": "2024-03 (Q1)",
      "signal": "OP MARGIN TURNED POSITIVE (YoY)",
      "detail": "Op margin: -2.4% (year-ago) -> +3.7%",
      "severity": "HIGH"
    },
    {
      "quarter": "2023-12 (Q4)",
      "signal": "FCF MARGIN EXPANSION",
      "detail": "FCF margin: +9.2% -> +17.4% (+8.3%)",
      "severity": "MEDIUM"
    },
    {
      "quarter": "2023-12 (Q4)",
      "signal": "YoY REVENUE GROWTH DECELERATION",
      "detail": "YoY growth: -54.3% vs prior quarter YoY: +10.8% (decel: -65.1%)",
      "severity": "WARNING"
    },
    {
      "quarter": "2023-12 (Q4)",
      "signal": "OP MARGIN TURNED POSITIVE (QoQ)",
      "detail": "Op margin: -3.0% -> +7.8%",
      "severity": "HIGH"
    },
    {
      "quarter": "2023-09 (Q3)",
      "signal": "FCF TURNED POSITIVE",
      "detail": "FCF margin: -0.2% -> +9.2%",
      "severity": "HIGH"
    },
    {
      "quarter": "2023-09 (Q3)",
      "signal": "YoY REVENUE GROWTH DECELERATION",
      "detail": "YoY growth: +10.8% vs prior quarter YoY: +17.0% (decel: -6.2%)",
      "severity": "WARNING"
    },
    {
      "quarter": "2023-06 (Q2)",
      "signal": "YoY REVENUE GROWTH DECELERATION",
      "detail": "YoY growth: +17.0% vs prior quarter YoY: +26.8% (decel: -9.8%)",
      "severity": "WARNING"
    },
    {
      "quarter": "2022-12 (Q4)",
      "signal": "OPERATING LEVERAGE",
      "detail": "Rev growth +4.5% vs OpEx growth +1.4% (leverage: 3.3x)",
      "severity": "MEDIUM"
    },
    {
      "quarter": "2022-12 (Q4)",
      "signal": "INCREMENTAL MARGIN (YoY)",
      "detail": "YoY Incr OPM: +22.3% vs year-ago OPM: +0.0%",
      "severity": "HIGH"
    },
    {
      "quarter": "2022-09 (Q3)",
      "signal": "FCF TURNED POSITIVE",
      "detail": "FCF margin: -13.0% -> +11.5%",
      "severity": "HIGH"
    },
    {
      "quarter": "2022-06 (Q2)",
      "signal": "OP MARGIN TURNED POSITIVE (QoQ)",
      "detail": "Op margin: -0.8% -> +1.9%",
      "severity": "HIGH"
    },
    {
      "quarter": "2021-06 (Q2)",
      "signal": "FCF TURNED POSITIVE",
      "detail": "FCF margin: -0.4% -> +22.0%",
      "severity": "HIGH"
    }
  ],
  "data_quality": {
    "n_quarters": 20,
    "coverage": {
      "revenue": [
        20,
        20
      ],
      "gross_profit": [
        20,
        20
      ],
      "op_income": [
        20,
        20
      ],
      "fcf": [
        20,
        20
      ]
    },
    "gaps": [],
    "warnings": []
  },
  "market_cap": null,
  "source": "SEC EDGAR",
  "last_updated": "2026-02-02T23:10:13.161871",
  "sector": "Healthcare",
  "industry": "Medical Care Facilities"
}