{
  "ticker": "KAI",
  "name": "KADANT INC.",
  "quarters": [
    {
      "date": "2021-01-02T00:00:00",
      "quarter_label": "2021-01 (Q1)",
      "revenue": 168431000,
      "gross_profit": 74219000,
      "operating_income": 22013000,
      "net_income": 16207000,
      "opex": 146418000,
      "cogs": 94212000,
      "rd": 2766000,
      "sga": 47387000,
      "fcf": 38107000,
      "ocf": 40283000,
      "capex": -2176000,
      "gross_margin": 0.44064928665150715,
      "op_margin": 0.1306944683579626,
      "fcf_margin": 0.22624694978952806
    },
    {
      "date": "2021-04-03T00:00:00",
      "quarter_label": "2021-04 (Q2)",
      "revenue": 172463000,
      "gross_profit": 75715000,
      "operating_income": 23427000,
      "net_income": 16561000,
      "opex": 149036000,
      "cogs": 96748000,
      "rd": 2857000,
      "sga": 49431000,
      "fcf": 16833000,
      "ocf": 19092000,
      "capex": -2259000,
      "gross_margin": 0.43902170320590506,
      "op_margin": 0.13583783188278065,
      "fcf_margin": 0.09760354394855708,
      "op_leverage_ratio": 1.338823492582389,
      "fcf_margin_change": -0.12864340584097098
    },
    {
      "date": "2021-07-03T00:00:00",
      "quarter_label": "2021-07 (Q3)",
      "revenue": 195811000,
      "gross_profit": 85318000,
      "operating_income": 33010000,
      "net_income": 22864000,
      "opex": 162801000,
      "cogs": 110493000,
      "rd": 3041000,
      "sga": 49267000,
      "fcf": 42327000,
      "ocf": 44386000,
      "capex": -2059000,
      "gross_margin": 0.43571607315217226,
      "op_margin": 0.16858092752705414,
      "fcf_margin": 0.2161625240665744,
      "op_leverage_ratio": 1.4657797530839694,
      "fcf_margin_change": 0.11855898011801733
    },
    {
      "date": "2021-10-02T00:00:00",
      "quarter_label": "2021-10 (Q4)",
      "revenue": 199789000,
      "gross_profit": 83693000,
      "operating_income": 28728000,
      "net_income": 20461000,
      "opex": 171061000,
      "cogs": 116096000,
      "rd": 2649000,
      "sga": 52316000,
      "fcf": 34562000,
      "ocf": 37932000,
      "capex": -3370000,
      "gross_margin": 0.4189069468289045,
      "op_margin": 0.14379170024375718,
      "fcf_margin": 0.1729925070949852,
      "op_leverage_ratio": 0.40040981480597804,
      "fcf_margin_change": -0.043170016971589203
    },
    {
      "date": "2022-01-01T00:00:00",
      "quarter_label": "2022-01 (Q1)",
      "revenue": 218516000,
      "gross_profit": 92639000,
      "operating_income": 31545000,
      "net_income": 24157000,
      "opex": 186971000,
      "cogs": 125877000,
      "rd": 2856000,
      "sga": 57773000,
      "fcf": 55927000,
      "ocf": 61010000,
      "capex": -5083000,
      "gross_margin": 0.42394607259880285,
      "op_margin": 0.14436013838803566,
      "fcf_margin": 0.255940068461806,
      "incr_op_margin_yoy": 0.19031646201457522,
      "rev_growth_yoy": 0.29736212454951877,
      "op_leverage_ratio": 1.0078072174440704,
      "fcf_margin_change": 0.0829475613668208
    },
    {
      "date": "2022-04-02T00:00:00",
      "quarter_label": "2022-04 (Q2)",
      "revenue": 226480000,
      "gross_profit": 98211000,
      "operating_income": 55973000,
      "net_income": 41192000,
      "opex": 170507000,
      "cogs": 128269000,
      "rd": 3078000,
      "sga": 59168000,
      "fcf": 20900000,
      "ocf": 23768000,
      "capex": -2868000,
      "gross_margin": 0.4336409395973154,
      "op_margin": 0.24714323560579302,
      "fcf_margin": 0.09228187919463088,
      "incr_op_margin_yoy": 0.6025140233630153,
      "rev_growth_yoy": 0.3132092100914399,
      "rev_growth_yoy_accel": 0.015847085541921158,
      "op_leverage_ratio": Infinity,
      "fcf_margin_change": -0.16365818926717512
    },
    {
      "date": "2022-07-02T00:00:00",
      "quarter_label": "2022-07 (Q3)",
      "revenue": 221649000,
      "gross_profit": 96038000,
      "operating_income": 37468000,
      "net_income": 26170000,
      "opex": 184181000,
      "cogs": 125611000,
      "rd": 3251000,
      "sga": 55319000,
      "fcf": 11850000,
      "ocf": 18797000,
      "capex": -6947000,
      "gross_margin": 0.433288668119414,
      "op_margin": 0.16904204395237515,
      "fcf_margin": 0.05346290757007701,
      "incr_op_margin_yoy": 0.17253657403823824,
      "rev_growth_yoy": 0.13195377174928885,
      "rev_growth_yoy_accel": -0.18125543834215108,
      "fcf_margin_change": -0.03881897162455387
    },
    {
      "date": "2022-10-01T00:00:00",
      "quarter_label": "2022-10 (Q4)",
      "revenue": 224510000,
      "gross_profit": 95356000,
      "operating_income": 38886000,
      "net_income": 27487000,
      "opex": 185624000,
      "cogs": 129154000,
      "rd": 3245000,
      "sga": 53153000,
      "fcf": 18521000,
      "ocf": 24897000,
      "capex": -6376000,
      "gross_margin": 0.42472941071667186,
      "op_margin": 0.17320386619749678,
      "fcf_margin": 0.08249521179457485,
      "incr_op_margin_yoy": 0.4109057076979087,
      "rev_growth_yoy": 0.12373554099575051,
      "rev_growth_yoy_accel": -0.008218230753538336,
      "op_leverage_ratio": 1.6475195511103637,
      "fcf_margin_change": 0.02903230422449784
    },
    {
      "date": "2022-12-31T00:00:00",
      "quarter_label": "2022-12 (Q4)",
      "revenue": 232100000,
      "gross_profit": 99950000,
      "operating_income": 38955000,
      "net_income": 26079000,
      "opex": 193145000,
      "cogs": 132150000,
      "rd": 3150000,
      "sga": 56765000,
      "fcf": 23155000,
      "ocf": 35163000,
      "capex": -12008000,
      "gross_margin": 0.4306333476949591,
      "op_margin": 0.16783713916415338,
      "fcf_margin": 0.09976303317535545,
      "incr_op_margin_yoy": 0.5454946996466431,
      "rev_growth_yoy": 0.062164784272089914,
      "rev_growth_yoy_accel": -0.0615707567236606,
      "op_leverage_ratio": 0.8343814194337189,
      "fcf_margin_change": 0.017267821380780604
    },
    {
      "date": "2023-04-01T00:00:00",
      "quarter_label": "2023-04 (Q2)",
      "revenue": 229758000,
      "gross_profit": 102046000,
      "operating_income": 40114000,
      "net_income": 28075000,
      "opex": 189644000,
      "cogs": 127712000,
      "rd": 3370000,
      "sga": 58562000,
      "fcf": 32397000,
      "ocf": 36866000,
      "capex": -4469000,
      "gross_margin": 0.44414557926165793,
      "op_margin": 0.17459239721794237,
      "fcf_margin": 0.14100488339905465,
      "incr_op_margin_yoy": -4.838010982306284,
      "rev_growth_yoy": 0.014473684210526316,
      "rev_growth_yoy_accel": -0.0476911000615636,
      "fcf_margin_change": 0.041241850223699195
    },
    {
      "date": "2023-07-01T00:00:00",
      "quarter_label": "2023-07 (Q3)",
      "revenue": 245053000,
      "gross_profit": 106550000,
      "operating_income": 43078000,
      "net_income": 29734000,
      "opex": 201975000,
      "cogs": 138503000,
      "rd": 3408000,
      "sga": 59990000,
      "fcf": 13701000,
      "ocf": 22478000,
      "capex": -8777000,
      "gross_margin": 0.434803899564584,
      "op_margin": 0.17579054327023133,
      "fcf_margin": 0.05591035408666697,
      "incr_op_margin_yoy": 0.2397026149376175,
      "rev_growth_yoy": 0.10559037036034451,
      "rev_growth_yoy_accel": 0.09111668614981819,
      "op_leverage_ratio": 1.0238106629268973,
      "fcf_margin_change": -0.08509452931238767
    },
    {
      "date": "2023-09-30T00:00:00",
      "quarter_label": "2023-09 (Q3)",
      "revenue": 244182000,
      "gross_profit": 105726000,
      "operating_income": 43544000,
      "net_income": 30864000,
      "opex": 200638000,
      "cogs": 138456000,
      "rd": 3324000,
      "sga": 57889000,
      "fcf": 38119000,
      "ocf": 46967000,
      "capex": -8848000,
      "gross_margin": 0.4329803179595548,
      "op_margin": 0.17832600273566437,
      "fcf_margin": 0.15610896790099188,
      "incr_op_margin_yoy": 0.2367832452216348,
      "rev_growth_yoy": 0.08762193220791947,
      "rev_growth_yoy_accel": -0.017968438152425034,
      "fcf_margin_change": 0.1001986138143249
    },
    {
      "date": "2023-12-30T00:00:00",
      "quarter_label": "2023-12 (Q4)",
      "revenue": 238679000,
      "gross_profit": 101984000,
      "operating_income": 39021000,
      "net_income": 27396000,
      "opex": 199658000,
      "cogs": 136695000,
      "rd": 3460000,
      "sga": 59823000,
      "fcf": 49478000,
      "ocf": 59234000,
      "capex": -9756000,
      "gross_margin": 0.4272851821903058,
      "op_margin": 0.16348736168661676,
      "fcf_margin": 0.20729934346968104,
      "incr_op_margin_yoy": 0.010031919744642043,
      "rev_growth_yoy": 0.02834554071520896,
      "rev_growth_yoy_accel": -0.05927639149271051,
      "fcf_margin_change": 0.05119037556868916
    },
    {
      "date": "2024-03-30T00:00:00",
      "quarter_label": "2024-03 (Q1)",
      "revenue": 248975000,
      "gross_profit": 110962000,
      "operating_income": 36927000,
      "net_income": 24689000,
      "opex": 212048000,
      "cogs": 138013000,
      "rd": 3730000,
      "sga": 70305000,
      "fcf": 16560000,
      "ocf": 22831000,
      "capex": -6271000,
      "gross_margin": 0.44567526860126516,
      "op_margin": 0.14831609599357365,
      "fcf_margin": 0.06651270207852195,
      "incr_op_margin_yoy": -0.16584274340427746,
      "rev_growth_yoy": 0.08364017792633989,
      "rev_growth_yoy_accel": 0.055294637211130926,
      "op_leverage_ratio": 0.6951359260754313,
      "fcf_margin_change": -0.1407866413911591
    },
    {
      "date": "2024-06-29T00:00:00",
      "quarter_label": "2024-06 (Q2)",
      "revenue": 274765000,
      "gross_profit": 121887000,
      "operating_income": 48401000,
      "net_income": 31291000,
      "opex": 226364000,
      "cogs": 152878000,
      "rd": 3482000,
      "sga": 70004000,
      "fcf": 23092000,
      "ocf": 28066000,
      "capex": -4974000,
      "gross_margin": 0.4436045347842702,
      "op_margin": 0.17615416810729168,
      "fcf_margin": 0.08404272742161484,
      "incr_op_margin_yoy": 0.1791532040926225,
      "rev_growth_yoy": 0.1212472403928946,
      "rev_growth_yoy_accel": 0.03760706246655471,
      "op_leverage_ratio": 1.5342922523278664,
      "fcf_margin_change": 0.017530025343092892
    },
    {
      "date": "2024-09-28T00:00:00",
      "quarter_label": "2024-09 (Q3)",
      "revenue": 271614000,
      "gross_profit": 121439000,
      "operating_income": 48987000,
      "net_income": 31586000,
      "opex": 222627000,
      "cogs": 150175000,
      "rd": 3409000,
      "sga": 69043000,
      "fcf": 48293000,
      "ocf": 52478000,
      "capex": -4185000,
      "gross_margin": 0.4471014012532491,
      "op_margin": 0.18035520996708565,
      "fcf_margin": 0.17780011339621668,
      "incr_op_margin_yoy": 0.19841790609507146,
      "rev_growth_yoy": 0.11234243310317714,
      "rev_growth_yoy_accel": -0.008904807289717459,
      "fcf_margin_change": 0.09375738597460184
    },
    {
      "date": "2024-12-28T00:00:00",
      "quarter_label": "2024-12 (Q4)",
      "revenue": 258030000,
      "gross_profit": 111860000,
      "operating_income": 36937000,
      "net_income": 24032000,
      "opex": 221093000,
      "cogs": 146170000,
      "rd": 3697000,
      "sga": 70568000,
      "fcf": 46315000,
      "ocf": 51890000,
      "capex": -5575000,
      "gross_margin": 0.4335154826958106,
      "op_margin": 0.14315002131535093,
      "fcf_margin": 0.17949463240708444,
      "incr_op_margin_yoy": -0.10769469278073485,
      "rev_growth_yoy": 0.08107541928699215,
      "rev_growth_yoy_accel": -0.03126701381618499,
      "fcf_margin_change": 0.0016945190108677566
    },
    {
      "date": "2025-03-29T00:00:00",
      "quarter_label": "2025-03 (Q1)",
      "revenue": 239210000,
      "gross_profit": 110330000,
      "operating_income": 35586000,
      "net_income": 24063000,
      "opex": 203624000,
      "cogs": 128880000,
      "rd": 3523000,
      "sga": 71221000,
      "fcf": 18999000,
      "ocf": 22835000,
      "capex": -3836000,
      "gross_margin": 0.4612265373521174,
      "op_margin": 0.14876468375067933,
      "fcf_margin": 0.07942393712637431,
      "incr_op_margin_yoy": 0.13732718894009216,
      "rev_growth_yoy": -0.03922080530173712,
      "rev_growth_yoy_accel": -0.12029622458872927,
      "fcf_margin_change": -0.10007069528071012
    },
    {
      "date": "2025-06-28T00:00:00",
      "quarter_label": "2025-06 (Q2)",
      "revenue": 255267000,
      "gross_profit": 117042000,
      "operating_income": 39377000,
      "net_income": 26159000,
      "opex": 215890000,
      "cogs": 138225000,
      "rd": 3724000,
      "sga": 73941000,
      "fcf": 36514000,
      "ocf": 40482000,
      "capex": -3968000,
      "gross_margin": 0.45850815028969666,
      "op_margin": 0.15425809054832784,
      "fcf_margin": 0.1430423830734094,
      "incr_op_margin_yoy": 0.4628166991486306,
      "rev_growth_yoy": -0.07096245882845341,
      "rev_growth_yoy_accel": -0.03174165352671629,
      "op_leverage_ratio": 1.1143229637221053,
      "fcf_margin_change": 0.0636184459470351
    },
    {
      "date": "2025-09-27T00:00:00",
      "quarter_label": "2025-09 (Q3)",
      "revenue": 271567000,
      "gross_profit": 122661000,
      "operating_income": 42616000,
      "net_income": 27722000,
      "opex": 228951000,
      "cogs": 148906000,
      "rd": 3919000,
      "sga": 75839000,
      "fcf": 44058000,
      "ocf": 47252000,
      "capex": -3194000,
      "gross_margin": 0.4516785912868648,
      "op_margin": 0.15692628338494735,
      "fcf_margin": 0.16223620690290058,
      "rev_growth_yoy": -0.00017303968131245076,
      "rev_growth_yoy_accel": 0.07078941914714096,
      "op_leverage_ratio": 1.055477614582517,
      "fcf_margin_change": 0.01919382382949117
    }
  ],
  "signals": [
    {
      "quarter": "2025-09 (Q3)",
      "signal": "YoY REVENUE GROWTH ACCELERATION",
      "detail": "YoY growth: -0.0% vs prior quarter YoY: -7.1% (accel: +7.1%)",
      "severity": "MEDIUM"
    },
    {
      "quarter": "2025-06 (Q2)",
      "signal": "FCF MARGIN EXPANSION",
      "detail": "FCF margin: +7.9% -> +14.3% (+6.4%)",
      "severity": "MEDIUM"
    },
    {
      "quarter": "2025-06 (Q2)",
      "signal": "INCREMENTAL MARGIN (YoY)",
      "detail": "YoY Incr OPM: +46.3% vs year-ago OPM: +17.6%",
      "severity": "HIGH"
    },
    {
      "quarter": "2025-03 (Q1)",
      "signal": "GROSS MARGIN INFLECTION",
      "detail": "GM: +44.7% -> +43.4% -> +46.1% (reversal +2.8%)",
      "severity": "MEDIUM"
    },
    {
      "quarter": "2025-03 (Q1)",
      "signal": "YoY REVENUE GROWTH DECELERATION",
      "detail": "YoY growth: -3.9% vs prior quarter YoY: +8.1% (decel: -12.0%)",
      "severity": "WARNING"
    },
    {
      "quarter": "2024-09 (Q3)",
      "signal": "FCF MARGIN EXPANSION",
      "detail": "FCF margin: +8.4% -> +17.8% (+9.4%)",
      "severity": "MEDIUM"
    },
    {
      "quarter": "2024-06 (Q2)",
      "signal": "OPERATING LEVERAGE",
      "detail": "Rev growth +10.4% vs OpEx growth +6.8% (leverage: 1.5x)",
      "severity": "MEDIUM"
    },
    {
      "quarter": "2024-03 (Q1)",
      "signal": "YoY REVENUE GROWTH ACCELERATION",
      "detail": "YoY growth: +8.4% vs prior quarter YoY: +2.8% (accel: +5.5%)",
      "severity": "MEDIUM"
    },
    {
      "quarter": "2023-12 (Q4)",
      "signal": "FCF MARGIN EXPANSION",
      "detail": "FCF margin: +15.6% -> +20.7% (+5.1%)",
      "severity": "MEDIUM"
    },
    {
      "quarter": "2023-12 (Q4)",
      "signal": "YoY REVENUE GROWTH DECELERATION",
      "detail": "YoY growth: +2.8% vs prior quarter YoY: +8.8% (decel: -5.9%)",
      "severity": "WARNING"
    },
    {
      "quarter": "2023-09 (Q3)",
      "signal": "FCF MARGIN EXPANSION",
      "detail": "FCF margin: +5.6% -> +15.6% (+10.0%)",
      "severity": "MEDIUM"
    },
    {
      "quarter": "2023-07 (Q3)",
      "signal": "YoY REVENUE GROWTH ACCELERATION",
      "detail": "YoY growth: +10.6% vs prior quarter YoY: +1.4% (accel: +9.1%)",
      "severity": "MEDIUM"
    },
    {
      "quarter": "2022-12 (Q4)",
      "signal": "YoY REVENUE GROWTH DECELERATION",
      "detail": "YoY growth: +6.2% vs prior quarter YoY: +12.4% (decel: -6.2%)",
      "severity": "WARNING"
    },
    {
      "quarter": "2022-12 (Q4)",
      "signal": "INCREMENTAL MARGIN (YoY)",
      "detail": "YoY Incr OPM: +54.5% vs year-ago OPM: +14.4%",
      "severity": "HIGH"
    },
    {
      "quarter": "2022-10 (Q4)",
      "signal": "OPERATING LEVERAGE",
      "detail": "Rev growth +1.3% vs OpEx growth +0.8% (leverage: 1.6x)",
      "severity": "MEDIUM"
    },
    {
      "quarter": "2022-10 (Q4)",
      "signal": "INCREMENTAL MARGIN (YoY)",
      "detail": "YoY Incr OPM: +41.1% vs year-ago OPM: +14.4%",
      "severity": "HIGH"
    },
    {
      "quarter": "2022-07 (Q3)",
      "signal": "YoY REVENUE GROWTH DECELERATION",
      "detail": "YoY growth: +13.2% vs prior quarter YoY: +31.3% (decel: -18.1%)",
      "severity": "WARNING"
    },
    {
      "quarter": "2022-04 (Q2)",
      "signal": "INCREMENTAL MARGIN (YoY)",
      "detail": "YoY Incr OPM: +60.3% vs year-ago OPM: +13.6%",
      "severity": "HIGH"
    },
    {
      "quarter": "2022-01 (Q1)",
      "signal": "FCF MARGIN EXPANSION",
      "detail": "FCF margin: +17.3% -> +25.6% (+8.3%)",
      "severity": "MEDIUM"
    },
    {
      "quarter": "2021-07 (Q3)",
      "signal": "FCF MARGIN EXPANSION",
      "detail": "FCF margin: +9.8% -> +21.6% (+11.9%)",
      "severity": "MEDIUM"
    }
  ],
  "data_quality": {
    "n_quarters": 20,
    "coverage": {
      "revenue": [
        20,
        20
      ],
      "gross_profit": [
        20,
        20
      ],
      "op_income": [
        20,
        20
      ],
      "fcf": [
        20,
        20
      ]
    },
    "gaps": [],
    "warnings": []
  },
  "market_cap": null,
  "source": "SEC EDGAR",
  "last_updated": "2026-02-02T21:15:04.581358"
}