{
  "ticker": "KARX",
  "name": "KARBON-X CORP.",
  "quarters": [
    {
      "date": "2021-02-28T00:00:00",
      "quarter_label": "2021-02 (Q1)",
      "revenue": 0,
      "gross_profit": null,
      "operating_income": null,
      "net_income": -12299,
      "opex": 12299,
      "cogs": null,
      "rd": null,
      "sga": null,
      "fcf": -43,
      "ocf": -43,
      "capex": null,
      "gross_margin": null,
      "op_margin": null,
      "fcf_margin": null
    },
    {
      "date": "2021-05-31T00:00:00",
      "quarter_label": "2021-05 (Q2)",
      "revenue": 0,
      "gross_profit": null,
      "operating_income": null,
      "net_income": -2627,
      "opex": null,
      "cogs": null,
      "rd": null,
      "sga": null,
      "fcf": -33,
      "ocf": -33,
      "capex": null,
      "gross_margin": null,
      "op_margin": null,
      "fcf_margin": null
    },
    {
      "date": "2021-08-31T00:00:00",
      "quarter_label": "2021-08 (Q3)",
      "revenue": 0,
      "gross_profit": null,
      "operating_income": null,
      "net_income": -8224,
      "opex": null,
      "cogs": null,
      "rd": null,
      "sga": null,
      "fcf": -33,
      "ocf": -33,
      "capex": null,
      "gross_margin": null,
      "op_margin": null,
      "fcf_margin": null
    },
    {
      "date": "2021-11-30T00:00:00",
      "quarter_label": "2021-11 (Q4)",
      "revenue": 0,
      "gross_profit": null,
      "operating_income": null,
      "net_income": -24692,
      "opex": null,
      "cogs": null,
      "rd": null,
      "sga": null,
      "fcf": -185,
      "ocf": -185,
      "capex": null,
      "gross_margin": null,
      "op_margin": null,
      "fcf_margin": null
    },
    {
      "date": "2022-02-28T00:00:00",
      "quarter_label": "2022-02 (Q1)",
      "revenue": 0,
      "gross_profit": 0,
      "operating_income": -1865,
      "net_income": -1865,
      "opex": 1865,
      "cogs": 0,
      "rd": null,
      "sga": null,
      "fcf": 361,
      "ocf": 361,
      "capex": null,
      "gross_margin": null,
      "op_margin": null,
      "fcf_margin": null
    },
    {
      "date": "2022-05-31T00:00:00",
      "quarter_label": "2022-05 (Q2)",
      "revenue": 0,
      "gross_profit": 0,
      "operating_income": -203964,
      "net_income": -203964,
      "opex": 203964,
      "cogs": 0,
      "rd": null,
      "sga": null,
      "fcf": -187983,
      "ocf": -184730,
      "capex": -3253,
      "gross_margin": null,
      "op_margin": null,
      "fcf_margin": null
    },
    {
      "date": "2022-08-31T00:00:00",
      "quarter_label": "2022-08 (Q3)",
      "revenue": 0,
      "gross_profit": 0,
      "operating_income": -195868,
      "net_income": -195868,
      "opex": 195868,
      "cogs": 0,
      "rd": null,
      "sga": null,
      "fcf": -187829,
      "ocf": -184587,
      "capex": -3242,
      "gross_margin": null,
      "op_margin": null,
      "fcf_margin": null
    },
    {
      "date": "2022-11-30T00:00:00",
      "quarter_label": "2022-11 (Q4)",
      "revenue": 0,
      "gross_profit": 0,
      "operating_income": -142415,
      "net_income": -141922,
      "opex": 142415,
      "cogs": 0,
      "rd": null,
      "sga": null,
      "fcf": -203947,
      "ocf": -204142,
      "capex": 195,
      "gross_margin": null,
      "op_margin": null,
      "fcf_margin": null
    },
    {
      "date": "2023-02-28T00:00:00",
      "quarter_label": "2023-02 (Q1)",
      "revenue": 7823,
      "gross_profit": 6634,
      "operating_income": -385265,
      "net_income": -371789,
      "opex": 391898,
      "cogs": 1190,
      "rd": null,
      "sga": null,
      "fcf": -484153,
      "ocf": -484154,
      "capex": 1,
      "gross_margin": 0.8480122715070945,
      "op_margin": -49.247731049469515,
      "fcf_margin": -61.88840598235971
    },
    {
      "date": "2023-05-31T00:00:00",
      "quarter_label": "2023-05 (Q2)",
      "revenue": 2010,
      "gross_profit": 2174,
      "operating_income": -1321019,
      "net_income": -1351101,
      "opex": 1323194,
      "cogs": -165,
      "rd": null,
      "sga": null,
      "fcf": -616198,
      "ocf": -612186,
      "capex": -4012,
      "gross_margin": 1.081592039800995,
      "op_margin": -657.2233830845771,
      "fcf_margin": -306.5661691542289,
      "fcf_margin_change": -244.67776317186917
    },
    {
      "date": "2023-08-31T00:00:00",
      "quarter_label": "2023-08 (Q3)",
      "revenue": 3758,
      "gross_profit": 3209,
      "operating_income": -322265,
      "net_income": -350032,
      "opex": 325474,
      "cogs": 549,
      "rd": null,
      "sga": null,
      "fcf": -180276,
      "ocf": -180276,
      "capex": null,
      "gross_margin": 0.8539116551357104,
      "op_margin": -85.7543906333156,
      "fcf_margin": -47.97126130920702,
      "op_leverage_ratio": Infinity,
      "fcf_margin_change": 258.59490784502185
    },
    {
      "date": "2023-11-30T00:00:00",
      "quarter_label": "2023-11 (Q4)",
      "revenue": 36082,
      "gross_profit": 22430,
      "operating_income": -280927,
      "net_income": -1342063,
      "opex": 303357,
      "cogs": 13652,
      "rd": null,
      "sga": null,
      "fcf": -393077,
      "ocf": -393077,
      "capex": null,
      "gross_margin": 0.6216395986918685,
      "op_margin": -7.785793470428469,
      "fcf_margin": -10.893991463887811,
      "op_leverage_ratio": Infinity,
      "fcf_margin_change": 37.07726984531921
    },
    {
      "date": "2024-02-29T00:00:00",
      "quarter_label": "2024-02 (Q1)",
      "revenue": 247222,
      "gross_profit": 23464,
      "operating_income": -371399,
      "net_income": -471271,
      "opex": 394863,
      "cogs": 223758,
      "rd": null,
      "sga": null,
      "fcf": -1192204,
      "ocf": -464795,
      "capex": -727409,
      "gross_margin": 0.09491064711069404,
      "op_margin": -1.502289440260171,
      "fcf_margin": -4.822402536991045,
      "rev_growth_yoy": 30.60194298862329,
      "op_leverage_ratio": 19.399224293642693,
      "fcf_margin_change": 6.071588926896767
    },
    {
      "date": "2024-05-31T00:00:00",
      "quarter_label": "2024-05 (Q2)",
      "revenue": 124995,
      "gross_profit": 6851,
      "operating_income": -572352,
      "net_income": -581217,
      "opex": 579203,
      "cogs": 118144,
      "rd": null,
      "sga": null,
      "fcf": 667423,
      "ocf": -59986,
      "capex": 727409,
      "gross_margin": 0.05481019240769631,
      "op_margin": -4.578999159966399,
      "fcf_margin": 5.339597583903356,
      "rev_growth_yoy": 61.1865671641791,
      "rev_growth_yoy_accel": 30.584624175555813,
      "fcf_margin_change": 10.162000120894401
    },
    {
      "date": "2024-08-31T00:00:00",
      "quarter_label": "2024-08 (Q3)",
      "revenue": 127429,
      "gross_profit": 33331,
      "operating_income": -792353,
      "net_income": -804766,
      "opex": 825684,
      "cogs": 94098,
      "rd": null,
      "sga": null,
      "fcf": -1460119,
      "ocf": -1460119,
      "capex": null,
      "gross_margin": 0.26156526379395584,
      "op_margin": -6.217995903601221,
      "fcf_margin": -11.458294422776605,
      "rev_growth_yoy": 32.908728046833424,
      "rev_growth_yoy_accel": -28.27783911734568,
      "op_leverage_ratio": 0.04575886970467722,
      "fcf_margin_change": -16.797892006679962
    },
    {
      "date": "2024-11-30T00:00:00",
      "quarter_label": "2024-11 (Q4)",
      "revenue": 1175060,
      "gross_profit": 530823,
      "operating_income": -1205058,
      "net_income": -1161555,
      "opex": 1735881,
      "cogs": 644237,
      "rd": null,
      "sga": null,
      "fcf": -1904414,
      "ocf": -1904414,
      "capex": null,
      "gross_margin": 0.45174118768403315,
      "op_margin": -1.0255289091620854,
      "fcf_margin": -1.6206951134410157,
      "incr_op_margin_yoy": -0.8113686129143847,
      "rev_growth_yoy": 31.56637658666371,
      "rev_growth_yoy_accel": -1.3423514601697129,
      "op_leverage_ratio": 7.4579339916077245,
      "fcf_margin_change": 9.83759930933559
    },
    {
      "date": "2025-02-28T00:00:00",
      "quarter_label": "2025-02 (Q1)",
      "revenue": 238528,
      "gross_profit": 140676,
      "operating_income": -1681096,
      "net_income": -1686516,
      "opex": 1821772,
      "cogs": 97852,
      "rd": null,
      "sga": null,
      "fcf": -1131681,
      "ocf": -1131681,
      "capex": null,
      "gross_margin": 0.5897672390662732,
      "op_margin": -7.047793131204722,
      "fcf_margin": -4.744436711832573,
      "rev_growth_yoy": -0.03516677318361634,
      "rev_growth_yoy_accel": -31.601543359847327,
      "fcf_margin_change": -3.123741598391557
    },
    {
      "date": "2025-05-31T00:00:00",
      "quarter_label": "2025-05 (Q2)",
      "revenue": 1633423,
      "gross_profit": 99381,
      "operating_income": -2937401,
      "net_income": -3400655,
      "opex": 3036782,
      "cogs": 1534042,
      "rd": null,
      "sga": null,
      "fcf": -2005272,
      "ocf": -2002729,
      "capex": -2543,
      "gross_margin": 0.060842170093111214,
      "op_margin": -1.7983100519583721,
      "fcf_margin": -1.2276501555322779,
      "incr_op_margin_yoy": -1.5678898827123335,
      "rev_growth_yoy": 12.06790671626865,
      "rev_growth_yoy_accel": 12.103073489452267,
      "op_leverage_ratio": 8.768318592183736,
      "fcf_margin_change": 3.516786556300295
    },
    {
      "date": "2025-08-31T00:00:00",
      "quarter_label": "2025-08 (Q3)",
      "revenue": 35658933,
      "gross_profit": 293869,
      "operating_income": -2365065,
      "net_income": -2596234,
      "opex": 2658934,
      "cogs": 35365064,
      "rd": null,
      "sga": null,
      "fcf": -2679849,
      "ocf": -2679849,
      "capex": null,
      "gross_margin": 0.008241104690373096,
      "op_margin": -0.06632461492888753,
      "fcf_margin": -0.07515224866655433,
      "incr_op_margin_yoy": -0.04426246634535932,
      "rev_growth_yoy": 278.8337348641204,
      "rev_growth_yoy_accel": 266.7658281478518,
      "op_leverage_ratio": Infinity,
      "fcf_margin_change": 1.1524979068657235
    },
    {
      "date": "2025-11-30T00:00:00",
      "quarter_label": "2025-11 (Q4)",
      "revenue": 20847625,
      "gross_profit": 2003711,
      "operating_income": -869060,
      "net_income": -1447776,
      "opex": 2872771,
      "cogs": 18843914,
      "rd": null,
      "sga": null,
      "fcf": -836913,
      "ocf": -836913,
      "capex": null,
      "gross_margin": 0.09611219503420654,
      "op_margin": -0.041686283209718136,
      "fcf_margin": -0.040144285020475956,
      "incr_op_margin_yoy": 0.017079521658716085,
      "rev_growth_yoy": 16.741753612581487,
      "rev_growth_yoy_accel": -262.0919812515389,
      "fcf_margin_change": 0.035007963646078374
    }
  ],
  "signals": [
    {
      "quarter": "2025-11 (Q4)",
      "signal": "GROSS MARGIN INFLECTION",
      "detail": "GM: +6.1% -> +0.8% -> +9.6% (reversal +8.8%)",
      "severity": "HIGH"
    },
    {
      "quarter": "2025-11 (Q4)",
      "signal": "YoY REVENUE GROWTH DECELERATION",
      "detail": "YoY growth: +1674.2% vs prior quarter YoY: +27883.4% (decel: -26209.2%)",
      "severity": "WARNING"
    },
    {
      "quarter": "2025-08 (Q3)",
      "signal": "FCF MARGIN EXPANSION",
      "detail": "FCF margin: -122.8% -> -7.5% (+115.2%)",
      "severity": "MEDIUM"
    },
    {
      "quarter": "2025-08 (Q3)",
      "signal": "YoY REVENUE GROWTH ACCELERATION",
      "detail": "YoY growth: +27883.4% vs prior quarter YoY: +1206.8% (accel: +26676.6%)",
      "severity": "HIGH"
    },
    {
      "quarter": "2025-05 (Q2)",
      "signal": "FCF MARGIN EXPANSION",
      "detail": "FCF margin: -474.4% -> -122.8% (+351.7%)",
      "severity": "MEDIUM"
    },
    {
      "quarter": "2025-05 (Q2)",
      "signal": "OPERATING LEVERAGE",
      "detail": "Rev growth +584.8% vs OpEx growth +66.7% (leverage: 8.8x)",
      "severity": "MEDIUM"
    },
    {
      "quarter": "2025-05 (Q2)",
      "signal": "YoY REVENUE GROWTH ACCELERATION",
      "detail": "YoY growth: +1206.8% vs prior quarter YoY: -3.5% (accel: +1210.3%)",
      "severity": "HIGH"
    },
    {
      "quarter": "2025-02 (Q1)",
      "signal": "YoY REVENUE GROWTH DECELERATION",
      "detail": "YoY growth: -3.5% vs prior quarter YoY: +3156.6% (decel: -3160.2%)",
      "severity": "WARNING"
    },
    {
      "quarter": "2024-11 (Q4)",
      "signal": "FCF MARGIN EXPANSION",
      "detail": "FCF margin: -1145.8% -> -162.1% (+983.8%)",
      "severity": "MEDIUM"
    },
    {
      "quarter": "2024-11 (Q4)",
      "signal": "OPERATING LEVERAGE",
      "detail": "Rev growth +822.1% vs OpEx growth +110.2% (leverage: 7.5x)",
      "severity": "MEDIUM"
    },
    {
      "quarter": "2024-11 (Q4)",
      "signal": "YoY REVENUE GROWTH DECELERATION",
      "detail": "YoY growth: +3156.6% vs prior quarter YoY: +3290.9% (decel: -134.2%)",
      "severity": "WARNING"
    },
    {
      "quarter": "2024-08 (Q3)",
      "signal": "GROSS MARGIN INFLECTION",
      "detail": "GM: +9.5% -> +5.5% -> +26.2% (reversal +20.7%)",
      "severity": "HIGH"
    },
    {
      "quarter": "2024-08 (Q3)",
      "signal": "YoY REVENUE GROWTH DECELERATION",
      "detail": "YoY growth: +3290.9% vs prior quarter YoY: +6118.7% (decel: -2827.8%)",
      "severity": "WARNING"
    },
    {
      "quarter": "2024-05 (Q2)",
      "signal": "FCF TURNED POSITIVE",
      "detail": "FCF margin: -482.2% -> +534.0%",
      "severity": "HIGH"
    },
    {
      "quarter": "2024-05 (Q2)",
      "signal": "YoY REVENUE GROWTH ACCELERATION",
      "detail": "YoY growth: +6118.7% vs prior quarter YoY: +3060.2% (accel: +3058.5%)",
      "severity": "HIGH"
    },
    {
      "quarter": "2024-02 (Q1)",
      "signal": "FCF MARGIN EXPANSION",
      "detail": "FCF margin: -1089.4% -> -482.2% (+607.2%)",
      "severity": "MEDIUM"
    },
    {
      "quarter": "2024-02 (Q1)",
      "signal": "OPERATING LEVERAGE",
      "detail": "Rev growth +585.2% vs OpEx growth +30.2% (leverage: 19.4x)",
      "severity": "MEDIUM"
    },
    {
      "quarter": "2023-11 (Q4)",
      "signal": "FCF MARGIN EXPANSION",
      "detail": "FCF margin: -4797.1% -> -1089.4% (+3707.7%)",
      "severity": "MEDIUM"
    },
    {
      "quarter": "2023-08 (Q3)",
      "signal": "FCF MARGIN EXPANSION",
      "detail": "FCF margin: -30656.6% -> -4797.1% (+25859.5%)",
      "severity": "MEDIUM"
    }
  ],
  "data_quality": {
    "n_quarters": 20,
    "coverage": {
      "revenue": [
        20,
        20
      ],
      "gross_profit": [
        16,
        20
      ],
      "op_income": [
        16,
        20
      ],
      "fcf": [
        20,
        20
      ]
    },
    "gaps": [],
    "warnings": []
  },
  "market_cap": null,
  "source": "SEC EDGAR",
  "last_updated": "2026-02-02T23:46:24.006677",
  "sector": "Industrials",
  "industry": "Consulting Services"
}