{
  "ticker": "KBR",
  "name": "KBR, Inc.",
  "quarters": [
    {
      "date": "2020-12-31T00:00:00",
      "quarter_label": "2020-12 (Q4)",
      "revenue": 1466000000,
      "gross_profit": 166000000,
      "operating_income": 45000000,
      "net_income": 19000000,
      "opex": 121000000,
      "cogs": 1300000000,
      "rd": null,
      "sga": 76000000,
      "fcf": 110000000,
      "ocf": 122000000,
      "capex": -12000000,
      "gross_margin": 0.11323328785811733,
      "op_margin": 0.030695770804911322,
      "fcf_margin": 0.07503410641200546
    },
    {
      "date": "2021-03-31T00:00:00",
      "quarter_label": "2021-03 (Q1)",
      "revenue": 1461000000,
      "gross_profit": 168000000,
      "operating_income": 89000000,
      "net_income": 47000000,
      "opex": 79000000,
      "cogs": 1293000000,
      "rd": null,
      "sga": 89000000,
      "fcf": 44000000,
      "ocf": 50000000,
      "capex": -6000000,
      "gross_margin": 0.11498973305954825,
      "op_margin": 0.06091718001368925,
      "fcf_margin": 0.030116358658453114,
      "fcf_margin_change": -0.044917747753552346
    },
    {
      "date": "2021-06-30T00:00:00",
      "quarter_label": "2021-06 (Q2)",
      "revenue": 1536000000,
      "gross_profit": 207000000,
      "operating_income": -88000000,
      "net_income": -152000000,
      "opex": 295000000,
      "cogs": 1329000000,
      "rd": null,
      "sga": 103000000,
      "fcf": 94000000,
      "ocf": 104000000,
      "capex": -10000000,
      "gross_margin": 0.134765625,
      "op_margin": -0.057291666666666664,
      "fcf_margin": 0.061197916666666664,
      "op_leverage_ratio": 0.018775192029812152,
      "fcf_margin_change": 0.03108155800821355
    },
    {
      "date": "2021-09-30T00:00:00",
      "quarter_label": "2021-09 (Q3)",
      "revenue": 1843000000,
      "gross_profit": 193000000,
      "operating_income": 101000000,
      "net_income": 55000000,
      "opex": 92000000,
      "cogs": 1650000000,
      "rd": null,
      "sga": 91000000,
      "fcf": 116000000,
      "ocf": 122000000,
      "capex": -6000000,
      "gross_margin": 0.10472056429734129,
      "op_margin": 0.05480195333695062,
      "fcf_margin": 0.06294085729788389,
      "op_leverage_ratio": Infinity,
      "fcf_margin_change": 0.0017429406312172227
    },
    {
      "date": "2021-12-31T00:00:00",
      "quarter_label": "2021-12 (Q4)",
      "revenue": 2499000000,
      "gross_profit": 238000000,
      "operating_income": 129000000,
      "net_income": 68000000,
      "opex": 109000000,
      "cogs": 2261000000,
      "rd": null,
      "sga": 110000000,
      "fcf": -6000000,
      "ocf": 2000000,
      "capex": -8000000,
      "gross_margin": 0.09523809523809523,
      "op_margin": 0.05162064825930372,
      "fcf_margin": -0.0024009603841536613,
      "incr_op_margin_yoy": 0.08131655372700872,
      "rev_growth_yoy": 0.7046384720327421,
      "op_leverage_ratio": 1.9262711052950752,
      "fcf_margin_change": -0.06534181768203755
    },
    {
      "date": "2022-03-31T00:00:00",
      "quarter_label": "2022-03 (Q1)",
      "revenue": 1714000000,
      "gross_profit": 196000000,
      "operating_income": -31000000,
      "net_income": -71000000,
      "opex": 227000000,
      "cogs": 1518000000,
      "rd": null,
      "sga": 107000000,
      "fcf": 83000000,
      "ocf": 89000000,
      "capex": -6000000,
      "gross_margin": 0.11435239206534423,
      "op_margin": -0.01808634772462077,
      "fcf_margin": 0.048424737456242706,
      "incr_op_margin_yoy": -0.4743083003952569,
      "rev_growth_yoy": 0.1731690622861054,
      "rev_growth_yoy_accel": -0.5314694097466367,
      "fcf_margin_change": 0.05082569784039637
    },
    {
      "date": "2022-06-30T00:00:00",
      "quarter_label": "2022-06 (Q2)",
      "revenue": 1616000000,
      "gross_profit": 201000000,
      "operating_income": 127000000,
      "net_income": 94000000,
      "opex": 74000000,
      "cogs": 1415000000,
      "rd": null,
      "sga": 105000000,
      "fcf": 112000000,
      "ocf": 125000000,
      "capex": -13000000,
      "gross_margin": 0.12438118811881188,
      "op_margin": 0.07858910891089109,
      "fcf_margin": 0.06930693069306931,
      "incr_op_margin_yoy": 2.6875,
      "rev_growth_yoy": 0.052083333333333336,
      "rev_growth_yoy_accel": -0.12108572895277206,
      "fcf_margin_change": 0.020882193236826607
    },
    {
      "date": "2022-09-30T00:00:00",
      "quarter_label": "2022-09 (Q3)",
      "revenue": 1626000000,
      "gross_profit": 225000000,
      "operating_income": 125000000,
      "net_income": 74000000,
      "opex": 100000000,
      "cogs": 1401000000,
      "rd": null,
      "sga": 103000000,
      "fcf": 102000000,
      "ocf": 122000000,
      "capex": -20000000,
      "gross_margin": 0.13837638376383765,
      "op_margin": 0.07687576875768758,
      "fcf_margin": 0.06273062730627306,
      "incr_op_margin_yoy": -0.11059907834101383,
      "rev_growth_yoy": -0.11774281063483451,
      "rev_growth_yoy_accel": -0.16982614396816784,
      "fcf_margin_change": -0.006576303386796253
    },
    {
      "date": "2022-12-31T00:00:00",
      "quarter_label": "2022-12 (Q4)",
      "revenue": 1608000000,
      "gross_profit": 206000000,
      "operating_income": 122000000,
      "net_income": 93000000,
      "opex": 84000000,
      "cogs": 1402000000,
      "rd": null,
      "sga": 105000000,
      "fcf": 28000000,
      "ocf": 60000000,
      "capex": -32000000,
      "gross_margin": 0.1281094527363184,
      "op_margin": 0.07587064676616916,
      "fcf_margin": 0.017412935323383085,
      "incr_op_margin_yoy": 0.007856341189674524,
      "rev_growth_yoy": -0.3565426170468187,
      "rev_growth_yoy_accel": -0.23879980641198423,
      "fcf_margin_change": -0.04531769198288997
    },
    {
      "date": "2023-03-31T00:00:00",
      "quarter_label": "2023-03 (Q1)",
      "revenue": 1703000000,
      "gross_profit": 245000000,
      "operating_income": 144000000,
      "net_income": 86000000,
      "opex": 101000000,
      "cogs": 1458000000,
      "rd": null,
      "sga": 124000000,
      "fcf": 16000000,
      "ocf": 35000000,
      "capex": -19000000,
      "gross_margin": 0.14386376981796828,
      "op_margin": 0.08455666470933647,
      "fcf_margin": 0.009395184967704051,
      "incr_op_margin_yoy": -15.909090909090908,
      "rev_growth_yoy": -0.006417736289381563,
      "rev_growth_yoy_accel": 0.35012488075743714,
      "op_leverage_ratio": 0.2919227392449517,
      "fcf_margin_change": -0.008017750355679034
    },
    {
      "date": "2023-06-30T00:00:00",
      "quarter_label": "2023-06 (Q2)",
      "revenue": 1753000000,
      "gross_profit": 251000000,
      "operating_income": 10000000,
      "net_income": -351000000,
      "opex": 241000000,
      "cogs": 1502000000,
      "rd": null,
      "sga": 119000000,
      "fcf": 234000000,
      "ocf": 253000000,
      "capex": -19000000,
      "gross_margin": 0.14318311466058187,
      "op_margin": 0.005704506560182544,
      "fcf_margin": 0.13348545350827154,
      "incr_op_margin_yoy": -0.8540145985401459,
      "rev_growth_yoy": 0.08477722772277228,
      "rev_growth_yoy_accel": 0.09119496401215385,
      "op_leverage_ratio": 0.021181108967368512,
      "fcf_margin_change": 0.12409026854056748
    },
    {
      "date": "2023-09-29T00:00:00",
      "quarter_label": "2023-09 (Q3)",
      "revenue": 1770000000,
      "gross_profit": 244000000,
      "operating_income": 147000000,
      "net_income": -21000000,
      "opex": 97000000,
      "cogs": 1526000000,
      "rd": null,
      "sga": 127000000,
      "fcf": -62000000,
      "ocf": -40000000,
      "capex": -22000000,
      "gross_margin": 0.13785310734463277,
      "op_margin": 0.08305084745762711,
      "fcf_margin": -0.03502824858757062,
      "incr_op_margin_yoy": 0.1527777777777778,
      "rev_growth_yoy": 0.08856088560885608,
      "rev_growth_yoy_accel": 0.0037836578860837994,
      "fcf_margin_change": -0.16851370209584215
    },
    {
      "date": "2023-12-29T00:00:00",
      "quarter_label": "2023-12 (Q4)",
      "revenue": 1730000000,
      "gross_profit": 237000000,
      "operating_income": 147000000,
      "net_income": 21000000,
      "opex": 90000000,
      "cogs": 1493000000,
      "rd": null,
      "sga": 118000000,
      "fcf": 63000000,
      "ocf": 83000000,
      "capex": -20000000,
      "gross_margin": 0.13699421965317918,
      "op_margin": 0.08497109826589595,
      "fcf_margin": 0.03641618497109827,
      "incr_op_margin_yoy": 0.20491803278688525,
      "rev_growth_yoy": 0.07587064676616916,
      "rev_growth_yoy_accel": -0.012690238842686927,
      "fcf_margin_change": 0.07144443355866889
    },
    {
      "date": "2024-03-29T00:00:00",
      "quarter_label": "2024-03 (Q1)",
      "revenue": 1818000000,
      "gross_profit": 248000000,
      "operating_income": 166000000,
      "net_income": 93000000,
      "opex": 82000000,
      "cogs": 1570000000,
      "rd": null,
      "sga": 121000000,
      "fcf": 66000000,
      "ocf": 91000000,
      "capex": -25000000,
      "gross_margin": 0.13641364136413642,
      "op_margin": 0.09130913091309131,
      "fcf_margin": 0.036303630363036306,
      "incr_op_margin_yoy": 0.19130434782608696,
      "rev_growth_yoy": 0.06752789195537287,
      "rev_growth_yoy_accel": -0.008342754810796285,
      "op_leverage_ratio": Infinity,
      "fcf_margin_change": -0.00011255460806196271
    },
    {
      "date": "2024-06-28T00:00:00",
      "quarter_label": "2024-06 (Q2)",
      "revenue": 1855000000,
      "gross_profit": 271000000,
      "operating_income": 181000000,
      "net_income": 106000000,
      "opex": 90000000,
      "cogs": 1584000000,
      "rd": null,
      "sga": 129000000,
      "fcf": 171000000,
      "ocf": 170000000,
      "capex": 1000000,
      "gross_margin": 0.14609164420485174,
      "op_margin": 0.09757412398921833,
      "fcf_margin": 0.09218328840970351,
      "incr_op_margin_yoy": 1.6764705882352942,
      "rev_growth_yoy": 0.05818596691386195,
      "rev_growth_yoy_accel": -0.00934192504151092,
      "op_leverage_ratio": 0.20860836083608358,
      "fcf_margin_change": 0.055879658046667204
    },
    {
      "date": "2024-09-27T00:00:00",
      "quarter_label": "2024-09 (Q3)",
      "revenue": 1947000000,
      "gross_profit": 291000000,
      "operating_income": 173000000,
      "net_income": 100000000,
      "opex": 118000000,
      "cogs": 1656000000,
      "rd": null,
      "sga": 140000000,
      "fcf": 149000000,
      "ocf": 161000000,
      "capex": -12000000,
      "gross_margin": 0.14946070878274267,
      "op_margin": 0.08885464817668208,
      "fcf_margin": 0.07652799178222908,
      "incr_op_margin_yoy": 0.14689265536723164,
      "rev_growth_yoy": 0.1,
      "rev_growth_yoy_accel": 0.041814033086138055,
      "op_leverage_ratio": 0.1594147092799384,
      "fcf_margin_change": -0.015655296627474433
    },
    {
      "date": "2025-01-03T00:00:00",
      "quarter_label": "2025-01 (Q1)",
      "revenue": 2122000000,
      "gross_profit": 293000000,
      "operating_income": 142000000,
      "net_income": 76000000,
      "opex": 151000000,
      "cogs": 1829000000,
      "rd": null,
      "sga": 154000000,
      "fcf": -1000000,
      "ocf": 40000000,
      "capex": -41000000,
      "gross_margin": 0.13807728557964186,
      "op_margin": 0.06691800188501414,
      "fcf_margin": -0.000471253534401508,
      "incr_op_margin_yoy": -0.012755102040816327,
      "rev_growth_yoy": 0.22658959537572254,
      "rev_growth_yoy_accel": 0.12658959537572254,
      "op_leverage_ratio": 0.3213957759412305,
      "fcf_margin_change": -0.07699924531663059
    },
    {
      "date": "2025-04-04T00:00:00",
      "quarter_label": "2025-04 (Q2)",
      "revenue": 2055000000,
      "gross_profit": 298000000,
      "operating_income": 195000000,
      "net_income": 116000000,
      "opex": 103000000,
      "cogs": 1757000000,
      "rd": null,
      "sga": 145000000,
      "fcf": 89000000,
      "ocf": 98000000,
      "capex": -9000000,
      "gross_margin": 0.14501216545012166,
      "op_margin": 0.0948905109489051,
      "fcf_margin": 0.04330900243309002,
      "incr_op_margin_yoy": 0.12236286919831224,
      "rev_growth_yoy": 0.13036303630363036,
      "rev_growth_yoy_accel": -0.09622655907209218,
      "fcf_margin_change": 0.04378025596749153
    },
    {
      "date": "2025-07-04T00:00:00",
      "quarter_label": "2025-07 (Q3)",
      "revenue": 1952000000,
      "gross_profit": 290000000,
      "operating_income": 194000000,
      "net_income": 73000000,
      "opex": 96000000,
      "cogs": 1662000000,
      "rd": null,
      "sga": 146000000,
      "fcf": null,
      "ocf": null,
      "capex": -7000000,
      "gross_margin": 0.14856557377049182,
      "op_margin": 0.09938524590163934,
      "fcf_margin": null,
      "incr_op_margin_yoy": 0.13402061855670103,
      "rev_growth_yoy": 0.0522911051212938,
      "rev_growth_yoy_accel": -0.07807193118233656
    },
    {
      "date": "2025-10-03T00:00:00",
      "quarter_label": "2025-10 (Q4)",
      "revenue": 1931000000,
      "gross_profit": 270000000,
      "operating_income": 191000000,
      "net_income": 115000000,
      "opex": 79000000,
      "cogs": 1661000000,
      "rd": null,
      "sga": 149000000,
      "fcf": null,
      "ocf": null,
      "capex": -8000000,
      "gross_margin": 0.13982392542723976,
      "op_margin": 0.09891248058001036,
      "fcf_margin": null,
      "incr_op_margin_yoy": -1.125,
      "rev_growth_yoy": -0.008217770929635337,
      "rev_growth_yoy_accel": -0.06050887605092914
    }
  ],
  "signals": [
    {
      "quarter": "2025-10 (Q4)",
      "signal": "YoY REVENUE GROWTH DECELERATION",
      "detail": "YoY growth: -0.8% vs prior quarter YoY: +5.2% (decel: -6.1%)",
      "severity": "WARNING"
    },
    {
      "quarter": "2025-07 (Q3)",
      "signal": "YoY REVENUE GROWTH DECELERATION",
      "detail": "YoY growth: +5.2% vs prior quarter YoY: +13.0% (decel: -7.8%)",
      "severity": "WARNING"
    },
    {
      "quarter": "2025-04 (Q2)",
      "signal": "FCF TURNED POSITIVE",
      "detail": "FCF margin: -0.0% -> +4.3%",
      "severity": "HIGH"
    },
    {
      "quarter": "2025-04 (Q2)",
      "signal": "YoY REVENUE GROWTH DECELERATION",
      "detail": "YoY growth: +13.0% vs prior quarter YoY: +22.7% (decel: -9.6%)",
      "severity": "WARNING"
    },
    {
      "quarter": "2025-01 (Q1)",
      "signal": "YoY REVENUE GROWTH ACCELERATION",
      "detail": "YoY growth: +22.7% vs prior quarter YoY: +10.0% (accel: +12.7%)",
      "severity": "MEDIUM"
    },
    {
      "quarter": "2024-06 (Q2)",
      "signal": "FCF MARGIN EXPANSION",
      "detail": "FCF margin: +3.6% -> +9.2% (+5.6%)",
      "severity": "MEDIUM"
    },
    {
      "quarter": "2024-06 (Q2)",
      "signal": "INCREMENTAL MARGIN (YoY)",
      "detail": "YoY Incr OPM: +167.6% vs year-ago OPM: +0.6%",
      "severity": "HIGH"
    },
    {
      "quarter": "2024-03 (Q1)",
      "signal": "INCREMENTAL MARGIN (YoY)",
      "detail": "YoY Incr OPM: +19.1% vs year-ago OPM: +8.5%",
      "severity": "MEDIUM"
    },
    {
      "quarter": "2023-12 (Q4)",
      "signal": "FCF TURNED POSITIVE",
      "detail": "FCF margin: -3.5% -> +3.6%",
      "severity": "HIGH"
    },
    {
      "quarter": "2023-12 (Q4)",
      "signal": "INCREMENTAL MARGIN (YoY)",
      "detail": "YoY Incr OPM: +20.5% vs year-ago OPM: +7.6%",
      "severity": "MEDIUM"
    },
    {
      "quarter": "2023-06 (Q2)",
      "signal": "FCF MARGIN EXPANSION",
      "detail": "FCF margin: +0.9% -> +13.3% (+12.4%)",
      "severity": "MEDIUM"
    },
    {
      "quarter": "2023-06 (Q2)",
      "signal": "YoY REVENUE GROWTH ACCELERATION",
      "detail": "YoY growth: +8.5% vs prior quarter YoY: -0.6% (accel: +9.1%)",
      "severity": "MEDIUM"
    },
    {
      "quarter": "2023-03 (Q1)",
      "signal": "YoY REVENUE GROWTH ACCELERATION",
      "detail": "YoY growth: -0.6% vs prior quarter YoY: -35.7% (accel: +35.0%)",
      "severity": "HIGH"
    },
    {
      "quarter": "2023-03 (Q1)",
      "signal": "OP MARGIN TURNED POSITIVE (YoY)",
      "detail": "Op margin: -1.8% (year-ago) -> +8.5%",
      "severity": "HIGH"
    },
    {
      "quarter": "2022-12 (Q4)",
      "signal": "YoY REVENUE GROWTH DECELERATION",
      "detail": "YoY growth: -35.7% vs prior quarter YoY: -11.8% (decel: -23.9%)",
      "severity": "WARNING"
    },
    {
      "quarter": "2022-09 (Q3)",
      "signal": "YoY REVENUE GROWTH DECELERATION",
      "detail": "YoY growth: -11.8% vs prior quarter YoY: +5.2% (decel: -17.0%)",
      "severity": "WARNING"
    },
    {
      "quarter": "2022-06 (Q2)",
      "signal": "YoY REVENUE GROWTH DECELERATION",
      "detail": "YoY growth: +5.2% vs prior quarter YoY: +17.3% (decel: -12.1%)",
      "severity": "WARNING"
    },
    {
      "quarter": "2022-06 (Q2)",
      "signal": "OP MARGIN TURNED POSITIVE (YoY)",
      "detail": "Op margin: -5.7% (year-ago) -> +7.9%",
      "severity": "HIGH"
    },
    {
      "quarter": "2022-06 (Q2)",
      "signal": "OP MARGIN TURNED POSITIVE (QoQ)",
      "detail": "Op margin: -1.8% -> +7.9%",
      "severity": "HIGH"
    },
    {
      "quarter": "2022-03 (Q1)",
      "signal": "FCF TURNED POSITIVE",
      "detail": "FCF margin: -0.2% -> +4.8%",
      "severity": "HIGH"
    },
    {
      "quarter": "2022-03 (Q1)",
      "signal": "YoY REVENUE GROWTH DECELERATION",
      "detail": "YoY growth: +17.3% vs prior quarter YoY: +70.5% (decel: -53.1%)",
      "severity": "WARNING"
    },
    {
      "quarter": "2021-12 (Q4)",
      "signal": "OPERATING LEVERAGE",
      "detail": "Rev growth +35.6% vs OpEx growth +18.5% (leverage: 1.9x)",
      "severity": "MEDIUM"
    },
    {
      "quarter": "2021-09 (Q3)",
      "signal": "OP MARGIN TURNED POSITIVE (QoQ)",
      "detail": "Op margin: -5.7% -> +5.5%",
      "severity": "HIGH"
    }
  ],
  "data_quality": {
    "n_quarters": 20,
    "coverage": {
      "revenue": [
        20,
        20
      ],
      "gross_profit": [
        20,
        20
      ],
      "op_income": [
        20,
        20
      ],
      "fcf": [
        18,
        20
      ]
    },
    "gaps": [],
    "warnings": []
  },
  "market_cap": null,
  "source": "SEC EDGAR",
  "last_updated": "2026-02-02T20:59:30.234144"
}