{
  "ticker": "KDOZF",
  "name": "KIDOZ inc.",
  "quarters": [
    {
      "date": "2020-12-31T00:00:00",
      "quarter_label": "2020-12 (Q4)",
      "revenue": 3509121,
      "gross_profit": 1663314,
      "operating_income": 667650,
      "net_income": 752660,
      "opex": 995664,
      "cogs": 1843936,
      "rd": null,
      "sga": null,
      "fcf": 83649,
      "ocf": 85366,
      "capex": -1717,
      "gross_margin": 0.4739973343751897,
      "op_margin": 0.19026132185239553,
      "fcf_margin": 0.02383759351700896
    },
    {
      "date": "2021-03-31T00:00:00",
      "quarter_label": "2021-03 (Q1)",
      "revenue": 1557942,
      "gross_profit": 685041,
      "operating_income": -309239,
      "net_income": -347044,
      "opex": 994280,
      "cogs": 872901,
      "rd": null,
      "sga": null,
      "fcf": 390795,
      "ocf": 393060,
      "capex": -2265,
      "gross_margin": 0.4397089236954906,
      "op_margin": -0.19849198493910555,
      "fcf_margin": 0.250840531932511,
      "fcf_margin_change": 0.22700293841550204
    },
    {
      "date": "2021-06-30T00:00:00",
      "quarter_label": "2021-06 (Q2)",
      "revenue": 2177505,
      "gross_profit": 1024333,
      "operating_income": -575696,
      "net_income": -545077,
      "opex": 1600029,
      "cogs": 1153172,
      "rd": null,
      "sga": null,
      "fcf": -82545,
      "ocf": -79230,
      "capex": -3315,
      "gross_margin": 0.4704159117889511,
      "op_margin": -0.2643833194412872,
      "fcf_margin": -0.03790806450501836,
      "op_leverage_ratio": 0.6527549687351962,
      "fcf_margin_change": -0.28874859643752937
    },
    {
      "date": "2021-09-30T00:00:00",
      "quarter_label": "2021-09 (Q3)",
      "revenue": 2814642,
      "gross_profit": 1226534,
      "operating_income": -71165,
      "net_income": -75040,
      "opex": 1297699,
      "cogs": 1588108,
      "rd": null,
      "sga": null,
      "fcf": -361365,
      "ocf": -359077,
      "capex": -2288,
      "gross_margin": 0.4357690960342381,
      "op_margin": -0.025283854927198555,
      "fcf_margin": -0.1283875533726847,
      "op_leverage_ratio": Infinity,
      "fcf_margin_change": -0.09047948886766635
    },
    {
      "date": "2021-12-31T00:00:00",
      "quarter_label": "2021-12 (Q4)",
      "revenue": 5934550,
      "gross_profit": 2396424,
      "operating_income": 991843,
      "net_income": 776840,
      "opex": 1404581,
      "cogs": 3528967,
      "rd": null,
      "sga": null,
      "fcf": 896496,
      "ocf": 896780,
      "capex": -284,
      "gross_margin": 0.40380888188657943,
      "op_margin": 0.16713027946516584,
      "fcf_margin": 0.1510638548836896,
      "incr_op_margin_yoy": 0.13366418889194448,
      "rev_growth_yoy": 0.6911785031066184,
      "op_leverage_ratio": 13.458232350893452,
      "fcf_margin_change": 0.27945140825637427
    },
    {
      "date": "2022-03-31T00:00:00",
      "quarter_label": "2022-03 (Q1)",
      "revenue": 2287471,
      "gross_profit": 830895,
      "operating_income": -719954,
      "net_income": -731042,
      "opex": 1550849,
      "cogs": 1453079,
      "rd": null,
      "sga": null,
      "fcf": 8902,
      "ocf": 15881,
      "capex": -6979,
      "gross_margin": 0.36323739186201703,
      "op_margin": -0.31473797919186736,
      "fcf_margin": 0.0038916340360161945,
      "rev_growth_yoy": 0.468264543866203,
      "rev_growth_yoy_accel": -0.22291395924041546,
      "fcf_margin_change": -0.1471722208476734
    },
    {
      "date": "2022-06-30T00:00:00",
      "quarter_label": "2022-06 (Q2)",
      "revenue": 2518137,
      "gross_profit": 971965,
      "operating_income": -637366,
      "net_income": -721677,
      "opex": 1609331,
      "cogs": 1541648,
      "rd": null,
      "sga": null,
      "fcf": -337428,
      "ocf": -337428,
      "capex": null,
      "gross_margin": 0.385985750576716,
      "op_margin": -0.2531101365811312,
      "fcf_margin": -0.1339990635934423,
      "rev_growth_yoy": 0.15643224699828473,
      "rev_growth_yoy_accel": -0.31183229686791825,
      "op_leverage_ratio": 2.674085478258529,
      "fcf_margin_change": -0.1378906976294585
    },
    {
      "date": "2022-09-30T00:00:00",
      "quarter_label": "2022-09 (Q3)",
      "revenue": 3514149,
      "gross_profit": 1245570,
      "operating_income": -247715,
      "net_income": -313774,
      "opex": 1493285,
      "cogs": 2260242,
      "rd": null,
      "sga": null,
      "fcf": 107737,
      "ocf": 113749,
      "capex": -6012,
      "gross_margin": 0.35444427655173416,
      "op_margin": -0.07049075039220022,
      "fcf_margin": 0.03065806259210978,
      "rev_growth_yoy": 0.24852432387493684,
      "rev_growth_yoy_accel": 0.09209207687665211,
      "op_leverage_ratio": Infinity,
      "fcf_margin_change": 0.1646571261855521
    },
    {
      "date": "2022-12-31T00:00:00",
      "quarter_label": "2022-12 (Q4)",
      "revenue": 6777299,
      "gross_profit": 2075415,
      "operating_income": 226791,
      "net_income": 419380,
      "opex": 1848624,
      "cogs": 4718242,
      "rd": null,
      "sga": null,
      "fcf": 631728,
      "ocf": 641543,
      "capex": -9815,
      "gross_margin": 0.30623040240662247,
      "op_margin": 0.033463331040876315,
      "fcf_margin": 0.09321235495143419,
      "rev_growth_yoy": 0.1420072288547573,
      "rev_growth_yoy_accel": -0.10651709502017953,
      "op_leverage_ratio": 3.902264409963723,
      "fcf_margin_change": 0.06255429235932441
    },
    {
      "date": "2023-03-31T00:00:00",
      "quarter_label": "2023-03 (Q1)",
      "revenue": 1673685,
      "gross_profit": 669969,
      "operating_income": -1079319,
      "net_income": -1066612,
      "opex": 1749288,
      "cogs": 1003716,
      "rd": null,
      "sga": null,
      "fcf": -48492,
      "ocf": -46996,
      "capex": -1496,
      "gross_margin": 0.40029575457747424,
      "op_margin": -0.6448758278887604,
      "fcf_margin": -0.028973193880568925,
      "rev_growth_yoy": -0.26832515035163285,
      "rev_growth_yoy_accel": -0.41033237920639015,
      "fcf_margin_change": -0.12218554883200311
    },
    {
      "date": "2023-06-30T00:00:00",
      "quarter_label": "2023-06 (Q2)",
      "revenue": 2814239,
      "gross_profit": 1239580,
      "operating_income": -507118,
      "net_income": -509416,
      "opex": 1746698,
      "cogs": 1574659,
      "rd": null,
      "sga": null,
      "fcf": -917046,
      "ocf": -912510,
      "capex": -4536,
      "gross_margin": 0.44046720978566495,
      "op_margin": -0.1801972042886194,
      "fcf_margin": -0.3258593175632915,
      "rev_growth_yoy": 0.11758772457574787,
      "rev_growth_yoy_accel": 0.3859128749273807,
      "op_leverage_ratio": Infinity,
      "fcf_margin_change": -0.2968861236827226
    },
    {
      "date": "2023-09-30T00:00:00",
      "quarter_label": "2023-09 (Q3)",
      "revenue": 2808354,
      "gross_profit": 1053814,
      "operating_income": -715771,
      "net_income": -764337,
      "opex": 1769585,
      "cogs": 1754540,
      "rd": null,
      "sga": null,
      "fcf": 96195,
      "ocf": 98877,
      "capex": -2682,
      "gross_margin": 0.37524257981721676,
      "op_margin": -0.25487207097110975,
      "fcf_margin": 0.034253160392172785,
      "rev_growth_yoy": -0.2008437889230081,
      "rev_growth_yoy_accel": -0.318431513498756,
      "fcf_margin_change": 0.3601124779554643
    },
    {
      "date": "2023-12-31T00:00:00",
      "quarter_label": "2023-12 (Q4)",
      "revenue": 6030546,
      "gross_profit": 1970694,
      "operating_income": 247123,
      "net_income": 328309,
      "opex": 1723571,
      "cogs": 4059852,
      "rd": null,
      "sga": null,
      "fcf": 36989,
      "ocf": 36989,
      "capex": null,
      "gross_margin": 0.3267853358551614,
      "op_margin": 0.04097854489460822,
      "fcf_margin": 0.006133607139386716,
      "rev_growth_yoy": -0.11018445548883117,
      "rev_growth_yoy_accel": 0.09065933343417694,
      "op_leverage_ratio": Infinity,
      "fcf_margin_change": -0.02811955325278607
    },
    {
      "date": "2024-03-31T00:00:00",
      "quarter_label": "2024-03 (Q1)",
      "revenue": 1793071,
      "gross_profit": 956397,
      "operating_income": -695484,
      "net_income": -719583,
      "opex": 1651881,
      "cogs": 836674,
      "rd": null,
      "sga": null,
      "fcf": -603102,
      "ocf": -599096,
      "capex": -4006,
      "gross_margin": 0.5333849022152497,
      "op_margin": -0.38787309593429375,
      "fcf_margin": -0.33635143282112084,
      "rev_growth_yoy": 0.07133122421483135,
      "rev_growth_yoy_accel": 0.1815156797036625,
      "fcf_margin_change": -0.34248503996050755
    },
    {
      "date": "2024-06-30T00:00:00",
      "quarter_label": "2024-06 (Q2)",
      "revenue": 2479175,
      "gross_profit": 1245181,
      "operating_income": -381918,
      "net_income": -385650,
      "opex": 1627099,
      "cogs": 1233994,
      "rd": null,
      "sga": null,
      "fcf": -145225,
      "ocf": -143546,
      "capex": -1679,
      "gross_margin": 0.5022561940968265,
      "op_margin": -0.15405044016658767,
      "fcf_margin": -0.058577954359817275,
      "rev_growth_yoy": -0.11906025039095827,
      "rev_growth_yoy_accel": -0.19039147460578962,
      "op_leverage_ratio": Infinity,
      "fcf_margin_change": 0.27777347846130357
    },
    {
      "date": "2024-09-30T00:00:00",
      "quarter_label": "2024-09 (Q3)",
      "revenue": 2287776,
      "gross_profit": 1208564,
      "operating_income": -410007,
      "net_income": -406284,
      "opex": 1618571,
      "cogs": 1079212,
      "rd": null,
      "sga": null,
      "fcf": -293703,
      "ocf": -293258,
      "capex": -445,
      "gross_margin": 0.5282702502342886,
      "op_margin": -0.17921640929881247,
      "fcf_margin": -0.12837926440350803,
      "rev_growth_yoy": -0.18536765664157723,
      "rev_growth_yoy_accel": -0.06630740625061896,
      "fcf_margin_change": -0.06980131004369075
    },
    {
      "date": "2024-12-31T00:00:00",
      "quarter_label": "2024-12 (Q4)",
      "revenue": 7444505,
      "gross_profit": 4167412,
      "operating_income": 2087187,
      "net_income": 1864657,
      "opex": 2080225,
      "cogs": 3277093,
      "rd": null,
      "sga": null,
      "fcf": 2337420,
      "ocf": 2341130,
      "capex": -3710,
      "gross_margin": 0.5597970583672118,
      "op_margin": 0.28036612239497455,
      "fcf_margin": 0.31397923703456443,
      "incr_op_margin_yoy": 1.3013559799117231,
      "rev_growth_yoy": 0.23446616608181084,
      "rev_growth_yoy_accel": 0.4198338227233881,
      "op_leverage_ratio": 7.902708466356773,
      "fcf_margin_change": 0.4423585014380724
    },
    {
      "date": "2025-03-31T00:00:00",
      "quarter_label": "2025-03 (Q1)",
      "revenue": 2738303,
      "gross_profit": 1497701,
      "operating_income": -43988,
      "net_income": 60142,
      "opex": 1541689,
      "cogs": 1240602,
      "rd": null,
      "sga": null,
      "fcf": 485777,
      "ocf": 491495,
      "capex": -5718,
      "gross_margin": 0.5469449509422442,
      "op_margin": -0.016063963703067192,
      "fcf_margin": 0.17740074783542947,
      "rev_growth_yoy": 0.5271581549196881,
      "rev_growth_yoy_accel": 0.2926919888378773,
      "fcf_margin_change": -0.13657848919913496
    },
    {
      "date": "2025-06-30T00:00:00",
      "quarter_label": "2025-06 (Q2)",
      "revenue": 2430216,
      "gross_profit": 1325144,
      "operating_income": -1158341,
      "net_income": -1171482,
      "opex": 2483485,
      "cogs": 1105072,
      "rd": null,
      "sga": null,
      "fcf": -839487,
      "ocf": -837515,
      "capex": -1972,
      "gross_margin": 0.5452782797907676,
      "op_margin": -0.47664117099056214,
      "fcf_margin": -0.3454371957060607,
      "rev_growth_yoy": -0.019748101687053154,
      "rev_growth_yoy_accel": -0.5469062566067413,
      "fcf_margin_change": -0.5228379435414902
    },
    {
      "date": "2025-09-30T00:00:00",
      "quarter_label": "2025-09 (Q3)",
      "revenue": 3666521,
      "gross_profit": 1789010,
      "operating_income": -194226,
      "net_income": -177711,
      "opex": 1983236,
      "cogs": 1877511,
      "rd": null,
      "sga": null,
      "fcf": -632275,
      "ocf": -626738,
      "capex": -5537,
      "gross_margin": 0.4879312023577664,
      "op_margin": -0.0529728317388609,
      "fcf_margin": -0.17244548715253505,
      "incr_op_margin_yoy": 0.15650537263961067,
      "rev_growth_yoy": 0.6026573405787979,
      "rev_growth_yoy_accel": 0.6224054422658511,
      "op_leverage_ratio": Infinity,
      "fcf_margin_change": 0.17299170855352564
    }
  ],
  "signals": [
    {
      "quarter": "2025-09 (Q3)",
      "signal": "FCF MARGIN EXPANSION",
      "detail": "FCF margin: -34.5% -> -17.2% (+17.3%)",
      "severity": "MEDIUM"
    },
    {
      "quarter": "2025-09 (Q3)",
      "signal": "YoY REVENUE GROWTH ACCELERATION",
      "detail": "YoY growth: +60.3% vs prior quarter YoY: -2.0% (accel: +62.2%)",
      "severity": "HIGH"
    },
    {
      "quarter": "2025-06 (Q2)",
      "signal": "YoY REVENUE GROWTH DECELERATION",
      "detail": "YoY growth: -2.0% vs prior quarter YoY: +52.7% (decel: -54.7%)",
      "severity": "WARNING"
    },
    {
      "quarter": "2025-03 (Q1)",
      "signal": "YoY REVENUE GROWTH ACCELERATION",
      "detail": "YoY growth: +52.7% vs prior quarter YoY: +23.4% (accel: +29.3%)",
      "severity": "HIGH"
    },
    {
      "quarter": "2024-12 (Q4)",
      "signal": "FCF TURNED POSITIVE",
      "detail": "FCF margin: -12.8% -> +31.4%",
      "severity": "HIGH"
    },
    {
      "quarter": "2024-12 (Q4)",
      "signal": "OPERATING LEVERAGE",
      "detail": "Rev growth +225.4% vs OpEx growth +28.5% (leverage: 7.9x)",
      "severity": "MEDIUM"
    },
    {
      "quarter": "2024-12 (Q4)",
      "signal": "YoY REVENUE GROWTH ACCELERATION",
      "detail": "YoY growth: +23.4% vs prior quarter YoY: -18.5% (accel: +42.0%)",
      "severity": "HIGH"
    },
    {
      "quarter": "2024-12 (Q4)",
      "signal": "INCREMENTAL MARGIN (YoY)",
      "detail": "YoY Incr OPM: +130.1% vs year-ago OPM: +4.1%",
      "severity": "HIGH"
    },
    {
      "quarter": "2024-12 (Q4)",
      "signal": "OP MARGIN TURNED POSITIVE (QoQ)",
      "detail": "Op margin: -17.9% -> +28.0%",
      "severity": "HIGH"
    },
    {
      "quarter": "2024-09 (Q3)",
      "signal": "GROSS MARGIN INFLECTION",
      "detail": "GM: +53.3% -> +50.2% -> +52.8% (reversal +2.6%)",
      "severity": "MEDIUM"
    },
    {
      "quarter": "2024-09 (Q3)",
      "signal": "YoY REVENUE GROWTH DECELERATION",
      "detail": "YoY growth: -18.5% vs prior quarter YoY: -11.9% (decel: -6.6%)",
      "severity": "WARNING"
    },
    {
      "quarter": "2024-06 (Q2)",
      "signal": "FCF MARGIN EXPANSION",
      "detail": "FCF margin: -33.6% -> -5.9% (+27.8%)",
      "severity": "MEDIUM"
    },
    {
      "quarter": "2024-06 (Q2)",
      "signal": "YoY REVENUE GROWTH DECELERATION",
      "detail": "YoY growth: -11.9% vs prior quarter YoY: +7.1% (decel: -19.0%)",
      "severity": "WARNING"
    },
    {
      "quarter": "2024-03 (Q1)",
      "signal": "GROSS MARGIN INFLECTION",
      "detail": "GM: +37.5% -> +32.7% -> +53.3% (reversal +20.7%)",
      "severity": "HIGH"
    },
    {
      "quarter": "2024-03 (Q1)",
      "signal": "YoY REVENUE GROWTH ACCELERATION",
      "detail": "YoY growth: +7.1% vs prior quarter YoY: -11.0% (accel: +18.2%)",
      "severity": "HIGH"
    },
    {
      "quarter": "2023-12 (Q4)",
      "signal": "YoY REVENUE GROWTH ACCELERATION",
      "detail": "YoY growth: -11.0% vs prior quarter YoY: -20.1% (accel: +9.1%)",
      "severity": "MEDIUM"
    },
    {
      "quarter": "2023-12 (Q4)",
      "signal": "OP MARGIN TURNED POSITIVE (QoQ)",
      "detail": "Op margin: -25.5% -> +4.1%",
      "severity": "HIGH"
    },
    {
      "quarter": "2023-09 (Q3)",
      "signal": "FCF TURNED POSITIVE",
      "detail": "FCF margin: -32.6% -> +3.4%",
      "severity": "HIGH"
    },
    {
      "quarter": "2023-09 (Q3)",
      "signal": "YoY REVENUE GROWTH DECELERATION",
      "detail": "YoY growth: -20.1% vs prior quarter YoY: +11.8% (decel: -31.8%)",
      "severity": "WARNING"
    },
    {
      "quarter": "2023-06 (Q2)",
      "signal": "YoY REVENUE GROWTH ACCELERATION",
      "detail": "YoY growth: +11.8% vs prior quarter YoY: -26.8% (accel: +38.6%)",
      "severity": "HIGH"
    },
    {
      "quarter": "2023-03 (Q1)",
      "signal": "GROSS MARGIN INFLECTION",
      "detail": "GM: +35.4% -> +30.6% -> +40.0% (reversal +9.4%)",
      "severity": "HIGH"
    },
    {
      "quarter": "2023-03 (Q1)",
      "signal": "YoY REVENUE GROWTH DECELERATION",
      "detail": "YoY growth: -26.8% vs prior quarter YoY: +14.2% (decel: -41.0%)",
      "severity": "WARNING"
    },
    {
      "quarter": "2022-12 (Q4)",
      "signal": "FCF MARGIN EXPANSION",
      "detail": "FCF margin: +3.1% -> +9.3% (+6.3%)",
      "severity": "MEDIUM"
    },
    {
      "quarter": "2022-12 (Q4)",
      "signal": "OPERATING LEVERAGE",
      "detail": "Rev growth +92.9% vs OpEx growth +23.8% (leverage: 3.9x)",
      "severity": "MEDIUM"
    },
    {
      "quarter": "2022-12 (Q4)",
      "signal": "YoY REVENUE GROWTH DECELERATION",
      "detail": "YoY growth: +14.2% vs prior quarter YoY: +24.9% (decel: -10.7%)",
      "severity": "WARNING"
    },
    {
      "quarter": "2022-12 (Q4)",
      "signal": "OP MARGIN TURNED POSITIVE (QoQ)",
      "detail": "Op margin: -7.0% -> +3.3%",
      "severity": "HIGH"
    },
    {
      "quarter": "2022-09 (Q3)",
      "signal": "FCF TURNED POSITIVE",
      "detail": "FCF margin: -13.4% -> +3.1%",
      "severity": "HIGH"
    },
    {
      "quarter": "2022-09 (Q3)",
      "signal": "YoY REVENUE GROWTH ACCELERATION",
      "detail": "YoY growth: +24.9% vs prior quarter YoY: +15.6% (accel: +9.2%)",
      "severity": "MEDIUM"
    },
    {
      "quarter": "2022-06 (Q2)",
      "signal": "OPERATING LEVERAGE",
      "detail": "Rev growth +10.1% vs OpEx growth +3.8% (leverage: 2.7x)",
      "severity": "MEDIUM"
    },
    {
      "quarter": "2022-06 (Q2)",
      "signal": "GROSS MARGIN INFLECTION",
      "detail": "GM: +40.4% -> +36.3% -> +38.6% (reversal +2.3%)",
      "severity": "MEDIUM"
    },
    {
      "quarter": "2022-06 (Q2)",
      "signal": "YoY REVENUE GROWTH DECELERATION",
      "detail": "YoY growth: +15.6% vs prior quarter YoY: +46.8% (decel: -31.2%)",
      "severity": "WARNING"
    },
    {
      "quarter": "2022-03 (Q1)",
      "signal": "YoY REVENUE GROWTH DECELERATION",
      "detail": "YoY growth: +46.8% vs prior quarter YoY: +69.1% (decel: -22.3%)",
      "severity": "WARNING"
    },
    {
      "quarter": "2021-12 (Q4)",
      "signal": "FCF TURNED POSITIVE",
      "detail": "FCF margin: -12.8% -> +15.1%",
      "severity": "HIGH"
    },
    {
      "quarter": "2021-12 (Q4)",
      "signal": "OPERATING LEVERAGE",
      "detail": "Rev growth +110.8% vs OpEx growth +8.2% (leverage: 13.5x)",
      "severity": "MEDIUM"
    },
    {
      "quarter": "2021-12 (Q4)",
      "signal": "OP MARGIN TURNED POSITIVE (QoQ)",
      "detail": "Op margin: -2.5% -> +16.7%",
      "severity": "HIGH"
    },
    {
      "quarter": "2021-06 (Q2)",
      "signal": "GROSS MARGIN INFLECTION",
      "detail": "GM: +47.4% -> +44.0% -> +47.0% (reversal +3.1%)",
      "severity": "MEDIUM"
    },
    {
      "quarter": "2021-03 (Q1)",
      "signal": "FCF MARGIN EXPANSION",
      "detail": "FCF margin: +2.4% -> +25.1% (+22.7%)",
      "severity": "MEDIUM"
    }
  ],
  "data_quality": {
    "n_quarters": 20,
    "coverage": {
      "revenue": [
        20,
        20
      ],
      "gross_profit": [
        20,
        20
      ],
      "op_income": [
        20,
        20
      ],
      "fcf": [
        20,
        20
      ]
    },
    "gaps": [],
    "warnings": []
  },
  "market_cap": null,
  "source": "SEC EDGAR",
  "last_updated": "2026-02-02T23:48:06.208226",
  "sector": "Communication Services",
  "industry": "Advertising Agencies"
}