{
  "ticker": "KE",
  "name": "KIMBALL ELECTRONICS, INC.",
  "quarters": [
    {
      "date": "2020-12-31T00:00:00",
      "quarter_label": "2020-12 (Q4)",
      "revenue": 320604000,
      "gross_profit": 29665000,
      "operating_income": 16179000,
      "net_income": 15062000,
      "opex": 13486000,
      "cogs": 290939000,
      "rd": null,
      "sga": 13486000,
      "fcf": 45503000,
      "ocf": 51555000,
      "capex": -6052000,
      "gross_margin": 0.09252847749872116,
      "op_margin": 0.05046412396601415,
      "fcf_margin": 0.14192898404261955
    },
    {
      "date": "2021-03-31T00:00:00",
      "quarter_label": "2021-03 (Q1)",
      "revenue": 310329000,
      "gross_profit": 26006000,
      "operating_income": 14638000,
      "net_income": 10472000,
      "opex": 11368000,
      "cogs": 284323000,
      "rd": null,
      "sga": 11744000,
      "fcf": 22989000,
      "ocf": 31499000,
      "capex": -8510000,
      "gross_margin": 0.08380138498174518,
      "op_margin": 0.047169294522909556,
      "fcf_margin": 0.0740794447183473,
      "fcf_margin_change": -0.06784953932427225
    },
    {
      "date": "2021-06-30T00:00:00",
      "quarter_label": "2021-06 (Q2)",
      "revenue": 329125000,
      "gross_profit": 31781000,
      "operating_income": 17079000,
      "net_income": 14446000,
      "opex": 14702000,
      "cogs": 297344000,
      "rd": null,
      "sga": 14357000,
      "fcf": 10662000,
      "ocf": 26340000,
      "capex": -15678000,
      "gross_margin": 0.09656209646790732,
      "op_margin": 0.05189213824534751,
      "fcf_margin": 0.03239498670717812,
      "op_leverage_ratio": 0.2065197277337356,
      "fcf_margin_change": -0.041684458011169184
    },
    {
      "date": "2021-09-30T00:00:00",
      "quarter_label": "2021-09 (Q3)",
      "revenue": 292717000,
      "gross_profit": 15600000,
      "operating_income": 4780000,
      "net_income": 2564000,
      "opex": 10820000,
      "cogs": 277117000,
      "rd": null,
      "sga": 12204000,
      "fcf": -20728000,
      "ocf": -8187000,
      "capex": -12541000,
      "gross_margin": 0.05329379571394897,
      "op_margin": 0.01632976560978693,
      "fcf_margin": -0.07081242292043168,
      "fcf_margin_change": -0.1032074096276098
    },
    {
      "date": "2021-12-31T00:00:00",
      "quarter_label": "2021-12 (Q4)",
      "revenue": 315264000,
      "gross_profit": 20837000,
      "operating_income": 6914000,
      "net_income": 5113000,
      "opex": 13923000,
      "cogs": 294427000,
      "rd": null,
      "sga": 13923000,
      "fcf": -62969000,
      "ocf": -48276000,
      "capex": -14693000,
      "gross_margin": 0.06609381343889566,
      "op_margin": 0.02193082622817702,
      "fcf_margin": -0.1997341910272026,
      "incr_op_margin_yoy": 1.7350187265917603,
      "rev_growth_yoy": -0.016656061683572258,
      "op_leverage_ratio": 0.26858781397310394,
      "fcf_margin_change": -0.12892176810677092
    },
    {
      "date": "2022-03-31T00:00:00",
      "quarter_label": "2022-03 (Q1)",
      "revenue": 368057000,
      "gross_profit": 33944000,
      "operating_income": 20277000,
      "net_income": 13638000,
      "opex": 13667000,
      "cogs": 334113000,
      "rd": null,
      "sga": 13667000,
      "fcf": -50422000,
      "ocf": -28202000,
      "capex": -22220000,
      "gross_margin": 0.09222484560815308,
      "op_margin": 0.05509201020494108,
      "fcf_margin": -0.13699508500042112,
      "incr_op_margin_yoy": 0.09768223392461198,
      "rev_growth_yoy": 0.18602193156295416,
      "rev_growth_yoy_accel": 0.2026779932465264,
      "op_leverage_ratio": Infinity,
      "fcf_margin_change": 0.06273910602678148
    },
    {
      "date": "2022-06-30T00:00:00",
      "quarter_label": "2022-06 (Q2)",
      "revenue": 373497000,
      "gross_profit": 34221000,
      "operating_income": 20578000,
      "net_income": 9938000,
      "opex": 13643000,
      "cogs": 339276000,
      "rd": null,
      "sga": 13643000,
      "fcf": -23016000,
      "ocf": 1487000,
      "capex": -24503000,
      "gross_margin": 0.09162322588936457,
      "op_margin": 0.05509548938813431,
      "fcf_margin": -0.06162298492357368,
      "incr_op_margin_yoy": 0.07885603533760029,
      "rev_growth_yoy": 0.1348180782377516,
      "rev_growth_yoy_accel": -0.05120385332520255,
      "op_leverage_ratio": Infinity,
      "fcf_margin_change": 0.07537210007684744
    },
    {
      "date": "2022-09-30T00:00:00",
      "quarter_label": "2022-09 (Q3)",
      "revenue": 405889000,
      "gross_profit": 29321000,
      "operating_income": 13571000,
      "net_income": 9509000,
      "opex": 15750000,
      "cogs": 376568000,
      "rd": null,
      "sga": 15750000,
      "fcf": -79459000,
      "ocf": -60194000,
      "capex": -19265000,
      "gross_margin": 0.0722389618836677,
      "op_margin": 0.03343524953866697,
      "fcf_margin": -0.19576534471247065,
      "incr_op_margin_yoy": 0.0776782242957622,
      "rev_growth_yoy": 0.3866259902909636,
      "rev_growth_yoy_accel": 0.251807912053212,
      "op_leverage_ratio": 0.5615597725428813,
      "fcf_margin_change": -0.13414235978889696
    },
    {
      "date": "2022-12-31T00:00:00",
      "quarter_label": "2022-12 (Q4)",
      "revenue": 436696000,
      "gross_profit": 34191000,
      "operating_income": 17489000,
      "net_income": 10720000,
      "opex": 16702000,
      "cogs": 402505000,
      "rd": null,
      "sga": 16702000,
      "fcf": -34114000,
      "ocf": -11727000,
      "capex": -22387000,
      "gross_margin": 0.07829474050598127,
      "op_margin": 0.04004845476029091,
      "fcf_margin": -0.07811841647278656,
      "incr_op_margin_yoy": 0.08708577640160749,
      "rev_growth_yoy": 0.385175598863175,
      "rev_growth_yoy_accel": -0.0014503914277886332,
      "op_leverage_ratio": 1.2556995443407957,
      "fcf_margin_change": 0.11764692823968409
    },
    {
      "date": "2023-03-31T00:00:00",
      "quarter_label": "2023-03 (Q1)",
      "revenue": 484703000,
      "gross_profit": 42972000,
      "operating_income": 25220000,
      "net_income": 16400000,
      "opex": 17752000,
      "cogs": 441731000,
      "rd": null,
      "sga": 17752000,
      "fcf": -9847000,
      "ocf": 14036000,
      "capex": -23883000,
      "gross_margin": 0.08865635244675606,
      "op_margin": 0.052031862810834675,
      "fcf_margin": -0.020315533429749764,
      "incr_op_margin_yoy": 0.04237607804811138,
      "rev_growth_yoy": 0.3169237373558987,
      "rev_growth_yoy_accel": -0.0682518615072763,
      "op_leverage_ratio": 1.748656609327007,
      "fcf_margin_change": 0.057802883043036796
    },
    {
      "date": "2023-06-30T00:00:00",
      "quarter_label": "2023-06 (Q2)",
      "revenue": 496141000,
      "gross_profit": 49681000,
      "operating_income": 31449000,
      "net_income": 19202000,
      "opex": 18232000,
      "cogs": 446460000,
      "rd": null,
      "sga": 18444000,
      "fcf": 20249000,
      "ocf": 44081000,
      "capex": -23832000,
      "gross_margin": 0.10013484070052667,
      "op_margin": 0.06338722258390256,
      "fcf_margin": 0.04081299469304089,
      "incr_op_margin_yoy": 0.0886386614917974,
      "rev_growth_yoy": 0.3283667606433251,
      "rev_growth_yoy_accel": 0.011443023287426413,
      "op_leverage_ratio": 0.8727310676159764,
      "fcf_margin_change": 0.061128528122790654
    },
    {
      "date": "2023-09-30T00:00:00",
      "quarter_label": "2023-09 (Q3)",
      "revenue": 438081000,
      "gross_profit": 35542000,
      "operating_income": 19490000,
      "net_income": 10754000,
      "opex": 16052000,
      "cogs": 402539000,
      "rd": null,
      "sga": 16052000,
      "fcf": 1610000,
      "ocf": 12801000,
      "capex": -11191000,
      "gross_margin": 0.08113111502210778,
      "op_margin": 0.044489489386665935,
      "fcf_margin": 0.003675119441381845,
      "incr_op_margin_yoy": 0.18386555666003976,
      "rev_growth_yoy": 0.07931232430541355,
      "rev_growth_yoy_accel": -0.24905443633791155,
      "fcf_margin_change": -0.03713787525165904
    },
    {
      "date": "2023-12-31T00:00:00",
      "quarter_label": "2023-12 (Q4)",
      "revenue": 421235000,
      "gross_profit": 34433000,
      "operating_income": 16610000,
      "net_income": 8290000,
      "opex": 17823000,
      "cogs": 386802000,
      "rd": null,
      "sga": 17823000,
      "fcf": -43938000,
      "ocf": -30723000,
      "capex": -13215000,
      "gross_margin": 0.08174297007608579,
      "op_margin": 0.03943167115742994,
      "fcf_margin": -0.1043075717829715,
      "incr_op_margin_yoy": 0.056852726214345777,
      "rev_growth_yoy": -0.0354044919119937,
      "rev_growth_yoy_accel": -0.11471681621740724,
      "fcf_margin_change": -0.10798269122435333
    },
    {
      "date": "2024-03-31T00:00:00",
      "quarter_label": "2024-03 (Q1)",
      "revenue": 425036000,
      "gross_profit": 33544000,
      "operating_income": -6431000,
      "net_income": -6076000,
      "opex": 39975000,
      "cogs": 391492000,
      "rd": null,
      "sga": 16861000,
      "fcf": 29970000,
      "ocf": 42639000,
      "capex": -12669000,
      "gross_margin": 0.07892037380363075,
      "op_margin": -0.01513048306496391,
      "fcf_margin": 0.07051167430523532,
      "incr_op_margin_yoy": 0.5304607236831079,
      "rev_growth_yoy": -0.12310012523132723,
      "rev_growth_yoy_accel": -0.08769563331933353,
      "fcf_margin_change": 0.17481924608820681
    },
    {
      "date": "2024-06-30T00:00:00",
      "quarter_label": "2024-06 (Q2)",
      "revenue": 430158000,
      "gross_profit": 36738000,
      "operating_income": 19608000,
      "net_income": 7543000,
      "opex": 17130000,
      "cogs": 393420000,
      "rd": null,
      "sga": 15890000,
      "fcf": 39501000,
      "ocf": 48500000,
      "capex": -8999000,
      "gross_margin": 0.08540582762612807,
      "op_margin": 0.04558325080551797,
      "fcf_margin": 0.09182904886111615,
      "incr_op_margin_yoy": 0.17945531424760924,
      "rev_growth_yoy": -0.1329924356181005,
      "rev_growth_yoy_accel": -0.009892310386773281,
      "op_leverage_ratio": Infinity,
      "fcf_margin_change": 0.021317374555880828
    },
    {
      "date": "2024-09-30T00:00:00",
      "quarter_label": "2024-09 (Q3)",
      "revenue": 374256000,
      "gross_profit": 23600000,
      "operating_income": 9115000,
      "net_income": 3154000,
      "opex": 14485000,
      "cogs": 350656000,
      "rd": null,
      "sga": 13427000,
      "fcf": 32117000,
      "ocf": 45474000,
      "capex": -13357000,
      "gross_margin": 0.06305844128083452,
      "op_margin": 0.02435498696079689,
      "fcf_margin": 0.08581559146680347,
      "incr_op_margin_yoy": 0.16255385820603213,
      "rev_growth_yoy": -0.14569223499763742,
      "rev_growth_yoy_accel": -0.012699799379536914,
      "fcf_margin_change": -0.0060134573943126796
    },
    {
      "date": "2024-12-31T00:00:00",
      "quarter_label": "2024-12 (Q4)",
      "revenue": 357392000,
      "gross_profit": 23427000,
      "operating_income": 8230000,
      "net_income": 3432000,
      "opex": 15197000,
      "cogs": 333965000,
      "rd": null,
      "sga": 10526000,
      "fcf": 23054000,
      "ocf": 29458000,
      "capex": -6404000,
      "gross_margin": 0.06554987240900748,
      "op_margin": 0.023027935712047275,
      "fcf_margin": 0.06450620047454896,
      "incr_op_margin_yoy": 0.1312594959510048,
      "rev_growth_yoy": -0.1515614799340036,
      "rev_growth_yoy_accel": -0.005869244936366175,
      "fcf_margin_change": -0.021309390992254512
    },
    {
      "date": "2025-03-31T00:00:00",
      "quarter_label": "2025-03 (Q1)",
      "revenue": 374607000,
      "gross_profit": 26896000,
      "operating_income": 11716000,
      "net_income": 3817000,
      "opex": 15180000,
      "cogs": 347711000,
      "rd": null,
      "sga": 13154000,
      "fcf": 27043000,
      "ocf": 30938000,
      "capex": -3895000,
      "gross_margin": 0.07179791087726604,
      "op_margin": 0.031275443331277845,
      "fcf_margin": 0.07219032212425289,
      "incr_op_margin_yoy": -0.3598524658430665,
      "rev_growth_yoy": -0.11864642053849556,
      "rev_growth_yoy_accel": 0.03291505939550804,
      "op_leverage_ratio": Infinity,
      "fcf_margin_change": 0.007684121649703932
    },
    {
      "date": "2025-06-30T00:00:00",
      "quarter_label": "2025-06 (Q2)",
      "revenue": 380472000,
      "gross_profit": 30481000,
      "operating_income": 16474000,
      "net_income": 6581000,
      "opex": 14007000,
      "cogs": 349991000,
      "rd": null,
      "sga": 13163000,
      "fcf": 68447000,
      "ocf": 78067000,
      "capex": -9620000,
      "gross_margin": 0.08011364831051956,
      "op_margin": 0.04329884984966042,
      "fcf_margin": 0.17990022918900733,
      "incr_op_margin_yoy": 0.06307611802117297,
      "rev_growth_yoy": -0.11550639532450867,
      "rev_growth_yoy_accel": 0.0031400252139868884,
      "op_leverage_ratio": Infinity,
      "fcf_margin_change": 0.10770990706475445
    },
    {
      "date": "2025-09-30T00:00:00",
      "quarter_label": "2025-09 (Q3)",
      "revenue": 365603000,
      "gross_profit": 28836000,
      "operating_income": 14454000,
      "net_income": 10086000,
      "opex": 14382000,
      "cogs": 336767000,
      "rd": null,
      "sga": 13090000,
      "fcf": -2451000,
      "ocf": 8065000,
      "capex": -10516000,
      "gross_margin": 0.07887243813644855,
      "op_margin": 0.03953468653156566,
      "fcf_margin": -0.006703993129159224,
      "incr_op_margin_yoy": -0.6170114411186871,
      "rev_growth_yoy": -0.023120537813689026,
      "rev_growth_yoy_accel": 0.09238585751081964,
      "fcf_margin_change": -0.18660422231816656
    }
  ],
  "signals": [
    {
      "quarter": "2025-09 (Q3)",
      "signal": "YoY REVENUE GROWTH ACCELERATION",
      "detail": "YoY growth: -2.3% vs prior quarter YoY: -11.6% (accel: +9.2%)",
      "severity": "MEDIUM"
    },
    {
      "quarter": "2025-06 (Q2)",
      "signal": "FCF MARGIN EXPANSION",
      "detail": "FCF margin: +7.2% -> +18.0% (+10.8%)",
      "severity": "MEDIUM"
    },
    {
      "quarter": "2025-03 (Q1)",
      "signal": "OP MARGIN TURNED POSITIVE (YoY)",
      "detail": "Op margin: -1.5% (year-ago) -> +3.1%",
      "severity": "HIGH"
    },
    {
      "quarter": "2024-09 (Q3)",
      "signal": "INCREMENTAL MARGIN (YoY)",
      "detail": "YoY Incr OPM: +16.3% vs year-ago OPM: +4.4%",
      "severity": "MEDIUM"
    },
    {
      "quarter": "2024-06 (Q2)",
      "signal": "INCREMENTAL MARGIN (YoY)",
      "detail": "YoY Incr OPM: +17.9% vs year-ago OPM: +6.3%",
      "severity": "MEDIUM"
    },
    {
      "quarter": "2024-06 (Q2)",
      "signal": "OP MARGIN TURNED POSITIVE (QoQ)",
      "detail": "Op margin: -1.5% -> +4.6%",
      "severity": "HIGH"
    },
    {
      "quarter": "2024-03 (Q1)",
      "signal": "FCF TURNED POSITIVE",
      "detail": "FCF margin: -10.4% -> +7.1%",
      "severity": "HIGH"
    },
    {
      "quarter": "2024-03 (Q1)",
      "signal": "YoY REVENUE GROWTH DECELERATION",
      "detail": "YoY growth: -12.3% vs prior quarter YoY: -3.5% (decel: -8.8%)",
      "severity": "WARNING"
    },
    {
      "quarter": "2023-12 (Q4)",
      "signal": "YoY REVENUE GROWTH DECELERATION",
      "detail": "YoY growth: -3.5% vs prior quarter YoY: +7.9% (decel: -11.5%)",
      "severity": "WARNING"
    },
    {
      "quarter": "2023-09 (Q3)",
      "signal": "YoY REVENUE GROWTH DECELERATION",
      "detail": "YoY growth: +7.9% vs prior quarter YoY: +32.8% (decel: -24.9%)",
      "severity": "WARNING"
    },
    {
      "quarter": "2023-09 (Q3)",
      "signal": "INCREMENTAL MARGIN (YoY)",
      "detail": "YoY Incr OPM: +18.4% vs year-ago OPM: +3.3%",
      "severity": "MEDIUM"
    },
    {
      "quarter": "2023-06 (Q2)",
      "signal": "FCF TURNED POSITIVE",
      "detail": "FCF margin: -2.0% -> +4.1%",
      "severity": "HIGH"
    },
    {
      "quarter": "2023-03 (Q1)",
      "signal": "FCF MARGIN EXPANSION",
      "detail": "FCF margin: -7.8% -> -2.0% (+5.8%)",
      "severity": "MEDIUM"
    },
    {
      "quarter": "2023-03 (Q1)",
      "signal": "OPERATING LEVERAGE",
      "detail": "Rev growth +11.0% vs OpEx growth +6.3% (leverage: 1.7x)",
      "severity": "MEDIUM"
    },
    {
      "quarter": "2023-03 (Q1)",
      "signal": "YoY REVENUE GROWTH DECELERATION",
      "detail": "YoY growth: +31.7% vs prior quarter YoY: +38.5% (decel: -6.8%)",
      "severity": "WARNING"
    },
    {
      "quarter": "2022-12 (Q4)",
      "signal": "FCF MARGIN EXPANSION",
      "detail": "FCF margin: -19.6% -> -7.8% (+11.8%)",
      "severity": "MEDIUM"
    },
    {
      "quarter": "2022-09 (Q3)",
      "signal": "YoY REVENUE GROWTH ACCELERATION",
      "detail": "YoY growth: +38.7% vs prior quarter YoY: +13.5% (accel: +25.2%)",
      "severity": "HIGH"
    },
    {
      "quarter": "2022-06 (Q2)",
      "signal": "FCF MARGIN EXPANSION",
      "detail": "FCF margin: -13.7% -> -6.2% (+7.5%)",
      "severity": "MEDIUM"
    },
    {
      "quarter": "2022-06 (Q2)",
      "signal": "YoY REVENUE GROWTH DECELERATION",
      "detail": "YoY growth: +13.5% vs prior quarter YoY: +18.6% (decel: -5.1%)",
      "severity": "WARNING"
    },
    {
      "quarter": "2022-03 (Q1)",
      "signal": "FCF MARGIN EXPANSION",
      "detail": "FCF margin: -20.0% -> -13.7% (+6.3%)",
      "severity": "MEDIUM"
    },
    {
      "quarter": "2022-03 (Q1)",
      "signal": "YoY REVENUE GROWTH ACCELERATION",
      "detail": "YoY growth: +18.6% vs prior quarter YoY: -1.7% (accel: +20.3%)",
      "severity": "HIGH"
    },
    {
      "quarter": "2021-12 (Q4)",
      "signal": "INCREMENTAL MARGIN (YoY)",
      "detail": "YoY Incr OPM: +173.5% vs year-ago OPM: +5.0%",
      "severity": "HIGH"
    }
  ],
  "data_quality": {
    "n_quarters": 20,
    "coverage": {
      "revenue": [
        20,
        20
      ],
      "gross_profit": [
        20,
        20
      ],
      "op_income": [
        20,
        20
      ],
      "fcf": [
        20,
        20
      ]
    },
    "gaps": [],
    "warnings": []
  },
  "market_cap": null,
  "source": "SEC EDGAR",
  "last_updated": "2026-02-02T22:12:13.742668",
  "sector": "Industrials",
  "industry": "Electrical Equipment & Parts"
}