{
  "ticker": "KEQU",
  "name": "KEWAUNEE SCIENTIFIC CORPORATION",
  "quarters": [
    {
      "date": "2021-01-31T00:00:00",
      "quarter_label": "2021-01 (Q1)",
      "revenue": 33339000,
      "gross_profit": 5654000,
      "operating_income": -376000,
      "net_income": 81000,
      "opex": 6030000,
      "cogs": 27685000,
      "rd": null,
      "sga": null,
      "fcf": 3623000,
      "ocf": 3623000,
      "capex": null,
      "gross_margin": 0.1695911695011848,
      "op_margin": -0.01127808272593659,
      "fcf_margin": 0.1086715258406071
    },
    {
      "date": "2021-04-30T00:00:00",
      "quarter_label": "2021-04 (Q2)",
      "revenue": 38707000,
      "gross_profit": 6063000,
      "operating_income": -653000,
      "net_income": -2975000,
      "opex": 6716000,
      "cogs": 32644000,
      "rd": null,
      "sga": null,
      "fcf": -2195000,
      "ocf": -2195000,
      "capex": null,
      "gross_margin": 0.15663833415144549,
      "op_margin": -0.01687033353140259,
      "fcf_margin": -0.05670808897615418,
      "op_leverage_ratio": 1.415315081567329,
      "fcf_margin_change": -0.16537961481676128
    },
    {
      "date": "2021-07-31T00:00:00",
      "quarter_label": "2021-07 (Q3)",
      "revenue": 39493000,
      "gross_profit": 5674000,
      "operating_income": -1091000,
      "net_income": -1345000,
      "opex": 6765000,
      "cogs": 33819000,
      "rd": null,
      "sga": null,
      "fcf": -1776000,
      "ocf": -1776000,
      "capex": null,
      "gross_margin": 0.14367103030916872,
      "op_margin": -0.02762514876053984,
      "fcf_margin": -0.04496999468260198,
      "op_leverage_ratio": 2.7832206693616035,
      "fcf_margin_change": 0.011738094293552201
    },
    {
      "date": "2021-10-31T00:00:00",
      "quarter_label": "2021-10 (Q4)",
      "revenue": 39031000,
      "gross_profit": 3597000,
      "operating_income": -2890000,
      "net_income": -3100000,
      "opex": 6487000,
      "cogs": 35434000,
      "rd": null,
      "sga": null,
      "fcf": -4295000,
      "ocf": -4295000,
      "capex": null,
      "gross_margin": 0.09215751582075786,
      "op_margin": -0.07404370884681408,
      "fcf_margin": -0.110040736850196,
      "fcf_margin_change": -0.06507074216759401
    },
    {
      "date": "2022-01-31T00:00:00",
      "quarter_label": "2022-01 (Q1)",
      "revenue": 40633000,
      "gross_profit": 5622000,
      "operating_income": -868000,
      "net_income": -1319000,
      "opex": 6490000,
      "cogs": 35011000,
      "rd": null,
      "sga": null,
      "fcf": 4984000,
      "ocf": 4984000,
      "capex": null,
      "gross_margin": 0.13836044594295277,
      "op_margin": -0.021361947185784953,
      "fcf_margin": 0.12265892255063618,
      "incr_op_margin_yoy": -0.06745270085001372,
      "rev_growth_yoy": 0.21878280692282312,
      "op_leverage_ratio": Infinity,
      "fcf_margin_change": 0.23269965940083218
    },
    {
      "date": "2022-04-30T00:00:00",
      "quarter_label": "2022-04 (Q2)",
      "revenue": 49715000,
      "gross_profit": 9327000,
      "operating_income": 2241000,
      "net_income": -362000,
      "opex": 7086000,
      "cogs": 40388000,
      "rd": null,
      "sga": null,
      "fcf": -6798000,
      "ocf": -6798000,
      "capex": null,
      "gross_margin": 0.1876093734285427,
      "op_margin": 0.04507693854973348,
      "fcf_margin": -0.13673941466358241,
      "incr_op_margin_yoy": 0.2628997093023256,
      "rev_growth_yoy": 0.28439300384943295,
      "rev_growth_yoy_accel": 0.06561019692660983,
      "op_leverage_ratio": 2.4338905610657653,
      "fcf_margin_change": -0.25939833721421857
    },
    {
      "date": "2022-07-31T00:00:00",
      "quarter_label": "2022-07 (Q3)",
      "revenue": 50123000,
      "gross_profit": 6196000,
      "operating_income": -396000,
      "net_income": -747000,
      "opex": 6592000,
      "cogs": 43927000,
      "rd": null,
      "sga": null,
      "fcf": 3685000,
      "ocf": 3685000,
      "capex": null,
      "gross_margin": 0.12361590487400993,
      "op_margin": -0.0079005646110568,
      "fcf_margin": 0.07351914290844523,
      "incr_op_margin_yoy": 0.06538099717779869,
      "rev_growth_yoy": 0.2691616235788621,
      "rev_growth_yoy_accel": -0.01523138027057086,
      "fcf_margin_change": 0.21025855757202766
    },
    {
      "date": "2022-10-31T00:00:00",
      "quarter_label": "2022-10 (Q4)",
      "revenue": 54564000,
      "gross_profit": 8701000,
      "operating_income": 755000,
      "net_income": -243000,
      "opex": 7946000,
      "cogs": 45863000,
      "rd": null,
      "sga": null,
      "fcf": -4271000,
      "ocf": -4271000,
      "capex": null,
      "gross_margin": 0.15946411553405176,
      "op_margin": 0.013836962099552819,
      "fcf_margin": -0.07827505314859615,
      "incr_op_margin_yoy": 0.2346616880190562,
      "rev_growth_yoy": 0.39796571955625015,
      "rev_growth_yoy_accel": 0.12880409597738807,
      "op_leverage_ratio": 0.4313623640939301,
      "fcf_margin_change": -0.15179419605704136
    },
    {
      "date": "2023-01-31T00:00:00",
      "quarter_label": "2023-01 (Q1)",
      "revenue": 60821000,
      "gross_profit": 10330000,
      "operating_income": 2304000,
      "net_income": 723000,
      "opex": 8026000,
      "cogs": 50491000,
      "rd": null,
      "sga": null,
      "fcf": -2961000,
      "ocf": -2961000,
      "capex": null,
      "gross_margin": 0.16984265303102547,
      "op_margin": 0.03788165271863337,
      "fcf_margin": -0.04868384275168116,
      "incr_op_margin_yoy": 0.15712304339211414,
      "rev_growth_yoy": 0.49683754583712747,
      "rev_growth_yoy_accel": 0.09887182628087732,
      "op_leverage_ratio": 11.389863737995748,
      "fcf_margin_change": 0.029591210396914987
    },
    {
      "date": "2023-04-30T00:00:00",
      "quarter_label": "2023-04 (Q2)",
      "revenue": 53986000,
      "gross_profit": 10361000,
      "operating_income": 2701000,
      "net_income": 1005000,
      "opex": 7660000,
      "cogs": 43625000,
      "rd": null,
      "sga": null,
      "fcf": -243000,
      "ocf": -243000,
      "capex": null,
      "gross_margin": 0.19192012744044754,
      "op_margin": 0.05003148964546364,
      "fcf_margin": -0.004501166969214241,
      "incr_op_margin_yoy": 0.10770311402481854,
      "rev_growth_yoy": 0.08590968520567233,
      "rev_growth_yoy_accel": -0.41092786063145514,
      "fcf_margin_change": 0.044182675782466915
    },
    {
      "date": "2023-07-31T00:00:00",
      "quarter_label": "2023-07 (Q3)",
      "revenue": 49839000,
      "gross_profit": 11914000,
      "operating_income": 3808000,
      "net_income": 2474000,
      "opex": 8106000,
      "cogs": 37925000,
      "rd": null,
      "sga": null,
      "fcf": 8172000,
      "ocf": 8172000,
      "capex": null,
      "gross_margin": 0.23904974016332592,
      "op_margin": 0.07640602740825458,
      "fcf_margin": 0.16396797688557155,
      "rev_growth_yoy": -0.005666061488737705,
      "rev_growth_yoy_accel": -0.09157574669441003,
      "fcf_margin_change": 0.16846914385478579
    },
    {
      "date": "2023-10-31T00:00:00",
      "quarter_label": "2023-10 (Q4)",
      "revenue": 50436000,
      "gross_profit": 13468000,
      "operating_income": 5109000,
      "net_income": 2732000,
      "opex": 8359000,
      "cogs": 36968000,
      "rd": null,
      "sga": null,
      "fcf": 747000,
      "ocf": 747000,
      "capex": null,
      "gross_margin": 0.267031485446903,
      "op_margin": 0.10129669283844872,
      "fcf_margin": 0.014810849393290507,
      "incr_op_margin_yoy": -1.0547480620155039,
      "rev_growth_yoy": -0.07565427754563449,
      "rev_growth_yoy_accel": -0.06998821605689678,
      "op_leverage_ratio": 0.38378773325999044,
      "fcf_margin_change": -0.14915712749228105
    },
    {
      "date": "2024-01-31T00:00:00",
      "quarter_label": "2024-01 (Q1)",
      "revenue": 46778000,
      "gross_profit": 12029000,
      "operating_income": 3806000,
      "net_income": 2521000,
      "opex": 8223000,
      "cogs": 34749000,
      "rd": null,
      "sga": null,
      "fcf": 9500000,
      "ocf": 9500000,
      "capex": null,
      "gross_margin": 0.25715079738338537,
      "op_margin": 0.08136303390482706,
      "fcf_margin": 0.20308692120227456,
      "incr_op_margin_yoy": -0.10695720287687815,
      "rev_growth_yoy": -0.23089064632281614,
      "rev_growth_yoy_accel": -0.15523636877718167,
      "fcf_margin_change": 0.18827607180898406
    },
    {
      "date": "2024-04-30T00:00:00",
      "quarter_label": "2024-04 (Q2)",
      "revenue": 56702000,
      "gross_profit": 14640000,
      "operating_income": 5558000,
      "net_income": 11026000,
      "opex": 9082000,
      "cogs": 42062000,
      "rd": null,
      "sga": null,
      "fcf": 1145000,
      "ocf": 1145000,
      "capex": null,
      "gross_margin": 0.2581919509012028,
      "op_margin": 0.09802123381891291,
      "fcf_margin": 0.0201932912419315,
      "incr_op_margin_yoy": 1.0519145802650958,
      "rev_growth_yoy": 0.0503093394583781,
      "rev_growth_yoy_accel": 0.28119998578119426,
      "op_leverage_ratio": 2.0308705061248107,
      "fcf_margin_change": -0.18289362996034306
    },
    {
      "date": "2024-07-31T00:00:00",
      "quarter_label": "2024-07 (Q3)",
      "revenue": 48393000,
      "gross_profit": 12488000,
      "operating_income": 2575000,
      "net_income": 2193000,
      "opex": 9913000,
      "cogs": 35905000,
      "rd": null,
      "sga": null,
      "fcf": -794000,
      "ocf": -794000,
      "capex": null,
      "gross_margin": 0.2580538507635402,
      "op_margin": 0.053210175025313576,
      "fcf_margin": -0.016407331638873392,
      "incr_op_margin_yoy": 0.8526970954356846,
      "rev_growth_yoy": -0.02901342322277734,
      "rev_growth_yoy_accel": -0.07932276268115544,
      "fcf_margin_change": -0.036600622880804894
    },
    {
      "date": "2024-10-31T00:00:00",
      "quarter_label": "2024-10 (Q4)",
      "revenue": 47764000,
      "gross_profit": 13952000,
      "operating_income": 4434000,
      "net_income": 3008000,
      "opex": 9518000,
      "cogs": 33812000,
      "rd": null,
      "sga": null,
      "fcf": 8436000,
      "ocf": 8436000,
      "capex": null,
      "gross_margin": 0.2921028389582112,
      "op_margin": 0.09283142115400721,
      "fcf_margin": 0.17661837367054686,
      "incr_op_margin_yoy": 0.25261976047904194,
      "rev_growth_yoy": -0.052978031564755335,
      "rev_growth_yoy_accel": -0.023964608341977993,
      "fcf_margin_change": 0.19302570530942026
    },
    {
      "date": "2025-01-31T00:00:00",
      "quarter_label": "2025-01 (Q1)",
      "revenue": 67167000,
      "gross_profit": 18379000,
      "operating_income": 2250000,
      "net_income": 1354000,
      "opex": 16129000,
      "cogs": 48788000,
      "rd": null,
      "sga": null,
      "fcf": -2266000,
      "ocf": -2266000,
      "capex": null,
      "gross_margin": 0.27363139637024136,
      "op_margin": 0.033498593059091517,
      "fcf_margin": -0.03373680527640061,
      "incr_op_margin_yoy": -0.0763156604051204,
      "rev_growth_yoy": 0.43586728804138697,
      "rev_growth_yoy_accel": 0.4888453196061423,
      "op_leverage_ratio": 0.5848530206708471,
      "fcf_margin_change": -0.21035517894694747
    },
    {
      "date": "2025-04-30T00:00:00",
      "quarter_label": "2025-04 (Q2)",
      "revenue": 77148000,
      "gross_profit": 24038000,
      "operating_income": 8500000,
      "net_income": 4850000,
      "opex": 15538000,
      "cogs": 53110000,
      "rd": null,
      "sga": null,
      "fcf": 9407000,
      "ocf": 9407000,
      "capex": null,
      "gross_margin": 0.3115829315082698,
      "op_margin": 0.11017783999585212,
      "fcf_margin": 0.1219344636283507,
      "incr_op_margin_yoy": 0.14389122566761225,
      "rev_growth_yoy": 0.3605869281506825,
      "rev_growth_yoy_accel": -0.07528035989070447,
      "op_leverage_ratio": Infinity,
      "fcf_margin_change": 0.1556712689047513
    },
    {
      "date": "2025-07-31T00:00:00",
      "quarter_label": "2025-07 (Q3)",
      "revenue": 71104000,
      "gross_profit": 20930000,
      "operating_income": 4810000,
      "net_income": 3093000,
      "opex": 16120000,
      "cogs": 50174000,
      "rd": null,
      "sga": null,
      "fcf": 5791000,
      "ocf": 5791000,
      "capex": null,
      "gross_margin": 0.2943575607560756,
      "op_margin": 0.0676473897389739,
      "fcf_margin": 0.08144408190819082,
      "incr_op_margin_yoy": 0.09841046189071376,
      "rev_growth_yoy": 0.4693034116504453,
      "rev_growth_yoy_accel": 0.10871648349976282,
      "fcf_margin_change": -0.04049038172015988
    },
    {
      "date": "2025-10-31T00:00:00",
      "quarter_label": "2025-10 (Q4)",
      "revenue": 70096000,
      "gross_profit": 19720000,
      "operating_income": 4107000,
      "net_income": 2445000,
      "opex": 15613000,
      "cogs": 50376000,
      "rd": null,
      "sga": null,
      "fcf": -4265000,
      "ocf": -4265000,
      "capex": null,
      "gross_margin": 0.2813284638210454,
      "op_margin": 0.058591075097009816,
      "fcf_margin": -0.060845126683405616,
      "incr_op_margin_yoy": -0.014642665233745298,
      "rev_growth_yoy": 0.46754878150908635,
      "rev_growth_yoy_accel": -0.0017546301413589593,
      "fcf_margin_change": -0.14228920859159644
    }
  ],
  "signals": [
    {
      "quarter": "2025-07 (Q3)",
      "signal": "YoY REVENUE GROWTH ACCELERATION",
      "detail": "YoY growth: +46.9% vs prior quarter YoY: +36.1% (accel: +10.9%)",
      "severity": "MEDIUM"
    },
    {
      "quarter": "2025-04 (Q2)",
      "signal": "FCF TURNED POSITIVE",
      "detail": "FCF margin: -3.4% -> +12.2%",
      "severity": "HIGH"
    },
    {
      "quarter": "2025-04 (Q2)",
      "signal": "GROSS MARGIN INFLECTION",
      "detail": "GM: +29.2% -> +27.4% -> +31.2% (reversal +3.8%)",
      "severity": "MEDIUM"
    },
    {
      "quarter": "2025-04 (Q2)",
      "signal": "YoY REVENUE GROWTH DECELERATION",
      "detail": "YoY growth: +36.1% vs prior quarter YoY: +43.6% (decel: -7.5%)",
      "severity": "WARNING"
    },
    {
      "quarter": "2025-01 (Q1)",
      "signal": "YoY REVENUE GROWTH ACCELERATION",
      "detail": "YoY growth: +43.6% vs prior quarter YoY: -5.3% (accel: +48.9%)",
      "severity": "HIGH"
    },
    {
      "quarter": "2024-10 (Q4)",
      "signal": "FCF TURNED POSITIVE",
      "detail": "FCF margin: -1.6% -> +17.7%",
      "severity": "HIGH"
    },
    {
      "quarter": "2024-10 (Q4)",
      "signal": "GROSS MARGIN INFLECTION",
      "detail": "GM: +25.8% -> +25.8% -> +29.2% (reversal +3.4%)",
      "severity": "MEDIUM"
    },
    {
      "quarter": "2024-10 (Q4)",
      "signal": "INCREMENTAL MARGIN (YoY)",
      "detail": "YoY Incr OPM: +25.3% vs year-ago OPM: +10.1%",
      "severity": "MEDIUM"
    },
    {
      "quarter": "2024-07 (Q3)",
      "signal": "YoY REVENUE GROWTH DECELERATION",
      "detail": "YoY growth: -2.9% vs prior quarter YoY: +5.0% (decel: -7.9%)",
      "severity": "WARNING"
    },
    {
      "quarter": "2024-07 (Q3)",
      "signal": "INCREMENTAL MARGIN (YoY)",
      "detail": "YoY Incr OPM: +85.3% vs year-ago OPM: +7.6%",
      "severity": "HIGH"
    },
    {
      "quarter": "2024-04 (Q2)",
      "signal": "OPERATING LEVERAGE",
      "detail": "Rev growth +21.2% vs OpEx growth +10.4% (leverage: 2.0x)",
      "severity": "MEDIUM"
    },
    {
      "quarter": "2024-04 (Q2)",
      "signal": "YoY REVENUE GROWTH ACCELERATION",
      "detail": "YoY growth: +5.0% vs prior quarter YoY: -23.1% (accel: +28.1%)",
      "severity": "HIGH"
    },
    {
      "quarter": "2024-04 (Q2)",
      "signal": "INCREMENTAL MARGIN (YoY)",
      "detail": "YoY Incr OPM: +105.2% vs year-ago OPM: +5.0%",
      "severity": "HIGH"
    },
    {
      "quarter": "2024-01 (Q1)",
      "signal": "FCF MARGIN EXPANSION",
      "detail": "FCF margin: +1.5% -> +20.3% (+18.8%)",
      "severity": "MEDIUM"
    },
    {
      "quarter": "2024-01 (Q1)",
      "signal": "YoY REVENUE GROWTH DECELERATION",
      "detail": "YoY growth: -23.1% vs prior quarter YoY: -7.6% (decel: -15.5%)",
      "severity": "WARNING"
    },
    {
      "quarter": "2023-10 (Q4)",
      "signal": "YoY REVENUE GROWTH DECELERATION",
      "detail": "YoY growth: -7.6% vs prior quarter YoY: -0.6% (decel: -7.0%)",
      "severity": "WARNING"
    },
    {
      "quarter": "2023-07 (Q3)",
      "signal": "FCF TURNED POSITIVE",
      "detail": "FCF margin: -0.5% -> +16.4%",
      "severity": "HIGH"
    },
    {
      "quarter": "2023-07 (Q3)",
      "signal": "YoY REVENUE GROWTH DECELERATION",
      "detail": "YoY growth: -0.6% vs prior quarter YoY: +8.6% (decel: -9.2%)",
      "severity": "WARNING"
    },
    {
      "quarter": "2023-07 (Q3)",
      "signal": "OP MARGIN TURNED POSITIVE (YoY)",
      "detail": "Op margin: -0.8% (year-ago) -> +7.6%",
      "severity": "HIGH"
    },
    {
      "quarter": "2023-04 (Q2)",
      "signal": "YoY REVENUE GROWTH DECELERATION",
      "detail": "YoY growth: +8.6% vs prior quarter YoY: +49.7% (decel: -41.1%)",
      "severity": "WARNING"
    },
    {
      "quarter": "2023-01 (Q1)",
      "signal": "OPERATING LEVERAGE",
      "detail": "Rev growth +11.5% vs OpEx growth +1.0% (leverage: 11.4x)",
      "severity": "MEDIUM"
    },
    {
      "quarter": "2023-01 (Q1)",
      "signal": "YoY REVENUE GROWTH ACCELERATION",
      "detail": "YoY growth: +49.7% vs prior quarter YoY: +39.8% (accel: +9.9%)",
      "severity": "MEDIUM"
    },
    {
      "quarter": "2023-01 (Q1)",
      "signal": "OP MARGIN TURNED POSITIVE (YoY)",
      "detail": "Op margin: -2.1% (year-ago) -> +3.8%",
      "severity": "HIGH"
    },
    {
      "quarter": "2022-10 (Q4)",
      "signal": "GROSS MARGIN INFLECTION",
      "detail": "GM: +18.8% -> +12.4% -> +15.9% (reversal +3.6%)",
      "severity": "MEDIUM"
    },
    {
      "quarter": "2022-10 (Q4)",
      "signal": "YoY REVENUE GROWTH ACCELERATION",
      "detail": "YoY growth: +39.8% vs prior quarter YoY: +26.9% (accel: +12.9%)",
      "severity": "MEDIUM"
    },
    {
      "quarter": "2022-10 (Q4)",
      "signal": "OP MARGIN TURNED POSITIVE (YoY)",
      "detail": "Op margin: -7.4% (year-ago) -> +1.4%",
      "severity": "HIGH"
    },
    {
      "quarter": "2022-10 (Q4)",
      "signal": "OP MARGIN TURNED POSITIVE (QoQ)",
      "detail": "Op margin: -0.8% -> +1.4%",
      "severity": "HIGH"
    },
    {
      "quarter": "2022-07 (Q3)",
      "signal": "FCF TURNED POSITIVE",
      "detail": "FCF margin: -13.7% -> +7.4%",
      "severity": "HIGH"
    },
    {
      "quarter": "2022-04 (Q2)",
      "signal": "OPERATING LEVERAGE",
      "detail": "Rev growth +22.4% vs OpEx growth +9.2% (leverage: 2.4x)",
      "severity": "MEDIUM"
    },
    {
      "quarter": "2022-04 (Q2)",
      "signal": "YoY REVENUE GROWTH ACCELERATION",
      "detail": "YoY growth: +28.4% vs prior quarter YoY: +21.9% (accel: +6.6%)",
      "severity": "MEDIUM"
    },
    {
      "quarter": "2022-04 (Q2)",
      "signal": "OP MARGIN TURNED POSITIVE (YoY)",
      "detail": "Op margin: -1.7% (year-ago) -> +4.5%",
      "severity": "HIGH"
    },
    {
      "quarter": "2022-04 (Q2)",
      "signal": "OP MARGIN TURNED POSITIVE (QoQ)",
      "detail": "Op margin: -2.1% -> +4.5%",
      "severity": "HIGH"
    },
    {
      "quarter": "2022-01 (Q1)",
      "signal": "FCF TURNED POSITIVE",
      "detail": "FCF margin: -11.0% -> +12.3%",
      "severity": "HIGH"
    },
    {
      "quarter": "2022-01 (Q1)",
      "signal": "OPERATING LEVERAGE",
      "detail": "Rev growth +4.1% vs OpEx growth +0.0% (leverage: 88.8x)",
      "severity": "MEDIUM"
    },
    {
      "quarter": "2022-01 (Q1)",
      "signal": "GROSS MARGIN INFLECTION",
      "detail": "GM: +14.4% -> +9.2% -> +13.8% (reversal +4.6%)",
      "severity": "MEDIUM"
    },
    {
      "quarter": "2021-07 (Q3)",
      "signal": "OPERATING LEVERAGE",
      "detail": "Rev growth +2.0% vs OpEx growth +0.7% (leverage: 2.8x)",
      "severity": "MEDIUM"
    }
  ],
  "data_quality": {
    "n_quarters": 20,
    "coverage": {
      "revenue": [
        20,
        20
      ],
      "gross_profit": [
        20,
        20
      ],
      "op_income": [
        20,
        20
      ],
      "fcf": [
        20,
        20
      ]
    },
    "gaps": [],
    "warnings": []
  },
  "market_cap": null,
  "source": "SEC EDGAR",
  "last_updated": "2026-02-02T23:18:39.540379"
}