{
  "ticker": "KEYS",
  "name": "KEYSIGHT TECHNOLOGIES,\u00a0INC.",
  "quarters": [
    {
      "date": "2021-01-31T00:00:00",
      "quarter_label": "2021-01 (Q1)",
      "revenue": 1180000000,
      "gross_profit": 707000000,
      "operating_income": 212000000,
      "net_income": null,
      "opex": 968000000,
      "cogs": 473000000,
      "rd": 199000000,
      "sga": 301000000,
      "fcf": 267000000,
      "ocf": 295000000,
      "capex": -28000000,
      "gross_margin": 0.5991525423728814,
      "op_margin": 0.17966101694915254,
      "fcf_margin": 0.22627118644067798
    },
    {
      "date": "2021-04-30T00:00:00",
      "quarter_label": "2021-04 (Q2)",
      "revenue": 1221000000,
      "gross_profit": 737000000,
      "operating_income": 235000000,
      "net_income": null,
      "opex": 986000000,
      "cogs": 484000000,
      "rd": 209000000,
      "sga": 297000000,
      "fcf": 369000000,
      "ocf": 402000000,
      "capex": -33000000,
      "gross_margin": 0.6036036036036037,
      "op_margin": 0.19246519246519248,
      "fcf_margin": 0.3022113022113022,
      "op_leverage_ratio": 1.8685499058380415,
      "fcf_margin_change": 0.07594011577062423
    },
    {
      "date": "2021-07-31T00:00:00",
      "quarter_label": "2021-07 (Q3)",
      "revenue": 1246000000,
      "gross_profit": 788000000,
      "operating_income": 284000000,
      "net_income": null,
      "opex": 962000000,
      "cogs": 458000000,
      "rd": 207000000,
      "sga": 302000000,
      "fcf": 217000000,
      "ocf": 257000000,
      "capex": -40000000,
      "gross_margin": 0.6324237560192616,
      "op_margin": 0.22792937399678972,
      "fcf_margin": 0.17415730337078653,
      "op_leverage_ratio": Infinity,
      "fcf_margin_change": -0.1280539988405157
    },
    {
      "date": "2021-10-31T00:00:00",
      "quarter_label": "2021-10 (Q4)",
      "revenue": 1294000000,
      "gross_profit": 837000000,
      "operating_income": 349000000,
      "net_income": null,
      "opex": 945000000,
      "cogs": 457000000,
      "rd": 196000000,
      "sga": 295000000,
      "fcf": 295000000,
      "ocf": 368000000,
      "capex": -73000000,
      "gross_margin": 0.6468315301391035,
      "op_margin": 0.2697063369397218,
      "fcf_margin": 0.22797527047913446,
      "op_leverage_ratio": Infinity,
      "fcf_margin_change": 0.053817967108347936
    },
    {
      "date": "2022-01-31T00:00:00",
      "quarter_label": "2022-01 (Q1)",
      "revenue": 1250000000,
      "gross_profit": 804000000,
      "operating_income": 271000000,
      "net_income": null,
      "opex": 979000000,
      "cogs": 446000000,
      "rd": 210000000,
      "sga": 326000000,
      "fcf": 182000000,
      "ocf": 224000000,
      "capex": -42000000,
      "gross_margin": 0.6432,
      "op_margin": 0.2168,
      "fcf_margin": 0.1456,
      "incr_op_margin_yoy": 0.8428571428571429,
      "rev_growth_yoy": 0.059322033898305086,
      "fcf_margin_change": -0.08237527047913445
    },
    {
      "date": "2022-04-30T00:00:00",
      "quarter_label": "2022-04 (Q2)",
      "revenue": 1351000000,
      "gross_profit": 859000000,
      "operating_income": 327000000,
      "net_income": null,
      "opex": 1024000000,
      "cogs": 492000000,
      "rd": 210000000,
      "sga": 319000000,
      "fcf": 245000000,
      "ocf": 298000000,
      "capex": -53000000,
      "gross_margin": 0.6358253145817913,
      "op_margin": 0.24204293116210215,
      "fcf_margin": 0.18134715025906736,
      "incr_op_margin_yoy": 0.7076923076923077,
      "rev_growth_yoy": 0.10647010647010648,
      "rev_growth_yoy_accel": 0.04714807257180139,
      "op_leverage_ratio": 1.757848888888889,
      "fcf_margin_change": 0.035747150259067356
    },
    {
      "date": "2022-07-31T00:00:00",
      "quarter_label": "2022-07 (Q3)",
      "revenue": 1376000000,
      "gross_profit": 877000000,
      "operating_income": 357000000,
      "net_income": null,
      "opex": 1019000000,
      "cogs": 499000000,
      "rd": 206000000,
      "sga": 317000000,
      "fcf": 192000000,
      "ocf": 224000000,
      "capex": -32000000,
      "gross_margin": 0.6373546511627907,
      "op_margin": 0.25944767441860467,
      "fcf_margin": 0.13953488372093023,
      "incr_op_margin_yoy": 0.5615384615384615,
      "rev_growth_yoy": 0.1043338683788122,
      "rev_growth_yoy_accel": -0.0021362380912942763,
      "op_leverage_ratio": Infinity,
      "fcf_margin_change": -0.04181226653813713
    },
    {
      "date": "2022-10-31T00:00:00",
      "quarter_label": "2022-10 (Q4)",
      "revenue": 1443000000,
      "gross_profit": 910000000,
      "operating_income": 379000000,
      "net_income": null,
      "opex": 1064000000,
      "cogs": 533000000,
      "rd": 215000000,
      "sga": 321000000,
      "fcf": 340000000,
      "ocf": 398000000,
      "capex": -58000000,
      "gross_margin": 0.6306306306306306,
      "op_margin": 0.2626472626472626,
      "fcf_margin": 0.23562023562023562,
      "incr_op_margin_yoy": 0.20134228187919462,
      "rev_growth_yoy": 0.1151468315301391,
      "rev_growth_yoy_accel": 0.010812963151326904,
      "op_leverage_ratio": 1.1026001291989664,
      "fcf_margin_change": 0.0960853518993054
    },
    {
      "date": "2023-01-31T00:00:00",
      "quarter_label": "2023-01 (Q1)",
      "revenue": 1381000000,
      "gross_profit": 883000000,
      "operating_income": 322000000,
      "net_income": 260000000,
      "opex": 1059000000,
      "cogs": 498000000,
      "rd": 227000000,
      "sga": 338000000,
      "fcf": 306000000,
      "ocf": 366000000,
      "capex": -60000000,
      "gross_margin": 0.6393917451122375,
      "op_margin": 0.2331643736422882,
      "fcf_margin": 0.22157856625633598,
      "incr_op_margin_yoy": 0.3893129770992366,
      "rev_growth_yoy": 0.1048,
      "rev_growth_yoy_accel": -0.0103468315301391,
      "fcf_margin_change": -0.01404166936389964
    },
    {
      "date": "2023-04-30T00:00:00",
      "quarter_label": "2023-04 (Q2)",
      "revenue": 1390000000,
      "gross_profit": 909000000,
      "operating_income": 354000000,
      "net_income": 283000000,
      "opex": 1036000000,
      "cogs": 481000000,
      "rd": 222000000,
      "sga": 337000000,
      "fcf": 370000000,
      "ocf": 423000000,
      "capex": -53000000,
      "gross_margin": 0.6539568345323741,
      "op_margin": 0.25467625899280577,
      "fcf_margin": 0.26618705035971224,
      "incr_op_margin_yoy": 0.6923076923076923,
      "rev_growth_yoy": 0.028867505551443375,
      "rev_growth_yoy_accel": -0.07593249444855663,
      "fcf_margin_change": 0.044608484103376256
    },
    {
      "date": "2023-07-31T00:00:00",
      "quarter_label": "2023-07 (Q3)",
      "revenue": 1382000000,
      "gross_profit": 896000000,
      "operating_income": 365000000,
      "net_income": 288000000,
      "opex": 1017000000,
      "cogs": 486000000,
      "rd": 215000000,
      "sga": 319000000,
      "fcf": 196000000,
      "ocf": 241000000,
      "capex": -45000000,
      "gross_margin": 0.6483357452966715,
      "op_margin": 0.26410998552821996,
      "fcf_margin": 0.14182344428364688,
      "incr_op_margin_yoy": 1.3333333333333333,
      "rev_growth_yoy": 0.00436046511627907,
      "rev_growth_yoy_accel": -0.024507040435164305,
      "fcf_margin_change": -0.12436360607606536
    },
    {
      "date": "2023-10-31T00:00:00",
      "quarter_label": "2023-10 (Q4)",
      "revenue": 1311000000,
      "gross_profit": 844000000,
      "operating_income": 317000000,
      "net_income": 226000000,
      "opex": 994000000,
      "cogs": 467000000,
      "rd": 218000000,
      "sga": 313000000,
      "fcf": 339000000,
      "ocf": 378000000,
      "capex": -39000000,
      "gross_margin": 0.6437833714721587,
      "op_margin": 0.2418001525553013,
      "fcf_margin": 0.2585812356979405,
      "incr_op_margin_yoy": 0.4696969696969697,
      "rev_growth_yoy": -0.09147609147609148,
      "rev_growth_yoy_accel": -0.09583655659237054,
      "fcf_margin_change": 0.11675779141429363
    },
    {
      "date": "2024-01-31T00:00:00",
      "quarter_label": "2024-01 (Q1)",
      "revenue": 1259000000,
      "gross_profit": 813000000,
      "operating_income": 221000000,
      "net_income": 172000000,
      "opex": 1038000000,
      "cogs": 446000000,
      "rd": 232000000,
      "sga": 362000000,
      "fcf": 281000000,
      "ocf": 328000000,
      "capex": -47000000,
      "gross_margin": 0.6457505957108817,
      "op_margin": 0.1755361397934869,
      "fcf_margin": 0.22319301032565528,
      "incr_op_margin_yoy": 0.8278688524590164,
      "rev_growth_yoy": -0.08834178131788559,
      "rev_growth_yoy_accel": 0.003134310158205894,
      "fcf_margin_change": -0.035388225372285226
    },
    {
      "date": "2024-04-30T00:00:00",
      "quarter_label": "2024-04 (Q2)",
      "revenue": 1216000000,
      "gross_profit": 763000000,
      "operating_income": 177000000,
      "net_income": 126000000,
      "opex": 1039000000,
      "cogs": 453000000,
      "rd": 228000000,
      "sga": 361000000,
      "fcf": 74000000,
      "ocf": 110000000,
      "capex": -36000000,
      "gross_margin": 0.6274671052631579,
      "op_margin": 0.1455592105263158,
      "fcf_margin": 0.06085526315789474,
      "incr_op_margin_yoy": 1.0172413793103448,
      "rev_growth_yoy": -0.1251798561151079,
      "rev_growth_yoy_accel": -0.036838074797222314,
      "fcf_margin_change": -0.16233774716776053
    },
    {
      "date": "2024-07-31T00:00:00",
      "quarter_label": "2024-07 (Q3)",
      "revenue": 1217000000,
      "gross_profit": 755000000,
      "operating_income": 205000000,
      "net_income": 389000000,
      "opex": 1012000000,
      "cogs": 462000000,
      "rd": 226000000,
      "sga": 329000000,
      "fcf": 222000000,
      "ocf": 255000000,
      "capex": -33000000,
      "gross_margin": 0.6203779786359901,
      "op_margin": 0.1684470008216927,
      "fcf_margin": 0.18241577649958915,
      "incr_op_margin_yoy": 0.9696969696969697,
      "rev_growth_yoy": -0.11939218523878437,
      "rev_growth_yoy_accel": 0.005787670876323536,
      "fcf_margin_change": 0.1215605133416944
    },
    {
      "date": "2024-10-31T00:00:00",
      "quarter_label": "2024-10 (Q4)",
      "revenue": 1287000000,
      "gross_profit": 802000000,
      "operating_income": 230000000,
      "net_income": -73000000,
      "opex": 1057000000,
      "cogs": 485000000,
      "rd": 233000000,
      "sga": 343000000,
      "fcf": 321000000,
      "ocf": 359000000,
      "capex": -38000000,
      "gross_margin": 0.6231546231546231,
      "op_margin": 0.17871017871017872,
      "fcf_margin": 0.2494172494172494,
      "incr_op_margin_yoy": 3.625,
      "rev_growth_yoy": -0.018306636155606407,
      "rev_growth_yoy_accel": 0.10108554908317796,
      "op_leverage_ratio": 1.2935268876107002,
      "fcf_margin_change": 0.06700147291766026
    },
    {
      "date": "2025-01-31T00:00:00",
      "quarter_label": "2025-01 (Q1)",
      "revenue": 1298000000,
      "gross_profit": 820000000,
      "operating_income": 218000000,
      "net_income": 169000000,
      "opex": 1080000000,
      "cogs": 478000000,
      "rd": 249000000,
      "sga": 361000000,
      "fcf": 346000000,
      "ocf": 378000000,
      "capex": -32000000,
      "gross_margin": 0.6317411402157165,
      "op_margin": 0.1679506933744222,
      "fcf_margin": 0.2665639445300462,
      "incr_op_margin_yoy": -0.07692307692307693,
      "rev_growth_yoy": 0.030976965845909452,
      "rev_growth_yoy_accel": 0.04928360200151586,
      "fcf_margin_change": 0.017146695112796817
    },
    {
      "date": "2025-04-30T00:00:00",
      "quarter_label": "2025-04 (Q2)",
      "revenue": 1306000000,
      "gross_profit": 814000000,
      "operating_income": 207000000,
      "net_income": 257000000,
      "opex": 1099000000,
      "cogs": 492000000,
      "rd": 250000000,
      "sga": 360000000,
      "fcf": 457000000,
      "ocf": 484000000,
      "capex": -27000000,
      "gross_margin": 0.6232771822358346,
      "op_margin": 0.1584992343032159,
      "fcf_margin": 0.3499234303215927,
      "incr_op_margin_yoy": 0.3333333333333333,
      "rev_growth_yoy": 0.07401315789473684,
      "rev_growth_yoy_accel": 0.04303619204882739,
      "fcf_margin_change": 0.08335948579154645
    },
    {
      "date": "2025-07-31T00:00:00",
      "quarter_label": "2025-07 (Q3)",
      "revenue": 1352000000,
      "gross_profit": 834000000,
      "operating_income": 234000000,
      "net_income": 191000000,
      "opex": 1118000000,
      "cogs": 518000000,
      "rd": 250000000,
      "sga": 354000000,
      "fcf": 291000000,
      "ocf": 322000000,
      "capex": -31000000,
      "gross_margin": 0.6168639053254438,
      "op_margin": 0.17307692307692307,
      "fcf_margin": 0.21523668639053253,
      "incr_op_margin_yoy": 0.21481481481481482,
      "rev_growth_yoy": 0.11092851273623665,
      "rev_growth_yoy_accel": 0.03691535484149981,
      "op_leverage_ratio": 2.037317643265898,
      "fcf_margin_change": -0.13468674393106014
    },
    {
      "date": "2025-10-31T00:00:00",
      "quarter_label": "2025-10 (Q4)",
      "revenue": 1419000000,
      "gross_profit": 869000000,
      "operating_income": 217000000,
      "net_income": 233000000,
      "opex": 1202000000,
      "cogs": 550000000,
      "rd": 258000000,
      "sga": 399000000,
      "fcf": 187000000,
      "ocf": 225000000,
      "capex": -38000000,
      "gross_margin": 0.6124031007751938,
      "op_margin": 0.1529245947850599,
      "fcf_margin": 0.13178294573643412,
      "incr_op_margin_yoy": -0.09848484848484848,
      "rev_growth_yoy": 0.10256410256410256,
      "rev_growth_yoy_accel": -0.008364410172134087,
      "op_leverage_ratio": 0.6595695970695971,
      "fcf_margin_change": -0.08345374065409841
    }
  ],
  "signals": [
    {
      "quarter": "2025-07 (Q3)",
      "signal": "OPERATING LEVERAGE",
      "detail": "Rev growth +3.5% vs OpEx growth +1.7% (leverage: 2.0x)",
      "severity": "MEDIUM"
    },
    {
      "quarter": "2025-04 (Q2)",
      "signal": "FCF MARGIN EXPANSION",
      "detail": "FCF margin: +26.7% -> +35.0% (+8.3%)",
      "severity": "MEDIUM"
    },
    {
      "quarter": "2025-04 (Q2)",
      "signal": "INCREMENTAL MARGIN (YoY)",
      "detail": "YoY Incr OPM: +33.3% vs year-ago OPM: +14.6%",
      "severity": "MEDIUM"
    },
    {
      "quarter": "2024-10 (Q4)",
      "signal": "FCF MARGIN EXPANSION",
      "detail": "FCF margin: +18.2% -> +24.9% (+6.7%)",
      "severity": "MEDIUM"
    },
    {
      "quarter": "2024-10 (Q4)",
      "signal": "YoY REVENUE GROWTH ACCELERATION",
      "detail": "YoY growth: -1.8% vs prior quarter YoY: -11.9% (accel: +10.1%)",
      "severity": "MEDIUM"
    },
    {
      "quarter": "2024-10 (Q4)",
      "signal": "INCREMENTAL MARGIN (YoY)",
      "detail": "YoY Incr OPM: +362.5% vs year-ago OPM: +24.2%",
      "severity": "HIGH"
    },
    {
      "quarter": "2024-07 (Q3)",
      "signal": "FCF MARGIN EXPANSION",
      "detail": "FCF margin: +6.1% -> +18.2% (+12.2%)",
      "severity": "MEDIUM"
    },
    {
      "quarter": "2024-07 (Q3)",
      "signal": "INCREMENTAL MARGIN (YoY)",
      "detail": "YoY Incr OPM: +97.0% vs year-ago OPM: +26.4%",
      "severity": "HIGH"
    },
    {
      "quarter": "2024-04 (Q2)",
      "signal": "INCREMENTAL MARGIN (YoY)",
      "detail": "YoY Incr OPM: +101.7% vs year-ago OPM: +25.5%",
      "severity": "HIGH"
    },
    {
      "quarter": "2024-01 (Q1)",
      "signal": "INCREMENTAL MARGIN (YoY)",
      "detail": "YoY Incr OPM: +82.8% vs year-ago OPM: +23.3%",
      "severity": "HIGH"
    },
    {
      "quarter": "2023-10 (Q4)",
      "signal": "FCF MARGIN EXPANSION",
      "detail": "FCF margin: +14.2% -> +25.9% (+11.7%)",
      "severity": "MEDIUM"
    },
    {
      "quarter": "2023-10 (Q4)",
      "signal": "YoY REVENUE GROWTH DECELERATION",
      "detail": "YoY growth: -9.1% vs prior quarter YoY: +0.4% (decel: -9.6%)",
      "severity": "WARNING"
    },
    {
      "quarter": "2023-10 (Q4)",
      "signal": "INCREMENTAL MARGIN (YoY)",
      "detail": "YoY Incr OPM: +47.0% vs year-ago OPM: +26.3%",
      "severity": "HIGH"
    },
    {
      "quarter": "2023-07 (Q3)",
      "signal": "INCREMENTAL MARGIN (YoY)",
      "detail": "YoY Incr OPM: +133.3% vs year-ago OPM: +25.9%",
      "severity": "HIGH"
    },
    {
      "quarter": "2023-04 (Q2)",
      "signal": "YoY REVENUE GROWTH DECELERATION",
      "detail": "YoY growth: +2.9% vs prior quarter YoY: +10.5% (decel: -7.6%)",
      "severity": "WARNING"
    },
    {
      "quarter": "2023-04 (Q2)",
      "signal": "INCREMENTAL MARGIN (YoY)",
      "detail": "YoY Incr OPM: +69.2% vs year-ago OPM: +24.2%",
      "severity": "HIGH"
    },
    {
      "quarter": "2023-01 (Q1)",
      "signal": "INCREMENTAL MARGIN (YoY)",
      "detail": "YoY Incr OPM: +38.9% vs year-ago OPM: +21.7%",
      "severity": "MEDIUM"
    },
    {
      "quarter": "2022-10 (Q4)",
      "signal": "FCF MARGIN EXPANSION",
      "detail": "FCF margin: +14.0% -> +23.6% (+9.6%)",
      "severity": "MEDIUM"
    },
    {
      "quarter": "2022-07 (Q3)",
      "signal": "INCREMENTAL MARGIN (YoY)",
      "detail": "YoY Incr OPM: +56.2% vs year-ago OPM: +22.8%",
      "severity": "HIGH"
    },
    {
      "quarter": "2022-04 (Q2)",
      "signal": "OPERATING LEVERAGE",
      "detail": "Rev growth +8.1% vs OpEx growth +4.6% (leverage: 1.8x)",
      "severity": "MEDIUM"
    },
    {
      "quarter": "2022-04 (Q2)",
      "signal": "INCREMENTAL MARGIN (YoY)",
      "detail": "YoY Incr OPM: +70.8% vs year-ago OPM: +19.2%",
      "severity": "HIGH"
    },
    {
      "quarter": "2022-01 (Q1)",
      "signal": "INCREMENTAL MARGIN (YoY)",
      "detail": "YoY Incr OPM: +84.3% vs year-ago OPM: +18.0%",
      "severity": "HIGH"
    },
    {
      "quarter": "2021-10 (Q4)",
      "signal": "FCF MARGIN EXPANSION",
      "detail": "FCF margin: +17.4% -> +22.8% (+5.4%)",
      "severity": "MEDIUM"
    },
    {
      "quarter": "2021-04 (Q2)",
      "signal": "FCF MARGIN EXPANSION",
      "detail": "FCF margin: +22.6% -> +30.2% (+7.6%)",
      "severity": "MEDIUM"
    },
    {
      "quarter": "2021-04 (Q2)",
      "signal": "OPERATING LEVERAGE",
      "detail": "Rev growth +3.5% vs OpEx growth +1.9% (leverage: 1.9x)",
      "severity": "MEDIUM"
    }
  ],
  "data_quality": {
    "n_quarters": 20,
    "coverage": {
      "revenue": [
        20,
        20
      ],
      "gross_profit": [
        20,
        20
      ],
      "op_income": [
        20,
        20
      ],
      "fcf": [
        20,
        20
      ]
    },
    "gaps": [],
    "warnings": []
  },
  "market_cap": null,
  "source": "SEC EDGAR",
  "last_updated": "2026-02-02T20:04:46.175728",
  "sector": "Technology",
  "industry": "Scientific & Technical Instruments"
}