{
  "ticker": "KGS",
  "name": "Kodiak Gas Services, Inc.",
  "quarters": [
    {
      "date": "2022-06-30T00:00:00",
      "quarter_label": "2022-06 (Q2)",
      "revenue": 177151000,
      "gross_profit": 63644000,
      "operating_income": 51904000,
      "net_income": 8901000,
      "opex": 125247000,
      "cogs": null,
      "rd": null,
      "sga": 11740000,
      "fcf": 72851000,
      "ocf": 72851000,
      "capex": null,
      "gross_margin": 0.3592641306004482,
      "op_margin": 0.292992983387054,
      "fcf_margin": 0.41123674153688095
    },
    {
      "date": "2022-09-30T00:00:00",
      "quarter_label": "2022-09 (Q3)",
      "revenue": 182645000,
      "gross_profit": 68625000,
      "operating_income": 58253000,
      "net_income": 45900000,
      "opex": 124392000,
      "cogs": null,
      "rd": null,
      "sga": 11190000,
      "fcf": 5452000,
      "ocf": 59207000,
      "capex": -53755000,
      "gross_margin": 0.3757288729502587,
      "op_margin": 0.31894111527827207,
      "fcf_margin": 0.029850255961017275,
      "op_leverage_ratio": Infinity,
      "fcf_margin_change": -0.3813864855758637
    },
    {
      "date": "2022-12-31T00:00:00",
      "quarter_label": "2022-12 (Q4)",
      "revenue": 179776000,
      "gross_profit": 69658000,
      "operating_income": 57585000,
      "net_income": 1909000,
      "opex": 122191000,
      "cogs": null,
      "rd": null,
      "sga": 12122000,
      "fcf": -26650000,
      "ocf": 32992000,
      "capex": -59642000,
      "gross_margin": 0.38747107511569956,
      "op_margin": 0.32031528123887504,
      "fcf_margin": -0.14824003203987185,
      "fcf_margin_change": -0.17809028800088914
    },
    {
      "date": "2023-03-31T00:00:00",
      "quarter_label": "2023-03 (Q1)",
      "revenue": 190112000,
      "gross_profit": 73457000,
      "operating_income": 60355000,
      "net_income": -12343000,
      "opex": 129757000,
      "cogs": null,
      "rd": null,
      "sga": 13085000,
      "fcf": -25291000,
      "ocf": 23290000,
      "capex": -48581000,
      "gross_margin": 0.3863880239017001,
      "op_margin": 0.3174707540818044,
      "fcf_margin": -0.13303210738932839,
      "op_leverage_ratio": 0.9285251457989674,
      "fcf_margin_change": 0.015207924650543464
    },
    {
      "date": "2023-06-30T00:00:00",
      "quarter_label": "2023-06 (Q2)",
      "revenue": 203306000,
      "gross_profit": 74760000,
      "operating_income": 62060000,
      "net_income": 17517000,
      "opex": 141246000,
      "cogs": null,
      "rd": null,
      "sga": 13438000,
      "fcf": 49225000,
      "ocf": 94678000,
      "capex": -45453000,
      "gross_margin": 0.3677215625707062,
      "op_margin": 0.3052541489183792,
      "fcf_margin": 0.2421227115776219,
      "incr_op_margin_yoy": 0.3883005161536991,
      "rev_growth_yoy": 0.1476424067603344,
      "op_leverage_ratio": 0.7838185108055248,
      "fcf_margin_change": 0.3751548189669503
    },
    {
      "date": "2023-09-30T00:00:00",
      "quarter_label": "2023-09 (Q3)",
      "revenue": 230983000,
      "gross_profit": 80606000,
      "operating_income": 60958000,
      "net_income": 21766000,
      "opex": 170025000,
      "cogs": null,
      "rd": null,
      "sga": 19648000,
      "fcf": 34192000,
      "ocf": 85731000,
      "capex": -51539000,
      "gross_margin": 0.3489694046748029,
      "op_margin": 0.2639068676049753,
      "fcf_margin": 0.1480282098682587,
      "incr_op_margin_yoy": 0.05596011419587074,
      "rev_growth_yoy": 0.26465547920830024,
      "rev_growth_yoy_accel": 0.11701307244796583,
      "op_leverage_ratio": 0.6681427749534736,
      "fcf_margin_change": -0.0940945017093632
    },
    {
      "date": "2023-12-31T00:00:00",
      "quarter_label": "2023-12 (Q4)",
      "revenue": 225980000,
      "gross_profit": 87818000,
      "operating_income": 60737000,
      "net_income": -6874000,
      "opex": 165243000,
      "cogs": null,
      "rd": null,
      "sga": 27137000,
      "fcf": -11595000,
      "ocf": 62627000,
      "capex": -74222000,
      "gross_margin": 0.3886096114700416,
      "op_margin": 0.2687715727055492,
      "fcf_margin": -0.05130985042924153,
      "incr_op_margin_yoy": 0.0682192018007099,
      "rev_growth_yoy": 0.25700872196511215,
      "rev_growth_yoy_accel": -0.007646757243188085,
      "fcf_margin_change": -0.19933806029750023
    },
    {
      "date": "2024-03-31T00:00:00",
      "quarter_label": "2024-03 (Q1)",
      "revenue": 215492000,
      "gross_profit": 84982000,
      "operating_income": 60158000,
      "net_income": 30232000,
      "opex": 155334000,
      "cogs": 83566000,
      "rd": null,
      "sga": 24824000,
      "fcf": -8611000,
      "ocf": 51542000,
      "capex": -60153000,
      "gross_margin": 0.39436266775564754,
      "op_margin": 0.27916581590035827,
      "fcf_margin": -0.03995972008241605,
      "incr_op_margin_yoy": -0.0077620173364854215,
      "rev_growth_yoy": 0.13350025248274702,
      "rev_growth_yoy_accel": -0.12350846948236513,
      "fcf_margin_change": 0.011350130346825478
    },
    {
      "date": "2024-06-30T00:00:00",
      "quarter_label": "2024-06 (Q2)",
      "revenue": 309653000,
      "gross_profit": 112921000,
      "operating_income": 54167000,
      "net_income": 6228000,
      "opex": 255486000,
      "cogs": 127269000,
      "rd": null,
      "sga": 59927000,
      "fcf": 4049000,
      "ocf": 121082000,
      "capex": -117033000,
      "gross_margin": 0.3646694848750052,
      "op_margin": 0.17492806464009714,
      "fcf_margin": 0.013075926924654372,
      "incr_op_margin_yoy": -0.07421930096758723,
      "rev_growth_yoy": 0.5230883495814191,
      "rev_growth_yoy_accel": 0.38958809709867215,
      "op_leverage_ratio": 0.677714549974103,
      "fcf_margin_change": 0.05303564700707042
    },
    {
      "date": "2024-09-30T00:00:00",
      "quarter_label": "2024-09 (Q3)",
      "revenue": 324647000,
      "gross_profit": 121904000,
      "operating_income": 66079000,
      "net_income": -5648000,
      "opex": 258568000,
      "cogs": 129291000,
      "rd": null,
      "sga": 35528000,
      "fcf": -49655000,
      "ocf": 36878000,
      "capex": -86533000,
      "gross_margin": 0.3754970783651166,
      "op_margin": 0.2035410769235508,
      "fcf_margin": -0.15295074342285622,
      "incr_op_margin_yoy": 0.05467415442432525,
      "rev_growth_yoy": 0.4055017035885758,
      "rev_growth_yoy_accel": -0.11758664599284335,
      "op_leverage_ratio": 4.0139937049923375,
      "fcf_margin_change": -0.1660266703475106
    },
    {
      "date": "2024-12-31T00:00:00",
      "quarter_label": "2024-12 (Q4)",
      "revenue": 309519000,
      "gross_profit": 191269000,
      "operating_income": 69046000,
      "net_income": 19083000,
      "opex": 240473000,
      "cogs": 118250000,
      "rd": null,
      "sga": 31401000,
      "fcf": 45248000,
      "ocf": 118485000,
      "capex": -73237000,
      "gross_margin": 0.6179556020793554,
      "op_margin": 0.22307515855246365,
      "fcf_margin": 0.1461881176922903,
      "incr_op_margin_yoy": 0.09946252648463592,
      "rev_growth_yoy": 0.36967430746083724,
      "rev_growth_yoy_accel": -0.03582739612773855,
      "fcf_margin_change": 0.29913886111514654
    },
    {
      "date": "2025-03-31T00:00:00",
      "quarter_label": "2025-03 (Q1)",
      "revenue": 329642000,
      "gross_profit": 201181000,
      "operating_income": 89186000,
      "net_income": 30411000,
      "opex": 240456000,
      "cogs": 128461000,
      "rd": null,
      "sga": 32255000,
      "fcf": 36775000,
      "ocf": 114328000,
      "capex": -77553000,
      "gross_margin": 0.6103014785737254,
      "op_margin": 0.270554116283726,
      "fcf_margin": 0.11156042009209992,
      "incr_op_margin_yoy": 0.2542969776609724,
      "rev_growth_yoy": 0.5297180405769124,
      "rev_growth_yoy_accel": 0.16004373311607517,
      "op_leverage_ratio": Infinity,
      "fcf_margin_change": -0.03462769760019037
    },
    {
      "date": "2025-06-30T00:00:00",
      "quarter_label": "2025-06 (Q2)",
      "revenue": 322843000,
      "gross_profit": 207592000,
      "operating_income": 99730000,
      "net_income": 39496000,
      "opex": 223113000,
      "cogs": 115251000,
      "rd": null,
      "sga": 35121000,
      "fcf": 94554000,
      "ocf": 177172000,
      "capex": -82618000,
      "gross_margin": 0.6430122381467153,
      "op_margin": 0.3089117620639134,
      "fcf_margin": 0.2928792013455457,
      "incr_op_margin_yoy": 3.4543593631539045,
      "rev_growth_yoy": 0.042596067210716515,
      "rev_growth_yoy_accel": -0.4871219733661959,
      "fcf_margin_change": 0.18131878125344575
    },
    {
      "date": "2025-09-30T00:00:00",
      "quarter_label": "2025-09 (Q3)",
      "revenue": 322744000,
      "gross_profit": 206530000,
      "operating_income": 64200000,
      "net_income": -14011000,
      "opex": 258544000,
      "cogs": 116214000,
      "rd": null,
      "sga": 37771000,
      "fcf": 10908000,
      "ocf": 113378000,
      "capex": -102470000,
      "gross_margin": 0.6399189450462286,
      "op_margin": 0.19891926728304787,
      "fcf_margin": 0.03379768485239075,
      "incr_op_margin_yoy": 0.9873883342091434,
      "rev_growth_yoy": -0.005861751379190321,
      "rev_growth_yoy_accel": -0.04845781858990684,
      "fcf_margin_change": -0.2590815164931549
    }
  ],
  "signals": [
    {
      "quarter": "2025-09 (Q3)",
      "signal": "INCREMENTAL MARGIN (YoY)",
      "detail": "YoY Incr OPM: +98.7% vs year-ago OPM: +20.4%",
      "severity": "HIGH"
    },
    {
      "quarter": "2025-06 (Q2)",
      "signal": "FCF MARGIN EXPANSION",
      "detail": "FCF margin: +11.2% -> +29.3% (+18.1%)",
      "severity": "MEDIUM"
    },
    {
      "quarter": "2025-06 (Q2)",
      "signal": "GROSS MARGIN INFLECTION",
      "detail": "GM: +61.8% -> +61.0% -> +64.3% (reversal +3.3%)",
      "severity": "MEDIUM"
    },
    {
      "quarter": "2025-06 (Q2)",
      "signal": "YoY REVENUE GROWTH DECELERATION",
      "detail": "YoY growth: +4.3% vs prior quarter YoY: +53.0% (decel: -48.7%)",
      "severity": "WARNING"
    },
    {
      "quarter": "2025-06 (Q2)",
      "signal": "INCREMENTAL MARGIN (YoY)",
      "detail": "YoY Incr OPM: +345.4% vs year-ago OPM: +17.5%",
      "severity": "HIGH"
    },
    {
      "quarter": "2025-03 (Q1)",
      "signal": "YoY REVENUE GROWTH ACCELERATION",
      "detail": "YoY growth: +53.0% vs prior quarter YoY: +37.0% (accel: +16.0%)",
      "severity": "HIGH"
    },
    {
      "quarter": "2024-12 (Q4)",
      "signal": "FCF TURNED POSITIVE",
      "detail": "FCF margin: -15.3% -> +14.6%",
      "severity": "HIGH"
    },
    {
      "quarter": "2024-09 (Q3)",
      "signal": "OPERATING LEVERAGE",
      "detail": "Rev growth +4.8% vs OpEx growth +1.2% (leverage: 4.0x)",
      "severity": "MEDIUM"
    },
    {
      "quarter": "2024-09 (Q3)",
      "signal": "YoY REVENUE GROWTH DECELERATION",
      "detail": "YoY growth: +40.6% vs prior quarter YoY: +52.3% (decel: -11.8%)",
      "severity": "WARNING"
    },
    {
      "quarter": "2024-06 (Q2)",
      "signal": "FCF TURNED POSITIVE",
      "detail": "FCF margin: -4.0% -> +1.3%",
      "severity": "HIGH"
    },
    {
      "quarter": "2024-06 (Q2)",
      "signal": "YoY REVENUE GROWTH ACCELERATION",
      "detail": "YoY growth: +52.3% vs prior quarter YoY: +13.4% (accel: +39.0%)",
      "severity": "HIGH"
    },
    {
      "quarter": "2024-03 (Q1)",
      "signal": "YoY REVENUE GROWTH DECELERATION",
      "detail": "YoY growth: +13.4% vs prior quarter YoY: +25.7% (decel: -12.4%)",
      "severity": "WARNING"
    },
    {
      "quarter": "2023-12 (Q4)",
      "signal": "GROSS MARGIN INFLECTION",
      "detail": "GM: +36.8% -> +34.9% -> +38.9% (reversal +4.0%)",
      "severity": "MEDIUM"
    },
    {
      "quarter": "2023-09 (Q3)",
      "signal": "YoY REVENUE GROWTH ACCELERATION",
      "detail": "YoY growth: +26.5% vs prior quarter YoY: +14.8% (accel: +11.7%)",
      "severity": "MEDIUM"
    },
    {
      "quarter": "2023-06 (Q2)",
      "signal": "FCF TURNED POSITIVE",
      "detail": "FCF margin: -13.3% -> +24.2%",
      "severity": "HIGH"
    }
  ],
  "data_quality": {
    "n_quarters": 14,
    "coverage": {
      "revenue": [
        14,
        14
      ],
      "gross_profit": [
        14,
        14
      ],
      "op_income": [
        14,
        14
      ],
      "fcf": [
        14,
        14
      ]
    },
    "gaps": [],
    "warnings": []
  },
  "market_cap": null,
  "source": "SEC EDGAR",
  "last_updated": "2026-02-02T21:17:21.386041"
}