{
  "ticker": "KHC",
  "name": "The Kraft Heinz Company",
  "quarters": [
    {
      "date": "2020-12-26T00:00:00",
      "quarter_label": "2020-12 (Q4)",
      "revenue": 6939000000,
      "gross_profit": 2523000000,
      "operating_income": 1550000000,
      "net_income": 1032000000,
      "opex": 973000000,
      "cogs": 4416000000,
      "rd": null,
      "sga": 973000000,
      "fcf": 1404000000,
      "ocf": 1603000000,
      "capex": -199000000,
      "gross_margin": 0.36359706009511455,
      "op_margin": 0.2233751260988615,
      "fcf_margin": 0.20233463035019456
    },
    {
      "date": "2021-03-27T00:00:00",
      "quarter_label": "2021-03 (Q1)",
      "revenue": 6394000000,
      "gross_profit": 2201000000,
      "operating_income": 1089000000,
      "net_income": 563000000,
      "opex": 1112000000,
      "cogs": 4193000000,
      "rd": null,
      "sga": 1112000000,
      "fcf": 583000000,
      "ocf": 810000000,
      "capex": -227000000,
      "gross_margin": 0.3442289646543635,
      "op_margin": 0.17031592117610259,
      "fcf_margin": 0.09117923052862058,
      "fcf_margin_change": -0.11115539982157398
    },
    {
      "date": "2021-06-26T00:00:00",
      "quarter_label": "2021-06 (Q2)",
      "revenue": 6615000000,
      "gross_profit": 2291000000,
      "operating_income": 1235000000,
      "net_income": -27000000,
      "opex": 1056000000,
      "cogs": 4324000000,
      "rd": null,
      "sga": 1056000000,
      "fcf": 1015000000,
      "ocf": 1219000000,
      "capex": -204000000,
      "gross_margin": 0.34633408919123204,
      "op_margin": 0.18669690098261527,
      "fcf_margin": 0.15343915343915343,
      "op_leverage_ratio": Infinity,
      "fcf_margin_change": 0.06225992291053285
    },
    {
      "date": "2021-09-25T00:00:00",
      "quarter_label": "2021-09 (Q3)",
      "revenue": 6324000000,
      "gross_profit": 2028000000,
      "operating_income": 1156000000,
      "net_income": 733000000,
      "opex": 872000000,
      "cogs": 4296000000,
      "rd": null,
      "sga": 872000000,
      "fcf": 195000000,
      "ocf": 419000000,
      "capex": -224000000,
      "gross_margin": 0.3206831119544592,
      "op_margin": 0.1827956989247312,
      "fcf_margin": 0.030834914611005692,
      "fcf_margin_change": -0.12260423882814774
    },
    {
      "date": "2021-12-25T00:00:00",
      "quarter_label": "2021-12 (Q4)",
      "revenue": 6709000000,
      "gross_profit": 2162000000,
      "operating_income": -20000000,
      "net_income": -257000000,
      "opex": 2182000000,
      "cogs": 4547000000,
      "rd": null,
      "sga": 2182000000,
      "fcf": 2666000000,
      "ocf": 2916000000,
      "capex": -250000000,
      "gross_margin": 0.3222536890743777,
      "op_margin": -0.002981070204203309,
      "fcf_margin": 0.3973766582203011,
      "incr_op_margin_yoy": 6.826086956521739,
      "rev_growth_yoy": -0.03314598645337945,
      "op_leverage_ratio": 0.040524163371332286,
      "fcf_margin_change": 0.3665417436092954
    },
    {
      "date": "2022-03-26T00:00:00",
      "quarter_label": "2022-03 (Q1)",
      "revenue": 6045000000,
      "gross_profit": 1931000000,
      "operating_income": 1115000000,
      "net_income": 776000000,
      "opex": 816000000,
      "cogs": 4114000000,
      "rd": null,
      "sga": 816000000,
      "fcf": 272000000,
      "ocf": 486000000,
      "capex": -214000000,
      "gross_margin": 0.3194375516956162,
      "op_margin": 0.18444995864350702,
      "fcf_margin": 0.04499586435070306,
      "incr_op_margin_yoy": -0.07449856733524356,
      "rev_growth_yoy": -0.05458242101970597,
      "rev_growth_yoy_accel": -0.021436434566326525,
      "fcf_margin_change": -0.35238079386959803
    },
    {
      "date": "2022-06-25T00:00:00",
      "quarter_label": "2022-06 (Q2)",
      "revenue": 6554000000,
      "gross_profit": 1984000000,
      "operating_income": 542000000,
      "net_income": 265000000,
      "opex": 1442000000,
      "cogs": 4570000000,
      "rd": null,
      "sga": 1442000000,
      "fcf": 81000000,
      "ocf": 302000000,
      "capex": -221000000,
      "gross_margin": 0.3027158986878242,
      "op_margin": 0.08269758925846811,
      "fcf_margin": 0.01235886481537992,
      "incr_op_margin_yoy": 11.360655737704919,
      "rev_growth_yoy": -0.009221466364323506,
      "rev_growth_yoy_accel": 0.045360954655382466,
      "op_leverage_ratio": 0.10975828252959037,
      "fcf_margin_change": -0.03263699953532314
    },
    {
      "date": "2022-09-24T00:00:00",
      "quarter_label": "2022-09 (Q3)",
      "revenue": 6505000000,
      "gross_profit": 1843000000,
      "operating_income": 751000000,
      "net_income": 432000000,
      "opex": 1092000000,
      "cogs": 4662000000,
      "rd": null,
      "sga": 1092000000,
      "fcf": 532000000,
      "ocf": 729000000,
      "capex": -197000000,
      "gross_margin": 0.28332052267486546,
      "op_margin": 0.11544965411222137,
      "fcf_margin": 0.08178324365872405,
      "incr_op_margin_yoy": -2.2375690607734806,
      "rev_growth_yoy": 0.02862112586970272,
      "rev_growth_yoy_accel": 0.03784259223402622,
      "fcf_margin_change": 0.06942437884334413
    },
    {
      "date": "2022-12-31T00:00:00",
      "quarter_label": "2022-12 (Q4)",
      "revenue": 7381000000,
      "gross_profit": 2364000000,
      "operating_income": 1226000000,
      "net_income": 890000000,
      "opex": 1138000000,
      "cogs": 5017000000,
      "rd": null,
      "sga": 1138000000,
      "fcf": 668000000,
      "ocf": 952000000,
      "capex": -284000000,
      "gross_margin": 0.3202818046335185,
      "op_margin": 0.16610215417965046,
      "fcf_margin": 0.09050264191843924,
      "incr_op_margin_yoy": 1.8541666666666667,
      "rev_growth_yoy": 0.10016395886123118,
      "rev_growth_yoy_accel": 0.07154283299152846,
      "op_leverage_ratio": 3.196845236106005,
      "fcf_margin_change": 0.008719398259715183
    },
    {
      "date": "2023-04-01T00:00:00",
      "quarter_label": "2023-04 (Q2)",
      "revenue": 6489000000,
      "gross_profit": 2113000000,
      "operating_income": 1243000000,
      "net_income": 836000000,
      "opex": 870000000,
      "cogs": 4376000000,
      "rd": null,
      "sga": 870000000,
      "fcf": 220000000,
      "ocf": 486000000,
      "capex": -266000000,
      "gross_margin": 0.32562798582216057,
      "op_margin": 0.19155493912775468,
      "fcf_margin": 0.033903529049160115,
      "incr_op_margin_yoy": 0.2882882882882883,
      "rev_growth_yoy": 0.07344913151364764,
      "rev_growth_yoy_accel": -0.026714827347583542,
      "fcf_margin_change": -0.05659911286927912
    },
    {
      "date": "2023-07-01T00:00:00",
      "quarter_label": "2023-07 (Q3)",
      "revenue": 6721000000,
      "gross_profit": 2261000000,
      "operating_income": 1376000000,
      "net_income": 1000000000,
      "opex": 885000000,
      "cogs": 4460000000,
      "rd": null,
      "sga": 885000000,
      "fcf": 856000000,
      "ocf": 1098000000,
      "capex": -242000000,
      "gross_margin": 0.3364082725784853,
      "op_margin": 0.20473143877399197,
      "fcf_margin": 0.12736199970242523,
      "incr_op_margin_yoy": 4.994011976047904,
      "rev_growth_yoy": 0.025480622520598108,
      "rev_growth_yoy_accel": -0.04796850899304953,
      "op_leverage_ratio": 2.0736631222068116,
      "fcf_margin_change": 0.09345847065326512
    },
    {
      "date": "2023-09-30T00:00:00",
      "quarter_label": "2023-09 (Q3)",
      "revenue": 6570000000,
      "gross_profit": 2235000000,
      "operating_income": 653000000,
      "net_income": 262000000,
      "opex": 1582000000,
      "cogs": 4335000000,
      "rd": null,
      "sga": 1582000000,
      "fcf": 765000000,
      "ocf": 1036000000,
      "capex": -271000000,
      "gross_margin": 0.3401826484018265,
      "op_margin": 0.09939117199391172,
      "fcf_margin": 0.11643835616438356,
      "incr_op_margin_yoy": -1.5076923076923077,
      "rev_growth_yoy": 0.009992313604919293,
      "rev_growth_yoy_accel": -0.015488308915678815,
      "fcf_margin_change": -0.010923643538041677
    },
    {
      "date": "2023-12-30T00:00:00",
      "quarter_label": "2023-12 (Q4)",
      "revenue": 6860000000,
      "gross_profit": 2317000000,
      "operating_income": 1300000000,
      "net_income": 757000000,
      "opex": 1017000000,
      "cogs": 4543000000,
      "rd": null,
      "sga": 1017000000,
      "fcf": 1122000000,
      "ocf": 1356000000,
      "capex": -234000000,
      "gross_margin": 0.3377551020408163,
      "op_margin": 0.18950437317784258,
      "fcf_margin": 0.16355685131195336,
      "incr_op_margin_yoy": -0.1420345489443378,
      "rev_growth_yoy": -0.07058664137650725,
      "rev_growth_yoy_accel": -0.08057895498142655,
      "op_leverage_ratio": Infinity,
      "fcf_margin_change": 0.0471184951475698
    },
    {
      "date": "2024-03-30T00:00:00",
      "quarter_label": "2024-03 (Q1)",
      "revenue": 6411000000,
      "gross_profit": 2243000000,
      "operating_income": 1302000000,
      "net_income": 801000000,
      "opex": 941000000,
      "cogs": 4168000000,
      "rd": null,
      "sga": 941000000,
      "fcf": 477000000,
      "ocf": 771000000,
      "capex": -294000000,
      "gross_margin": 0.3498674153798159,
      "op_margin": 0.20308844174075807,
      "fcf_margin": 0.07440336920917173,
      "incr_op_margin_yoy": -0.7564102564102564,
      "rev_growth_yoy": -0.012020342117429497,
      "rev_growth_yoy_accel": 0.05856629925907775,
      "fcf_margin_change": -0.08915348210278162
    },
    {
      "date": "2024-06-29T00:00:00",
      "quarter_label": "2024-06 (Q2)",
      "revenue": 6476000000,
      "gross_profit": 2294000000,
      "operating_income": 522000000,
      "net_income": 102000000,
      "opex": 1772000000,
      "cogs": 4182000000,
      "rd": null,
      "sga": 1772000000,
      "fcf": 693000000,
      "ocf": 942000000,
      "capex": -249000000,
      "gross_margin": 0.35423100679431746,
      "op_margin": 0.08060531192093885,
      "fcf_margin": 0.1070105003088326,
      "incr_op_margin_yoy": 3.4857142857142858,
      "rev_growth_yoy": -0.03645290879333433,
      "rev_growth_yoy_accel": -0.02443256667590483,
      "op_leverage_ratio": 0.011480906481996104,
      "fcf_margin_change": 0.032607131099660874
    },
    {
      "date": "2024-09-28T00:00:00",
      "quarter_label": "2024-09 (Q3)",
      "revenue": 6383000000,
      "gross_profit": 2186000000,
      "operating_income": -101000000,
      "net_income": -290000000,
      "opex": 2287000000,
      "cogs": 4197000000,
      "rd": null,
      "sga": 2287000000,
      "fcf": 849000000,
      "ocf": 1083000000,
      "capex": -234000000,
      "gross_margin": 0.3424721917593608,
      "op_margin": -0.015823280589064702,
      "fcf_margin": 0.1330095566348112,
      "incr_op_margin_yoy": 4.032085561497326,
      "rev_growth_yoy": -0.028462709284627092,
      "rev_growth_yoy_accel": 0.007990199508707236,
      "fcf_margin_change": 0.025999056325978598
    },
    {
      "date": "2024-12-28T00:00:00",
      "quarter_label": "2024-12 (Q4)",
      "revenue": 6576000000,
      "gross_profit": 2245000000,
      "operating_income": -40000000,
      "net_income": 2131000000,
      "opex": 2285000000,
      "cogs": 4331000000,
      "rd": null,
      "sga": 2285000000,
      "fcf": 1141000000,
      "ocf": 1388000000,
      "capex": -247000000,
      "gross_margin": 0.34139294403892945,
      "op_margin": -0.006082725060827251,
      "fcf_margin": 0.1735097323600973,
      "incr_op_margin_yoy": 4.71830985915493,
      "rev_growth_yoy": -0.04139941690962099,
      "rev_growth_yoy_accel": -0.012936707624993899,
      "op_leverage_ratio": Infinity,
      "fcf_margin_change": 0.04050017572528611
    },
    {
      "date": "2025-03-29T00:00:00",
      "quarter_label": "2025-03 (Q1)",
      "revenue": 5999000000,
      "gross_profit": 2064000000,
      "operating_income": 1196000000,
      "net_income": 712000000,
      "opex": 868000000,
      "cogs": 3935000000,
      "rd": null,
      "sga": 868000000,
      "fcf": 482000000,
      "ocf": 720000000,
      "capex": -238000000,
      "gross_margin": 0.34405734289048173,
      "op_margin": 0.19936656109351558,
      "fcf_margin": 0.08034672445407567,
      "incr_op_margin_yoy": 0.25728155339805825,
      "rev_growth_yoy": -0.06426454531274373,
      "rev_growth_yoy_accel": -0.022865128403122735,
      "fcf_margin_change": -0.09316300790602164
    },
    {
      "date": "2025-06-28T00:00:00",
      "quarter_label": "2025-06 (Q2)",
      "revenue": 6352000000,
      "gross_profit": 2183000000,
      "operating_income": -7974000000,
      "net_income": -7824000000,
      "opex": 10157000000,
      "cogs": 4169000000,
      "rd": null,
      "sga": 10157000000,
      "fcf": 1022000000,
      "ocf": 1209000000,
      "capex": -187000000,
      "gross_margin": 0.3436712846347607,
      "op_margin": -1.255352644836272,
      "fcf_margin": 0.1608942065491184,
      "incr_op_margin_yoy": 68.51612903225806,
      "rev_growth_yoy": -0.019147621988882025,
      "rev_growth_yoy_accel": 0.045116923323861705,
      "op_leverage_ratio": 0.005498530086589413,
      "fcf_margin_change": 0.08054748209504273
    },
    {
      "date": "2025-09-27T00:00:00",
      "quarter_label": "2025-09 (Q3)",
      "revenue": 6237000000,
      "gross_profit": 1990000000,
      "operating_income": 1025000000,
      "net_income": 615000000,
      "opex": 965000000,
      "cogs": 4247000000,
      "rd": null,
      "sga": 965000000,
      "fcf": 986000000,
      "ocf": 1157000000,
      "capex": -171000000,
      "gross_margin": 0.31906365239698575,
      "op_margin": 0.16434183100849767,
      "fcf_margin": 0.1580888247554914,
      "incr_op_margin_yoy": -7.712328767123288,
      "rev_growth_yoy": -0.022873257089143038,
      "rev_growth_yoy_accel": -0.0037256351002610127,
      "fcf_margin_change": -0.002805381793626993
    }
  ],
  "signals": [
    {
      "quarter": "2025-09 (Q3)",
      "signal": "OP MARGIN TURNED POSITIVE (YoY)",
      "detail": "Op margin: -1.6% (year-ago) -> +16.4%",
      "severity": "HIGH"
    },
    {
      "quarter": "2025-09 (Q3)",
      "signal": "OP MARGIN TURNED POSITIVE (QoQ)",
      "detail": "Op margin: -125.5% -> +16.4%",
      "severity": "HIGH"
    },
    {
      "quarter": "2025-06 (Q2)",
      "signal": "FCF MARGIN EXPANSION",
      "detail": "FCF margin: +8.0% -> +16.1% (+8.1%)",
      "severity": "MEDIUM"
    },
    {
      "quarter": "2025-03 (Q1)",
      "signal": "OP MARGIN TURNED POSITIVE (QoQ)",
      "detail": "Op margin: -0.6% -> +19.9%",
      "severity": "HIGH"
    },
    {
      "quarter": "2024-06 (Q2)",
      "signal": "INCREMENTAL MARGIN (YoY)",
      "detail": "YoY Incr OPM: +348.6% vs year-ago OPM: +20.5%",
      "severity": "HIGH"
    },
    {
      "quarter": "2024-03 (Q1)",
      "signal": "YoY REVENUE GROWTH ACCELERATION",
      "detail": "YoY growth: -1.2% vs prior quarter YoY: -7.1% (accel: +5.9%)",
      "severity": "MEDIUM"
    },
    {
      "quarter": "2023-12 (Q4)",
      "signal": "YoY REVENUE GROWTH DECELERATION",
      "detail": "YoY growth: -7.1% vs prior quarter YoY: +1.0% (decel: -8.1%)",
      "severity": "WARNING"
    },
    {
      "quarter": "2023-07 (Q3)",
      "signal": "FCF MARGIN EXPANSION",
      "detail": "FCF margin: +3.4% -> +12.7% (+9.3%)",
      "severity": "MEDIUM"
    },
    {
      "quarter": "2023-07 (Q3)",
      "signal": "OPERATING LEVERAGE",
      "detail": "Rev growth +3.6% vs OpEx growth +1.7% (leverage: 2.1x)",
      "severity": "MEDIUM"
    },
    {
      "quarter": "2023-07 (Q3)",
      "signal": "INCREMENTAL MARGIN (YoY)",
      "detail": "YoY Incr OPM: +499.4% vs year-ago OPM: +8.3%",
      "severity": "HIGH"
    },
    {
      "quarter": "2023-04 (Q2)",
      "signal": "INCREMENTAL MARGIN (YoY)",
      "detail": "YoY Incr OPM: +28.8% vs year-ago OPM: +18.4%",
      "severity": "MEDIUM"
    },
    {
      "quarter": "2022-12 (Q4)",
      "signal": "OPERATING LEVERAGE",
      "detail": "Rev growth +13.5% vs OpEx growth +4.2% (leverage: 3.2x)",
      "severity": "MEDIUM"
    },
    {
      "quarter": "2022-12 (Q4)",
      "signal": "GROSS MARGIN INFLECTION",
      "detail": "GM: +30.3% -> +28.3% -> +32.0% (reversal +3.7%)",
      "severity": "MEDIUM"
    },
    {
      "quarter": "2022-12 (Q4)",
      "signal": "YoY REVENUE GROWTH ACCELERATION",
      "detail": "YoY growth: +10.0% vs prior quarter YoY: +2.9% (accel: +7.2%)",
      "severity": "MEDIUM"
    },
    {
      "quarter": "2022-12 (Q4)",
      "signal": "OP MARGIN TURNED POSITIVE (YoY)",
      "detail": "Op margin: -0.3% (year-ago) -> +16.6%",
      "severity": "HIGH"
    },
    {
      "quarter": "2022-09 (Q3)",
      "signal": "FCF MARGIN EXPANSION",
      "detail": "FCF margin: +1.2% -> +8.2% (+6.9%)",
      "severity": "MEDIUM"
    },
    {
      "quarter": "2022-06 (Q2)",
      "signal": "INCREMENTAL MARGIN (YoY)",
      "detail": "YoY Incr OPM: +1136.1% vs year-ago OPM: +18.7%",
      "severity": "HIGH"
    },
    {
      "quarter": "2022-03 (Q1)",
      "signal": "OP MARGIN TURNED POSITIVE (QoQ)",
      "detail": "Op margin: -0.3% -> +18.4%",
      "severity": "HIGH"
    },
    {
      "quarter": "2021-12 (Q4)",
      "signal": "FCF MARGIN EXPANSION",
      "detail": "FCF margin: +3.1% -> +39.7% (+36.7%)",
      "severity": "MEDIUM"
    },
    {
      "quarter": "2021-06 (Q2)",
      "signal": "FCF MARGIN EXPANSION",
      "detail": "FCF margin: +9.1% -> +15.3% (+6.2%)",
      "severity": "MEDIUM"
    }
  ],
  "data_quality": {
    "n_quarters": 20,
    "coverage": {
      "revenue": [
        20,
        20
      ],
      "gross_profit": [
        20,
        20
      ],
      "op_income": [
        20,
        20
      ],
      "fcf": [
        20,
        20
      ]
    },
    "gaps": [],
    "warnings": []
  },
  "market_cap": null,
  "source": "SEC EDGAR",
  "last_updated": "2026-02-02T20:10:42.448124"
}