{
  "ticker": "KIDS",
  "name": "OrthoPediatrics Corp.",
  "quarters": [
    {
      "date": "2020-12-31T00:00:00",
      "quarter_label": "2020-12 (Q4)",
      "revenue": 18924000,
      "gross_profit": 15118000,
      "operating_income": -12743000,
      "net_income": -14013000,
      "opex": 27861000,
      "cogs": 3806000,
      "rd": 2050000,
      "sga": null,
      "fcf": -4213000,
      "ocf": -157000,
      "capex": -4056000,
      "gross_margin": 0.7988797294440921,
      "op_margin": -0.6733777214119636,
      "fcf_margin": -0.22262735151130839
    },
    {
      "date": "2021-03-31T00:00:00",
      "quarter_label": "2021-03 (Q1)",
      "revenue": 21462000,
      "gross_profit": 16325000,
      "operating_income": -5973000,
      "net_income": -10379000,
      "opex": 22298000,
      "cogs": 5137000,
      "rd": 1308000,
      "sga": null,
      "fcf": -4664000,
      "ocf": -1915000,
      "capex": -2749000,
      "gross_margin": 0.7606467244432019,
      "op_margin": -0.27830584288509924,
      "fcf_margin": -0.21731432298946976,
      "op_leverage_ratio": Infinity,
      "fcf_margin_change": 0.005313028521838625
    },
    {
      "date": "2021-06-30T00:00:00",
      "quarter_label": "2021-06 (Q2)",
      "revenue": 26695000,
      "gross_profit": 20443000,
      "operating_income": -2846000,
      "net_income": -3756000,
      "opex": 23289000,
      "cogs": 6252000,
      "rd": 1325000,
      "sga": null,
      "fcf": -10701000,
      "ocf": -8976000,
      "capex": -1725000,
      "gross_margin": 0.7657988387338452,
      "op_margin": -0.10661172504214272,
      "fcf_margin": -0.4008615845663982,
      "op_leverage_ratio": 5.486214717284562,
      "fcf_margin_change": -0.18354726157692844
    },
    {
      "date": "2021-09-30T00:00:00",
      "quarter_label": "2021-09 (Q3)",
      "revenue": 25079000,
      "gross_profit": 18554000,
      "operating_income": -3644000,
      "net_income": -2197000,
      "opex": 22198000,
      "cogs": 6525000,
      "rd": 1302000,
      "sga": null,
      "fcf": -2931000,
      "ocf": -937000,
      "capex": -1994000,
      "gross_margin": 0.7398221619681805,
      "op_margin": -0.14530084931616094,
      "fcf_margin": -0.11687068862394832,
      "fcf_margin_change": 0.28399089594244986
    },
    {
      "date": "2021-12-31T00:00:00",
      "quarter_label": "2021-12 (Q4)",
      "revenue": 24813000,
      "gross_profit": 18081000,
      "operating_income": -5561000,
      "net_income": 72000,
      "opex": 23642000,
      "cogs": 6732000,
      "rd": 1608000,
      "sga": null,
      "fcf": -2870000,
      "ocf": -1235000,
      "capex": -1635000,
      "gross_margin": 0.7286906057308669,
      "op_margin": -0.22411639060170072,
      "fcf_margin": -0.11566517551283602,
      "incr_op_margin_yoy": 1.2195618950585838,
      "rev_growth_yoy": 0.31119213696892833,
      "fcf_margin_change": 0.0012055131111123052
    },
    {
      "date": "2022-03-31T00:00:00",
      "quarter_label": "2022-03 (Q1)",
      "revenue": 23417000,
      "gross_profit": 18566000,
      "operating_income": -6386000,
      "net_income": -9100000,
      "opex": 24952000,
      "cogs": 4851000,
      "rd": 2027000,
      "sga": null,
      "fcf": -8394000,
      "ocf": -4197000,
      "capex": -4197000,
      "gross_margin": 0.7928428065080924,
      "op_margin": -0.2727078618097963,
      "fcf_margin": -0.35845753085365334,
      "incr_op_margin_yoy": -0.2112531969309463,
      "rev_growth_yoy": 0.09109123101295313,
      "rev_growth_yoy_accel": -0.2201009059559752,
      "fcf_margin_change": -0.24279235534081733
    },
    {
      "date": "2022-06-30T00:00:00",
      "quarter_label": "2022-06 (Q2)",
      "revenue": 32928000,
      "gross_profit": 24981000,
      "operating_income": -3743000,
      "net_income": -333000,
      "opex": 28724000,
      "cogs": 7947000,
      "rd": 1747000,
      "sga": null,
      "fcf": -13438000,
      "ocf": -8170000,
      "capex": -5268000,
      "gross_margin": 0.7586552478134111,
      "op_margin": -0.11367225461613217,
      "fcf_margin": -0.4081025267249757,
      "incr_op_margin_yoy": -0.14391143911439114,
      "rev_growth_yoy": 0.23348941749391272,
      "rev_growth_yoy_accel": 0.1423981864809596,
      "op_leverage_ratio": 2.6867583261854295,
      "fcf_margin_change": -0.04964499587132237
    },
    {
      "date": "2022-09-30T00:00:00",
      "quarter_label": "2022-09 (Q3)",
      "revenue": 34950000,
      "gross_profit": 25889000,
      "operating_income": -6961000,
      "net_income": 18539000,
      "opex": 32850000,
      "cogs": 9061000,
      "rd": 2206000,
      "sga": null,
      "fcf": -7147000,
      "ocf": -6058000,
      "capex": -1089000,
      "gross_margin": 0.7407439198855508,
      "op_margin": -0.19917024320457796,
      "fcf_margin": -0.20449213161659513,
      "incr_op_margin_yoy": -0.3360348495593152,
      "rev_growth_yoy": 0.39359623589457315,
      "rev_growth_yoy_accel": 0.16010681840066043,
      "op_leverage_ratio": 0.4274954459312982,
      "fcf_margin_change": 0.20361039510838058
    },
    {
      "date": "2022-12-31T00:00:00",
      "quarter_label": "2022-12 (Q4)",
      "revenue": 30994000,
      "gross_profit": 21224000,
      "operating_income": -8309000,
      "net_income": -7848000,
      "opex": 29533000,
      "cogs": 9770000,
      "rd": 2034000,
      "sga": null,
      "fcf": -2818000,
      "ocf": -3341000,
      "capex": 523000,
      "gross_margin": 0.6847776989094664,
      "op_margin": -0.2680841453184487,
      "fcf_margin": -0.09092082338517132,
      "incr_op_margin_yoy": -0.44458825432777865,
      "rev_growth_yoy": 0.2491032926288639,
      "rev_growth_yoy_accel": -0.14449294326570924,
      "fcf_margin_change": 0.1135713082314238
    },
    {
      "date": "2023-03-31T00:00:00",
      "quarter_label": "2023-03 (Q1)",
      "revenue": 31588000,
      "gross_profit": 23561000,
      "operating_income": -8591000,
      "net_income": -6806000,
      "opex": 32152000,
      "cogs": 8027000,
      "rd": 2270000,
      "sga": null,
      "fcf": -11401000,
      "ocf": -6461000,
      "capex": -4940000,
      "gross_margin": 0.7458845131062429,
      "op_margin": -0.27197036849436496,
      "fcf_margin": -0.3609282005824997,
      "incr_op_margin_yoy": -0.2698568106718884,
      "rev_growth_yoy": 0.348934534739719,
      "rev_growth_yoy_accel": 0.09983124211085512,
      "op_leverage_ratio": 0.21611299559808383,
      "fcf_margin_change": -0.27000737719732837
    },
    {
      "date": "2023-06-30T00:00:00",
      "quarter_label": "2023-06 (Q2)",
      "revenue": 39559000,
      "gross_profit": 30025000,
      "operating_income": -5586000,
      "net_income": -2886000,
      "opex": 35611000,
      "cogs": 9534000,
      "rd": 2792000,
      "sga": null,
      "fcf": -9996000,
      "ocf": -4373000,
      "capex": -5623000,
      "gross_margin": 0.7589928966859627,
      "op_margin": -0.14120680502540509,
      "fcf_margin": -0.2526858616244091,
      "incr_op_margin_yoy": -0.27793696275071633,
      "rev_growth_yoy": 0.2013787657920311,
      "rev_growth_yoy_accel": -0.14755576894768793,
      "op_leverage_ratio": 2.345568447886223,
      "fcf_margin_change": 0.1082423389580906
    },
    {
      "date": "2023-09-30T00:00:00",
      "quarter_label": "2023-09 (Q3)",
      "revenue": 39972000,
      "gross_profit": 30953000,
      "operating_income": -4508000,
      "net_income": -4591000,
      "opex": 35461000,
      "cogs": 9019000,
      "rd": 2387000,
      "sga": null,
      "fcf": -11148000,
      "ocf": -8669000,
      "capex": -2479000,
      "gross_margin": 0.7743670569398579,
      "op_margin": -0.11277894526168318,
      "fcf_margin": -0.27889522665866107,
      "incr_op_margin_yoy": 0.48845081640780563,
      "rev_growth_yoy": 0.14369098712446352,
      "rev_growth_yoy_accel": -0.05768777866756758,
      "op_leverage_ratio": Infinity,
      "fcf_margin_change": -0.026209365034251975
    },
    {
      "date": "2023-12-31T00:00:00",
      "quarter_label": "2023-12 (Q4)",
      "revenue": 37613000,
      "gross_profit": 26714000,
      "operating_income": -8066000,
      "net_income": -6691000,
      "opex": 34780000,
      "cogs": 10899000,
      "rd": 2747000,
      "sga": null,
      "fcf": -11379000,
      "ocf": -7543000,
      "capex": -3836000,
      "gross_margin": 0.7102331640656157,
      "op_margin": -0.21444713264031054,
      "fcf_margin": -0.30252838114481695,
      "incr_op_margin_yoy": 0.03671249433449161,
      "rev_growth_yoy": 0.21355746273472284,
      "rev_growth_yoy_accel": 0.06986647561025933,
      "fcf_margin_change": -0.023633154486155883
    },
    {
      "date": "2024-03-31T00:00:00",
      "quarter_label": "2024-03 (Q1)",
      "revenue": 44685000,
      "gross_profit": 32174000,
      "operating_income": -9723000,
      "net_income": -7805000,
      "opex": 41897000,
      "cogs": 12511000,
      "rd": 2998000,
      "sga": null,
      "fcf": -13150000,
      "ocf": -6690000,
      "capex": -6460000,
      "gross_margin": 0.7200179030994741,
      "op_margin": -0.21758979523329977,
      "fcf_margin": -0.2942821976054604,
      "incr_op_margin_yoy": -0.08643200732992289,
      "rev_growth_yoy": 0.4146194757502849,
      "rev_growth_yoy_accel": 0.20106201301556206,
      "op_leverage_ratio": 0.9188336459609822,
      "fcf_margin_change": 0.008246183539356522
    },
    {
      "date": "2024-06-30T00:00:00",
      "quarter_label": "2024-06 (Q2)",
      "revenue": 52802000,
      "gross_profit": 40799000,
      "operating_income": -5666000,
      "net_income": -6029000,
      "opex": 46465000,
      "cogs": 12003000,
      "rd": 2543000,
      "sga": null,
      "fcf": -12776000,
      "ocf": -6092000,
      "capex": -6684000,
      "gross_margin": 0.7726790651869248,
      "op_margin": -0.10730654141888565,
      "fcf_margin": -0.24196053179803795,
      "incr_op_margin_yoy": -0.006040927282337839,
      "rev_growth_yoy": 0.33476579286635155,
      "rev_growth_yoy_accel": -0.07985368288393335,
      "op_leverage_ratio": 1.6660599140470937,
      "fcf_margin_change": 0.05232166580742248
    },
    {
      "date": "2024-09-30T00:00:00",
      "quarter_label": "2024-09 (Q3)",
      "revenue": 54573000,
      "gross_profit": 40060000,
      "operating_income": -5566000,
      "net_income": -7919000,
      "opex": 45626000,
      "cogs": 14513000,
      "rd": 2577000,
      "sga": null,
      "fcf": -11660000,
      "ocf": -10279000,
      "capex": -1381000,
      "gross_margin": 0.7340626317043226,
      "op_margin": -0.1019918274604658,
      "fcf_margin": -0.21365876898832756,
      "incr_op_margin_yoy": -0.07246079035682487,
      "rev_growth_yoy": 0.3652806964875413,
      "rev_growth_yoy_accel": 0.03051490362118975,
      "op_leverage_ratio": Infinity,
      "fcf_margin_change": 0.02830176280971039
    },
    {
      "date": "2024-12-31T00:00:00",
      "quarter_label": "2024-12 (Q4)",
      "revenue": 52667000,
      "gross_profit": 35565000,
      "operating_income": -14055000,
      "net_income": -16069000,
      "opex": 49620000,
      "cogs": 17102000,
      "rd": 2916000,
      "sga": null,
      "fcf": -3725000,
      "ocf": -3987000,
      "capex": 262000,
      "gross_margin": 0.675280536199138,
      "op_margin": -0.2668653995860786,
      "fcf_margin": -0.07072740045949076,
      "incr_op_margin_yoy": -0.39783446260130195,
      "rev_growth_yoy": 0.4002339616621913,
      "rev_growth_yoy_accel": 0.03495326517464997,
      "fcf_margin_change": 0.1429313685288368
    },
    {
      "date": "2025-03-31T00:00:00",
      "quarter_label": "2025-03 (Q1)",
      "revenue": 52411000,
      "gross_profit": 38262000,
      "operating_income": -10981000,
      "net_income": -10659000,
      "opex": 49243000,
      "cogs": 14149000,
      "rd": 2351000,
      "sga": null,
      "fcf": -8383000,
      "ocf": -4156000,
      "capex": -4227000,
      "gross_margin": 0.7300375875293355,
      "op_margin": -0.20951708610787811,
      "fcf_margin": -0.15994733929900212,
      "incr_op_margin_yoy": -0.1628268185348175,
      "rev_growth_yoy": 0.1728991831710865,
      "rev_growth_yoy_accel": -0.22733477849110478,
      "fcf_margin_change": -0.08921993883951136
    },
    {
      "date": "2025-06-30T00:00:00",
      "quarter_label": "2025-06 (Q2)",
      "revenue": 61082000,
      "gross_profit": 44019000,
      "operating_income": -10657000,
      "net_income": -7113000,
      "opex": 54676000,
      "cogs": 17063000,
      "rd": 2159000,
      "sga": null,
      "fcf": -13907000,
      "ocf": -10462000,
      "capex": -3445000,
      "gross_margin": 0.7206542025473953,
      "op_margin": -0.17447038407386792,
      "fcf_margin": -0.22767754821387642,
      "incr_op_margin_yoy": -0.6027777777777777,
      "rev_growth_yoy": 0.1568122419605318,
      "rev_growth_yoy_accel": -0.01608694121055468,
      "op_leverage_ratio": 1.4995174995597789,
      "fcf_margin_change": -0.0677302089148743
    },
    {
      "date": "2025-09-30T00:00:00",
      "quarter_label": "2025-09 (Q3)",
      "revenue": 61250000,
      "gross_profit": 45274000,
      "operating_income": -9428000,
      "net_income": -11773000,
      "opex": 54702000,
      "cogs": 15976000,
      "rd": 2333000,
      "sga": null,
      "fcf": -3420000,
      "ocf": -581000,
      "capex": -2839000,
      "gross_margin": 0.7391673469387755,
      "op_margin": -0.1539265306122449,
      "fcf_margin": -0.05583673469387755,
      "incr_op_margin_yoy": -0.5784034746143477,
      "rev_growth_yoy": 0.12234987997727814,
      "rev_growth_yoy_accel": -0.03446236198325367,
      "fcf_margin_change": 0.17184081351999886
    }
  ],
  "signals": [
    {
      "quarter": "2025-09 (Q3)",
      "signal": "FCF MARGIN EXPANSION",
      "detail": "FCF margin: -22.8% -> -5.6% (+17.2%)",
      "severity": "MEDIUM"
    },
    {
      "quarter": "2025-03 (Q1)",
      "signal": "GROSS MARGIN INFLECTION",
      "detail": "GM: +73.4% -> +67.5% -> +73.0% (reversal +5.5%)",
      "severity": "HIGH"
    },
    {
      "quarter": "2025-03 (Q1)",
      "signal": "YoY REVENUE GROWTH DECELERATION",
      "detail": "YoY growth: +17.3% vs prior quarter YoY: +40.0% (decel: -22.7%)",
      "severity": "WARNING"
    },
    {
      "quarter": "2024-12 (Q4)",
      "signal": "FCF MARGIN EXPANSION",
      "detail": "FCF margin: -21.4% -> -7.1% (+14.3%)",
      "severity": "MEDIUM"
    },
    {
      "quarter": "2024-06 (Q2)",
      "signal": "FCF MARGIN EXPANSION",
      "detail": "FCF margin: -29.4% -> -24.2% (+5.2%)",
      "severity": "MEDIUM"
    },
    {
      "quarter": "2024-06 (Q2)",
      "signal": "OPERATING LEVERAGE",
      "detail": "Rev growth +18.2% vs OpEx growth +10.9% (leverage: 1.7x)",
      "severity": "MEDIUM"
    },
    {
      "quarter": "2024-06 (Q2)",
      "signal": "YoY REVENUE GROWTH DECELERATION",
      "detail": "YoY growth: +33.5% vs prior quarter YoY: +41.5% (decel: -8.0%)",
      "severity": "WARNING"
    },
    {
      "quarter": "2024-03 (Q1)",
      "signal": "YoY REVENUE GROWTH ACCELERATION",
      "detail": "YoY growth: +41.5% vs prior quarter YoY: +21.4% (accel: +20.1%)",
      "severity": "HIGH"
    },
    {
      "quarter": "2023-12 (Q4)",
      "signal": "YoY REVENUE GROWTH ACCELERATION",
      "detail": "YoY growth: +21.4% vs prior quarter YoY: +14.4% (accel: +7.0%)",
      "severity": "MEDIUM"
    },
    {
      "quarter": "2023-09 (Q3)",
      "signal": "YoY REVENUE GROWTH DECELERATION",
      "detail": "YoY growth: +14.4% vs prior quarter YoY: +20.1% (decel: -5.8%)",
      "severity": "WARNING"
    },
    {
      "quarter": "2023-06 (Q2)",
      "signal": "FCF MARGIN EXPANSION",
      "detail": "FCF margin: -36.1% -> -25.3% (+10.8%)",
      "severity": "MEDIUM"
    },
    {
      "quarter": "2023-06 (Q2)",
      "signal": "OPERATING LEVERAGE",
      "detail": "Rev growth +25.2% vs OpEx growth +10.8% (leverage: 2.3x)",
      "severity": "MEDIUM"
    },
    {
      "quarter": "2023-06 (Q2)",
      "signal": "YoY REVENUE GROWTH DECELERATION",
      "detail": "YoY growth: +20.1% vs prior quarter YoY: +34.9% (decel: -14.8%)",
      "severity": "WARNING"
    },
    {
      "quarter": "2023-03 (Q1)",
      "signal": "GROSS MARGIN INFLECTION",
      "detail": "GM: +74.1% -> +68.5% -> +74.6% (reversal +6.1%)",
      "severity": "HIGH"
    },
    {
      "quarter": "2023-03 (Q1)",
      "signal": "YoY REVENUE GROWTH ACCELERATION",
      "detail": "YoY growth: +34.9% vs prior quarter YoY: +24.9% (accel: +10.0%)",
      "severity": "MEDIUM"
    },
    {
      "quarter": "2022-12 (Q4)",
      "signal": "FCF MARGIN EXPANSION",
      "detail": "FCF margin: -20.4% -> -9.1% (+11.4%)",
      "severity": "MEDIUM"
    },
    {
      "quarter": "2022-12 (Q4)",
      "signal": "YoY REVENUE GROWTH DECELERATION",
      "detail": "YoY growth: +24.9% vs prior quarter YoY: +39.4% (decel: -14.4%)",
      "severity": "WARNING"
    },
    {
      "quarter": "2022-09 (Q3)",
      "signal": "FCF MARGIN EXPANSION",
      "detail": "FCF margin: -40.8% -> -20.4% (+20.4%)",
      "severity": "MEDIUM"
    },
    {
      "quarter": "2022-09 (Q3)",
      "signal": "YoY REVENUE GROWTH ACCELERATION",
      "detail": "YoY growth: +39.4% vs prior quarter YoY: +23.3% (accel: +16.0%)",
      "severity": "HIGH"
    },
    {
      "quarter": "2022-06 (Q2)",
      "signal": "OPERATING LEVERAGE",
      "detail": "Rev growth +40.6% vs OpEx growth +15.1% (leverage: 2.7x)",
      "severity": "MEDIUM"
    },
    {
      "quarter": "2022-06 (Q2)",
      "signal": "YoY REVENUE GROWTH ACCELERATION",
      "detail": "YoY growth: +23.3% vs prior quarter YoY: +9.1% (accel: +14.2%)",
      "severity": "MEDIUM"
    },
    {
      "quarter": "2022-03 (Q1)",
      "signal": "GROSS MARGIN INFLECTION",
      "detail": "GM: +74.0% -> +72.9% -> +79.3% (reversal +6.4%)",
      "severity": "HIGH"
    },
    {
      "quarter": "2022-03 (Q1)",
      "signal": "YoY REVENUE GROWTH DECELERATION",
      "detail": "YoY growth: +9.1% vs prior quarter YoY: +31.1% (decel: -22.0%)",
      "severity": "WARNING"
    },
    {
      "quarter": "2021-09 (Q3)",
      "signal": "FCF MARGIN EXPANSION",
      "detail": "FCF margin: -40.1% -> -11.7% (+28.4%)",
      "severity": "MEDIUM"
    },
    {
      "quarter": "2021-06 (Q2)",
      "signal": "OPERATING LEVERAGE",
      "detail": "Rev growth +24.4% vs OpEx growth +4.4% (leverage: 5.5x)",
      "severity": "MEDIUM"
    }
  ],
  "data_quality": {
    "n_quarters": 20,
    "coverage": {
      "revenue": [
        20,
        20
      ],
      "gross_profit": [
        20,
        20
      ],
      "op_income": [
        20,
        20
      ],
      "fcf": [
        20,
        20
      ]
    },
    "gaps": [],
    "warnings": []
  },
  "market_cap": null,
  "source": "SEC EDGAR",
  "last_updated": "2026-02-02T22:30:23.841490"
}