{
  "ticker": "KLIC",
  "name": "KULICKE AND SOFFA INDUSTRIES, INC.",
  "quarters": [
    {
      "date": "2021-01-02T00:00:00",
      "quarter_label": "2021-01 (Q1)",
      "revenue": 267857000,
      "gross_profit": 121486000,
      "operating_income": 54042000,
      "net_income": 48363000,
      "opex": 67444000,
      "cogs": 146371000,
      "rd": 31544000,
      "sga": 35900000,
      "fcf": 53738000,
      "ocf": 58635000,
      "capex": -4897000,
      "gross_margin": 0.45354797522558676,
      "op_margin": 0.20175690760368406,
      "fcf_margin": 0.20062197366505263
    },
    {
      "date": "2021-04-03T00:00:00",
      "quarter_label": "2021-04 (Q2)",
      "revenue": 340163000,
      "gross_profit": 148490000,
      "operating_income": 83114000,
      "net_income": 71320000,
      "opex": 65376000,
      "cogs": 191673000,
      "rd": 34868000,
      "sga": 30508000,
      "fcf": 23083000,
      "ocf": 27085000,
      "capex": -4002000,
      "gross_margin": 0.43652601840882166,
      "op_margin": 0.2443358037176295,
      "fcf_margin": 0.06785864423820345,
      "op_leverage_ratio": Infinity,
      "fcf_margin_change": -0.13276332942684918
    },
    {
      "date": "2021-07-03T00:00:00",
      "quarter_label": "2021-07 (Q3)",
      "revenue": 424318000,
      "gross_profit": 195695000,
      "operating_income": 120455000,
      "net_income": 113766000,
      "opex": 75240000,
      "cogs": 228623000,
      "rd": 36137000,
      "sga": 39103000,
      "fcf": 83088000,
      "ocf": 90936000,
      "capex": -7848000,
      "gross_margin": 0.4611989121366522,
      "op_margin": 0.2838790718282043,
      "fcf_margin": 0.19581540259899416,
      "op_leverage_ratio": 1.63967635009502,
      "fcf_margin_change": 0.1279567583607907
    },
    {
      "date": "2021-10-02T00:00:00",
      "quarter_label": "2021-10 (Q4)",
      "revenue": 485326000,
      "gross_profit": 231315000,
      "operating_income": 154836000,
      "net_income": 133711000,
      "opex": 76479000,
      "cogs": 254011000,
      "rd": 34929000,
      "sga": 41550000,
      "fcf": 117348000,
      "ocf": 123376000,
      "capex": -6028000,
      "gross_margin": 0.4766177785653355,
      "op_margin": 0.3190350403646209,
      "fcf_margin": 0.24179211499074849,
      "op_leverage_ratio": 8.731177415284737,
      "fcf_margin_change": 0.045976712391754326
    },
    {
      "date": "2022-01-01T00:00:00",
      "quarter_label": "2022-01 (Q1)",
      "revenue": 460888000,
      "gross_profit": 223238000,
      "operating_income": 151110000,
      "net_income": 133606000,
      "opex": 72128000,
      "cogs": 237650000,
      "rd": 33169000,
      "sga": 38959000,
      "fcf": 93163000,
      "ocf": 95874000,
      "capex": -2711000,
      "gross_margin": 0.48436496502404053,
      "op_margin": 0.32786707399628545,
      "fcf_margin": 0.20213804655360956,
      "incr_op_margin_yoy": 0.5028622345633603,
      "rev_growth_yoy": 0.7206494510130406,
      "fcf_margin_change": -0.03965406843713892
    },
    {
      "date": "2022-04-02T00:00:00",
      "quarter_label": "2022-04 (Q2)",
      "revenue": 384282000,
      "gross_profit": 201710000,
      "operating_income": 129341000,
      "net_income": 116001000,
      "opex": 72369000,
      "cogs": 182572000,
      "rd": 37281000,
      "sga": 35088000,
      "fcf": 70188000,
      "ocf": 73135000,
      "capex": -2947000,
      "gross_margin": 0.5249009841730812,
      "op_margin": 0.3365783461104085,
      "fcf_margin": 0.18264711852233517,
      "incr_op_margin_yoy": 1.0477798680840453,
      "rev_growth_yoy": 0.12969958519886055,
      "rev_growth_yoy_accel": -0.5909498658141801,
      "fcf_margin_change": -0.01949092803127439
    },
    {
      "date": "2022-07-02T00:00:00",
      "quarter_label": "2022-07 (Q3)",
      "revenue": 372137000,
      "gross_profit": 190685000,
      "operating_income": 122077000,
      "net_income": 119034000,
      "opex": 68608000,
      "cogs": 181452000,
      "rd": 34046000,
      "sga": 34562000,
      "fcf": 99894000,
      "ocf": 104616000,
      "capex": -4722000,
      "gross_margin": 0.5124053775894362,
      "op_margin": 0.3280431668982122,
      "fcf_margin": 0.2684333995275933,
      "incr_op_margin_yoy": -0.031084111074912324,
      "rev_growth_yoy": -0.12297616410333759,
      "rev_growth_yoy_accel": -0.25267574930219816,
      "fcf_margin_change": 0.08578628100525815
    },
    {
      "date": "2022-10-01T00:00:00",
      "quarter_label": "2022-10 (Q4)",
      "revenue": 286313000,
      "gross_profit": 132687000,
      "operating_income": 67544000,
      "net_income": 64904000,
      "opex": 65143000,
      "cogs": 153626000,
      "rd": 32356000,
      "sga": 32787000,
      "fcf": 103958000,
      "ocf": 116563000,
      "capex": -12605000,
      "gross_margin": 0.4634333753619291,
      "op_margin": 0.23590965132564712,
      "fcf_margin": 0.3630921404197504,
      "incr_op_margin_yoy": 0.43862461246250245,
      "rev_growth_yoy": -0.41006045421015974,
      "rev_growth_yoy_accel": -0.2870842901068221,
      "fcf_margin_change": 0.09465874089215709
    },
    {
      "date": "2022-12-31T00:00:00",
      "quarter_label": "2022-12 (Q4)",
      "revenue": 176233000,
      "gross_profit": 88706000,
      "operating_income": 11822000,
      "net_income": 14589000,
      "opex": 76884000,
      "cogs": 87527000,
      "rd": 34508000,
      "sga": 42376000,
      "fcf": 71238000,
      "ocf": 85116000,
      "capex": -13878000,
      "gross_margin": 0.5033450034896984,
      "op_margin": 0.06708164759154074,
      "fcf_margin": 0.4042262232385535,
      "incr_op_margin_yoy": 0.489322161915301,
      "rev_growth_yoy": -0.6176229365919703,
      "rev_growth_yoy_accel": -0.20756248238181058,
      "fcf_margin_change": 0.0411340828188031
    },
    {
      "date": "2023-04-01T00:00:00",
      "quarter_label": "2023-04 (Q2)",
      "revenue": 173021000,
      "gross_profit": 84092000,
      "operating_income": 12629000,
      "net_income": 15041000,
      "opex": 71463000,
      "cogs": 88929000,
      "rd": 35999000,
      "sga": 35464000,
      "fcf": -8817000,
      "ocf": 1820000,
      "capex": -10637000,
      "gross_margin": 0.48602192797406096,
      "op_margin": 0.07299113980383884,
      "fcf_margin": -0.050959132128469954,
      "incr_op_margin_yoy": 0.5524540733973615,
      "rev_growth_yoy": -0.5497551277447291,
      "rev_growth_yoy_accel": 0.0678678088472412,
      "fcf_margin_change": -0.4551853553670235
    },
    {
      "date": "2023-07-01T00:00:00",
      "quarter_label": "2023-07 (Q3)",
      "revenue": 190917000,
      "gross_profit": 90018000,
      "operating_income": -4488000,
      "net_income": 4161000,
      "opex": 94506000,
      "cogs": 100899000,
      "rd": 36578000,
      "sga": 36393000,
      "fcf": -1634000,
      "ocf": 8976000,
      "capex": -10610000,
      "gross_margin": 0.47150332343374346,
      "op_margin": -0.02350759754238753,
      "fcf_margin": -0.008558693044621484,
      "incr_op_margin_yoy": 0.698405253283302,
      "rev_growth_yoy": -0.4869711960917619,
      "rev_growth_yoy_accel": 0.0627839316529672,
      "op_leverage_ratio": 0.32077416070365383,
      "fcf_margin_change": 0.04240043908384847
    },
    {
      "date": "2023-09-30T00:00:00",
      "quarter_label": "2023-09 (Q3)",
      "revenue": 202320000,
      "gross_profit": 95839000,
      "operating_income": 19474000,
      "net_income": 23357000,
      "opex": 76365000,
      "cogs": 106481000,
      "rd": 37616000,
      "sga": 38749000,
      "fcf": 68211000,
      "ocf": 77492000,
      "capex": -9281000,
      "gross_margin": 0.47370007908264133,
      "op_margin": 0.09625345986555951,
      "fcf_margin": 0.337144128113879,
      "incr_op_margin_yoy": 0.5723095972283404,
      "rev_growth_yoy": -0.2933607625221349,
      "rev_growth_yoy_accel": 0.19361043356962704,
      "op_leverage_ratio": Infinity,
      "fcf_margin_change": 0.3457028211585005
    },
    {
      "date": "2023-12-30T00:00:00",
      "quarter_label": "2023-12 (Q4)",
      "revenue": 171189000,
      "gross_profit": 79896000,
      "operating_income": 1693000,
      "net_income": 9293000,
      "opex": 78203000,
      "cogs": 91293000,
      "rd": 36810000,
      "sga": 41393000,
      "fcf": -11757000,
      "ocf": -7331000,
      "capex": -4426000,
      "gross_margin": 0.4667122303419028,
      "op_margin": 0.009889654124972983,
      "fcf_margin": -0.06867847817324711,
      "incr_op_margin_yoy": 2.0081284694686756,
      "rev_growth_yoy": -0.028621200342728092,
      "rev_growth_yoy_accel": 0.2647395621794068,
      "fcf_margin_change": -0.40582260628712613
    },
    {
      "date": "2024-03-30T00:00:00",
      "quarter_label": "2024-03 (Q1)",
      "revenue": 172074000,
      "gross_profit": 16471000,
      "operating_income": -105155000,
      "net_income": -102680000,
      "opex": 121626000,
      "cogs": 155603000,
      "rd": 37704000,
      "sga": 39450000,
      "fcf": -26719000,
      "ocf": -20148000,
      "capex": -6571000,
      "gross_margin": 0.09572044585469043,
      "op_margin": -0.6111033625068285,
      "fcf_margin": -0.1552762183711659,
      "rev_growth_yoy": -0.005473324047369972,
      "rev_growth_yoy_accel": 0.023147876295358118,
      "fcf_margin_change": -0.08659774019791878
    },
    {
      "date": "2024-06-29T00:00:00",
      "quarter_label": "2024-06 (Q2)",
      "revenue": 181650000,
      "gross_profit": 84730000,
      "operating_income": 8277000,
      "net_income": 12264000,
      "opex": 76453000,
      "cogs": 96920000,
      "rd": 37937000,
      "sga": 38516000,
      "fcf": 24214000,
      "ocf": 26897000,
      "capex": -2683000,
      "gross_margin": 0.46644646297825487,
      "op_margin": 0.04556564822460776,
      "fcf_margin": 0.13330030278007157,
      "incr_op_margin_yoy": -1.3774684363871803,
      "rev_growth_yoy": -0.048539417652697245,
      "rev_growth_yoy_accel": -0.043066093605327274,
      "op_leverage_ratio": Infinity,
      "fcf_margin_change": 0.28857652115123744
    },
    {
      "date": "2024-09-28T00:00:00",
      "quarter_label": "2024-09 (Q3)",
      "revenue": 181319000,
      "gross_profit": 87657000,
      "operating_income": 2689000,
      "net_income": 12117000,
      "opex": 84968000,
      "cogs": 93662000,
      "rd": 38763000,
      "sga": 46205000,
      "fcf": 29151000,
      "ocf": 31619000,
      "capex": -2468000,
      "gross_margin": 0.4834407866798295,
      "op_margin": 0.014830216359013671,
      "fcf_margin": 0.1607718992493892,
      "incr_op_margin_yoy": 0.7992476548735774,
      "rev_growth_yoy": -0.10380090945037564,
      "rev_growth_yoy_accel": -0.05526149179767839,
      "fcf_margin_change": 0.027471596469317627
    },
    {
      "date": "2024-12-28T00:00:00",
      "quarter_label": "2024-12 (Q4)",
      "revenue": 166124000,
      "gross_profit": 87084000,
      "operating_income": 86649000,
      "net_income": 81642000,
      "opex": 435000,
      "cogs": 79040000,
      "rd": 37808000,
      "sga": 38614000,
      "fcf": 8700000,
      "ocf": 18902000,
      "capex": -10202000,
      "gross_margin": 0.5242108304639908,
      "op_margin": 0.521592304543594,
      "fcf_margin": 0.05237051840793624,
      "incr_op_margin_yoy": -16.77314906219151,
      "rev_growth_yoy": -0.0295871814193669,
      "rev_growth_yoy_accel": 0.07421372803100873,
      "fcf_margin_change": -0.10840138084145295
    },
    {
      "date": "2025-03-29T00:00:00",
      "quarter_label": "2025-03 (Q1)",
      "revenue": 161986000,
      "gross_profit": 40384000,
      "operating_income": -84667000,
      "net_income": -84519000,
      "opex": 125051000,
      "cogs": 121602000,
      "rd": 37220000,
      "sga": 48014000,
      "fcf": 77923000,
      "ocf": 79877000,
      "capex": -1954000,
      "gross_margin": 0.24930549553665132,
      "op_margin": -0.5226809724297161,
      "fcf_margin": 0.4810477448668403,
      "incr_op_margin_yoy": -2.0309278350515463,
      "rev_growth_yoy": -0.05862594000255704,
      "rev_growth_yoy_accel": -0.02903875858319014,
      "fcf_margin_change": 0.4286772264589041
    },
    {
      "date": "2025-06-28T00:00:00",
      "quarter_label": "2025-06 (Q2)",
      "revenue": 148413000,
      "gross_profit": 69243000,
      "operating_income": -6094000,
      "net_income": -3289000,
      "opex": 75337000,
      "cogs": 79170000,
      "rd": 35741000,
      "sga": 39596000,
      "fcf": 5290000,
      "ocf": 7380000,
      "capex": -2090000,
      "gross_margin": 0.4665561642174203,
      "op_margin": -0.04106109303093395,
      "fcf_margin": 0.03564377783617338,
      "incr_op_margin_yoy": 0.4323795769774649,
      "rev_growth_yoy": -0.18297274979355904,
      "rev_growth_yoy_accel": -0.124346809791002,
      "fcf_margin_change": -0.4454039670306669
    },
    {
      "date": "2025-10-04T00:00:00",
      "quarter_label": "2025-10 (Q4)",
      "revenue": 177558000,
      "gross_profit": 81210000,
      "operating_income": 888000,
      "net_income": 6379000,
      "opex": 80322000,
      "cogs": 96348000,
      "rd": 38847000,
      "sga": 41475000,
      "fcf": 4449000,
      "ocf": 7406000,
      "capex": -2957000,
      "gross_margin": 0.4573716757341263,
      "op_margin": 0.005001182712127868,
      "fcf_margin": 0.025056601223262257,
      "incr_op_margin_yoy": 0.4788620047859612,
      "rev_growth_yoy": -0.0207424483920604,
      "rev_growth_yoy_accel": 0.16223030140149863,
      "op_leverage_ratio": 2.9678044057178106,
      "fcf_margin_change": -0.010587176612911125
    }
  ],
  "signals": [
    {
      "quarter": "2025-10 (Q4)",
      "signal": "OPERATING LEVERAGE",
      "detail": "Rev growth +19.6% vs OpEx growth +6.6% (leverage: 3.0x)",
      "severity": "MEDIUM"
    },
    {
      "quarter": "2025-10 (Q4)",
      "signal": "YoY REVENUE GROWTH ACCELERATION",
      "detail": "YoY growth: -2.1% vs prior quarter YoY: -18.3% (accel: +16.2%)",
      "severity": "HIGH"
    },
    {
      "quarter": "2025-10 (Q4)",
      "signal": "INCREMENTAL MARGIN (YoY)",
      "detail": "YoY Incr OPM: +47.9% vs year-ago OPM: +1.5%",
      "severity": "HIGH"
    },
    {
      "quarter": "2025-10 (Q4)",
      "signal": "OP MARGIN TURNED POSITIVE (QoQ)",
      "detail": "Op margin: -4.1% -> +0.5%",
      "severity": "HIGH"
    },
    {
      "quarter": "2025-06 (Q2)",
      "signal": "GROSS MARGIN INFLECTION",
      "detail": "GM: +52.4% -> +24.9% -> +46.7% (reversal +21.7%)",
      "severity": "HIGH"
    },
    {
      "quarter": "2025-06 (Q2)",
      "signal": "YoY REVENUE GROWTH DECELERATION",
      "detail": "YoY growth: -18.3% vs prior quarter YoY: -5.9% (decel: -12.4%)",
      "severity": "WARNING"
    },
    {
      "quarter": "2025-03 (Q1)",
      "signal": "FCF MARGIN EXPANSION",
      "detail": "FCF margin: +5.2% -> +48.1% (+42.9%)",
      "severity": "MEDIUM"
    },
    {
      "quarter": "2024-12 (Q4)",
      "signal": "YoY REVENUE GROWTH ACCELERATION",
      "detail": "YoY growth: -3.0% vs prior quarter YoY: -10.4% (accel: +7.4%)",
      "severity": "MEDIUM"
    },
    {
      "quarter": "2024-09 (Q3)",
      "signal": "YoY REVENUE GROWTH DECELERATION",
      "detail": "YoY growth: -10.4% vs prior quarter YoY: -4.9% (decel: -5.5%)",
      "severity": "WARNING"
    },
    {
      "quarter": "2024-09 (Q3)",
      "signal": "INCREMENTAL MARGIN (YoY)",
      "detail": "YoY Incr OPM: +79.9% vs year-ago OPM: +9.6%",
      "severity": "HIGH"
    },
    {
      "quarter": "2024-06 (Q2)",
      "signal": "FCF TURNED POSITIVE",
      "detail": "FCF margin: -15.5% -> +13.3%",
      "severity": "HIGH"
    },
    {
      "quarter": "2024-06 (Q2)",
      "signal": "GROSS MARGIN INFLECTION",
      "detail": "GM: +46.7% -> +9.6% -> +46.6% (reversal +37.1%)",
      "severity": "HIGH"
    },
    {
      "quarter": "2024-06 (Q2)",
      "signal": "OP MARGIN TURNED POSITIVE (YoY)",
      "detail": "Op margin: -2.4% (year-ago) -> +4.6%",
      "severity": "HIGH"
    },
    {
      "quarter": "2024-06 (Q2)",
      "signal": "OP MARGIN TURNED POSITIVE (QoQ)",
      "detail": "Op margin: -61.1% -> +4.6%",
      "severity": "HIGH"
    },
    {
      "quarter": "2023-12 (Q4)",
      "signal": "YoY REVENUE GROWTH ACCELERATION",
      "detail": "YoY growth: -2.9% vs prior quarter YoY: -29.3% (accel: +26.5%)",
      "severity": "HIGH"
    },
    {
      "quarter": "2023-12 (Q4)",
      "signal": "INCREMENTAL MARGIN (YoY)",
      "detail": "YoY Incr OPM: +200.8% vs year-ago OPM: +6.7%",
      "severity": "HIGH"
    },
    {
      "quarter": "2023-09 (Q3)",
      "signal": "FCF TURNED POSITIVE",
      "detail": "FCF margin: -0.9% -> +33.7%",
      "severity": "HIGH"
    },
    {
      "quarter": "2023-09 (Q3)",
      "signal": "YoY REVENUE GROWTH ACCELERATION",
      "detail": "YoY growth: -29.3% vs prior quarter YoY: -48.7% (accel: +19.4%)",
      "severity": "HIGH"
    },
    {
      "quarter": "2023-09 (Q3)",
      "signal": "INCREMENTAL MARGIN (YoY)",
      "detail": "YoY Incr OPM: +57.2% vs year-ago OPM: +23.6%",
      "severity": "HIGH"
    },
    {
      "quarter": "2023-09 (Q3)",
      "signal": "OP MARGIN TURNED POSITIVE (QoQ)",
      "detail": "Op margin: -2.4% -> +9.6%",
      "severity": "HIGH"
    },
    {
      "quarter": "2023-07 (Q3)",
      "signal": "YoY REVENUE GROWTH ACCELERATION",
      "detail": "YoY growth: -48.7% vs prior quarter YoY: -55.0% (accel: +6.3%)",
      "severity": "MEDIUM"
    },
    {
      "quarter": "2023-04 (Q2)",
      "signal": "YoY REVENUE GROWTH ACCELERATION",
      "detail": "YoY growth: -55.0% vs prior quarter YoY: -61.8% (accel: +6.8%)",
      "severity": "MEDIUM"
    },
    {
      "quarter": "2023-04 (Q2)",
      "signal": "INCREMENTAL MARGIN (YoY)",
      "detail": "YoY Incr OPM: +55.2% vs year-ago OPM: +33.7%",
      "severity": "HIGH"
    },
    {
      "quarter": "2022-12 (Q4)",
      "signal": "GROSS MARGIN INFLECTION",
      "detail": "GM: +51.2% -> +46.3% -> +50.3% (reversal +4.0%)",
      "severity": "MEDIUM"
    },
    {
      "quarter": "2022-12 (Q4)",
      "signal": "YoY REVENUE GROWTH DECELERATION",
      "detail": "YoY growth: -61.8% vs prior quarter YoY: -41.0% (decel: -20.8%)",
      "severity": "WARNING"
    },
    {
      "quarter": "2022-12 (Q4)",
      "signal": "INCREMENTAL MARGIN (YoY)",
      "detail": "YoY Incr OPM: +48.9% vs year-ago OPM: +32.8%",
      "severity": "MEDIUM"
    },
    {
      "quarter": "2022-10 (Q4)",
      "signal": "FCF MARGIN EXPANSION",
      "detail": "FCF margin: +26.8% -> +36.3% (+9.5%)",
      "severity": "MEDIUM"
    },
    {
      "quarter": "2022-10 (Q4)",
      "signal": "YoY REVENUE GROWTH DECELERATION",
      "detail": "YoY growth: -41.0% vs prior quarter YoY: -12.3% (decel: -28.7%)",
      "severity": "WARNING"
    },
    {
      "quarter": "2022-10 (Q4)",
      "signal": "INCREMENTAL MARGIN (YoY)",
      "detail": "YoY Incr OPM: +43.9% vs year-ago OPM: +31.9%",
      "severity": "MEDIUM"
    },
    {
      "quarter": "2022-07 (Q3)",
      "signal": "FCF MARGIN EXPANSION",
      "detail": "FCF margin: +18.3% -> +26.8% (+8.6%)",
      "severity": "MEDIUM"
    },
    {
      "quarter": "2022-07 (Q3)",
      "signal": "YoY REVENUE GROWTH DECELERATION",
      "detail": "YoY growth: -12.3% vs prior quarter YoY: +13.0% (decel: -25.3%)",
      "severity": "WARNING"
    },
    {
      "quarter": "2022-04 (Q2)",
      "signal": "YoY REVENUE GROWTH DECELERATION",
      "detail": "YoY growth: +13.0% vs prior quarter YoY: +72.1% (decel: -59.1%)",
      "severity": "WARNING"
    },
    {
      "quarter": "2022-04 (Q2)",
      "signal": "INCREMENTAL MARGIN (YoY)",
      "detail": "YoY Incr OPM: +104.8% vs year-ago OPM: +24.4%",
      "severity": "HIGH"
    },
    {
      "quarter": "2022-01 (Q1)",
      "signal": "INCREMENTAL MARGIN (YoY)",
      "detail": "YoY Incr OPM: +50.3% vs year-ago OPM: +20.2%",
      "severity": "HIGH"
    },
    {
      "quarter": "2021-10 (Q4)",
      "signal": "OPERATING LEVERAGE",
      "detail": "Rev growth +14.4% vs OpEx growth +1.6% (leverage: 8.7x)",
      "severity": "MEDIUM"
    },
    {
      "quarter": "2021-07 (Q3)",
      "signal": "FCF MARGIN EXPANSION",
      "detail": "FCF margin: +6.8% -> +19.6% (+12.8%)",
      "severity": "MEDIUM"
    },
    {
      "quarter": "2021-07 (Q3)",
      "signal": "OPERATING LEVERAGE",
      "detail": "Rev growth +24.7% vs OpEx growth +15.1% (leverage: 1.6x)",
      "severity": "MEDIUM"
    },
    {
      "quarter": "2021-07 (Q3)",
      "signal": "GROSS MARGIN INFLECTION",
      "detail": "GM: +45.4% -> +43.7% -> +46.1% (reversal +2.5%)",
      "severity": "MEDIUM"
    }
  ],
  "data_quality": {
    "n_quarters": 20,
    "coverage": {
      "revenue": [
        20,
        20
      ],
      "gross_profit": [
        20,
        20
      ],
      "op_income": [
        20,
        20
      ],
      "fcf": [
        20,
        20
      ]
    },
    "gaps": [],
    "warnings": []
  },
  "market_cap": null,
  "source": "SEC EDGAR",
  "last_updated": "2026-02-02T21:22:14.300127",
  "sector": "Technology",
  "industry": "Semiconductor Equipment & Materials"
}