{
  "ticker": "KLNG",
  "name": "KOIL ENERGY SOLUTIONS, INC.",
  "quarters": [
    {
      "date": "2020-12-31T00:00:00",
      "quarter_label": "2020-12 (Q4)",
      "revenue": 3511000,
      "gross_profit": 1357000,
      "operating_income": 131000,
      "net_income": 120000,
      "opex": 1226000,
      "cogs": 2154000,
      "rd": null,
      "sga": 1161000,
      "fcf": -303000,
      "ocf": -250000,
      "capex": -53000,
      "gross_margin": 0.3864995727712902,
      "op_margin": 0.0373113073198519,
      "fcf_margin": -0.08630019937339789
    },
    {
      "date": "2021-03-31T00:00:00",
      "quarter_label": "2021-03 (Q1)",
      "revenue": 3922000,
      "gross_profit": 1728000,
      "operating_income": 116000,
      "net_income": 148000,
      "opex": 1612000,
      "cogs": 2194000,
      "rd": null,
      "sga": 1535000,
      "fcf": -256000,
      "ocf": -196000,
      "capex": -60000,
      "gross_margin": 0.44059153493115755,
      "op_margin": 0.029576746557878633,
      "fcf_margin": -0.06527281998980113,
      "op_leverage_ratio": 0.3718040857526973,
      "fcf_margin_change": 0.021027379383596764
    },
    {
      "date": "2021-06-30T00:00:00",
      "quarter_label": "2021-06 (Q2)",
      "revenue": 4528000,
      "gross_profit": 1406000,
      "operating_income": -424000,
      "net_income": 724000,
      "opex": 1830000,
      "cogs": 3122000,
      "rd": null,
      "sga": 1752000,
      "fcf": -589000,
      "ocf": -447000,
      "capex": -142000,
      "gross_margin": 0.31051236749116606,
      "op_margin": -0.09363957597173145,
      "fcf_margin": -0.13007950530035337,
      "op_leverage_ratio": 1.1425456961202158,
      "fcf_margin_change": -0.06480668531055224
    },
    {
      "date": "2021-09-30T00:00:00",
      "quarter_label": "2021-09 (Q3)",
      "revenue": 3550000,
      "gross_profit": 837000,
      "operating_income": -564000,
      "net_income": 332000,
      "opex": 1401000,
      "cogs": 2713000,
      "rd": null,
      "sga": 1336000,
      "fcf": -483000,
      "ocf": -410000,
      "capex": -73000,
      "gross_margin": 0.23577464788732394,
      "op_margin": -0.1588732394366197,
      "fcf_margin": -0.13605633802816902,
      "fcf_margin_change": -0.005976832727815656
    },
    {
      "date": "2021-12-31T00:00:00",
      "quarter_label": "2021-12 (Q4)",
      "revenue": 5233000,
      "gross_profit": 1866000,
      "operating_income": 529000,
      "net_income": 1122000,
      "opex": 1337000,
      "cogs": 2704000,
      "rd": null,
      "sga": 1269000,
      "fcf": -94000,
      "ocf": -14000,
      "capex": -80000,
      "gross_margin": 0.35658322186126507,
      "op_margin": 0.10108924135295241,
      "fcf_margin": -0.017962927575004776,
      "incr_op_margin_yoy": 0.2311265969802555,
      "rev_growth_yoy": 0.4904585588151524,
      "op_leverage_ratio": Infinity,
      "fcf_margin_change": 0.11809341045316424
    },
    {
      "date": "2022-03-31T00:00:00",
      "quarter_label": "2022-03 (Q1)",
      "revenue": 3601000,
      "gross_profit": 1414000,
      "operating_income": -312000,
      "net_income": -264000,
      "opex": 1726000,
      "cogs": 2187000,
      "rd": null,
      "sga": 1666000,
      "fcf": -828000,
      "ocf": -477000,
      "capex": -351000,
      "gross_margin": 0.3926687031380172,
      "op_margin": -0.08664259927797834,
      "fcf_margin": -0.22993612885309636,
      "rev_growth_yoy": -0.08184599694033656,
      "rev_growth_yoy_accel": -0.5723045557554889,
      "fcf_margin_change": -0.21197320127809158
    },
    {
      "date": "2022-06-30T00:00:00",
      "quarter_label": "2022-06 (Q2)",
      "revenue": 3499000,
      "gross_profit": 1481000,
      "operating_income": 6000,
      "net_income": 177000,
      "opex": 1475000,
      "cogs": 2018000,
      "rd": null,
      "sga": 1419000,
      "fcf": 653000,
      "ocf": 1257000,
      "capex": -604000,
      "gross_margin": 0.42326378965418693,
      "op_margin": 0.0017147756501857674,
      "fcf_margin": 0.18662474992855102,
      "incr_op_margin_yoy": -0.41788143828960156,
      "rev_growth_yoy": -0.22725265017667845,
      "rev_growth_yoy_accel": -0.1454066532363419,
      "fcf_margin_change": 0.4165608787816474
    },
    {
      "date": "2022-09-30T00:00:00",
      "quarter_label": "2022-09 (Q3)",
      "revenue": 2257000,
      "gross_profit": 269000,
      "operating_income": -1423000,
      "net_income": -1579000,
      "opex": 1692000,
      "cogs": 1988000,
      "rd": null,
      "sga": 1644000,
      "fcf": 29000,
      "ocf": 1297000,
      "capex": -1268000,
      "gross_margin": 0.11918475852902083,
      "op_margin": -0.6304829419583518,
      "fcf_margin": 0.01284891448825875,
      "incr_op_margin_yoy": 0.6643464810518175,
      "rev_growth_yoy": -0.36422535211267604,
      "rev_growth_yoy_accel": -0.1369727019359976,
      "fcf_margin_change": -0.17377583544029226
    },
    {
      "date": "2022-12-31T00:00:00",
      "quarter_label": "2022-12 (Q4)",
      "revenue": 3620000,
      "gross_profit": 1521000,
      "operating_income": -1278000,
      "net_income": -1262000,
      "opex": 2799000,
      "cogs": 2099000,
      "rd": null,
      "sga": 1957000,
      "fcf": -1149000,
      "ocf": -835000,
      "capex": -314000,
      "gross_margin": 0.4201657458563536,
      "op_margin": -0.35303867403314915,
      "fcf_margin": -0.3174033149171271,
      "incr_op_margin_yoy": 1.120272783632982,
      "rev_growth_yoy": -0.30823619338811387,
      "rev_growth_yoy_accel": 0.05598915872456217,
      "op_leverage_ratio": 0.9230325887662952,
      "fcf_margin_change": -0.33025222940538584
    },
    {
      "date": "2023-03-31T00:00:00",
      "quarter_label": "2023-03 (Q1)",
      "revenue": 3724000,
      "gross_profit": 1643000,
      "operating_income": -95000,
      "net_income": -97000,
      "opex": 1738000,
      "cogs": 2081000,
      "rd": null,
      "sga": 1712000,
      "fcf": -753000,
      "ocf": -674000,
      "capex": -79000,
      "gross_margin": 0.4411922663802363,
      "op_margin": -0.025510204081632654,
      "fcf_margin": -0.20220193340494091,
      "rev_growth_yoy": 0.03415717856151069,
      "rev_growth_yoy_accel": 0.34239337194962455,
      "op_leverage_ratio": Infinity,
      "fcf_margin_change": 0.11520138151218617
    },
    {
      "date": "2023-06-30T00:00:00",
      "quarter_label": "2023-06 (Q2)",
      "revenue": 3508000,
      "gross_profit": 1148000,
      "operating_income": -421000,
      "net_income": -433000,
      "opex": 1569000,
      "cogs": 2360000,
      "rd": null,
      "sga": 1542000,
      "fcf": 909000,
      "ocf": 912000,
      "capex": -3000,
      "gross_margin": 0.3272519954389966,
      "op_margin": -0.12001140250855188,
      "fcf_margin": 0.2591220068415051,
      "rev_growth_yoy": 0.002572163475278651,
      "rev_growth_yoy_accel": -0.031585015086232036,
      "fcf_margin_change": 0.461323940246446
    },
    {
      "date": "2023-09-30T00:00:00",
      "quarter_label": "2023-09 (Q3)",
      "revenue": 4107000,
      "gross_profit": 1374000,
      "operating_income": -208000,
      "net_income": -143000,
      "opex": 1582000,
      "cogs": 2733000,
      "rd": null,
      "sga": 1555000,
      "fcf": -1119000,
      "ocf": -971000,
      "capex": -148000,
      "gross_margin": 0.3345507669831994,
      "op_margin": -0.05064523983442902,
      "fcf_margin": -0.2724616508400292,
      "incr_op_margin_yoy": 0.6567567567567567,
      "rev_growth_yoy": 0.819672131147541,
      "rev_growth_yoy_accel": 0.8170999676722623,
      "op_leverage_ratio": 20.608521182352426,
      "fcf_margin_change": -0.5315836576815343
    },
    {
      "date": "2023-12-31T00:00:00",
      "quarter_label": "2023-12 (Q4)",
      "revenue": 4005000,
      "gross_profit": 686000,
      "operating_income": -887000,
      "net_income": -881000,
      "opex": 12066000,
      "cogs": 3319000,
      "rd": null,
      "sga": 1653000,
      "fcf": 936000,
      "ocf": 936000,
      "capex": null,
      "gross_margin": 0.17128589263420724,
      "op_margin": -0.22147315855181024,
      "fcf_margin": 0.23370786516853934,
      "rev_growth_yoy": 0.106353591160221,
      "rev_growth_yoy_accel": -0.71331853998732,
      "fcf_margin_change": 0.5061695160085685
    },
    {
      "date": "2024-03-31T00:00:00",
      "quarter_label": "2024-03 (Q1)",
      "revenue": 5791000,
      "gross_profit": 2030000,
      "operating_income": 570000,
      "net_income": 576000,
      "opex": 5221000,
      "cogs": 3761000,
      "rd": null,
      "sga": 1460000,
      "fcf": -317000,
      "ocf": -307000,
      "capex": -10000,
      "gross_margin": 0.35054394750474877,
      "op_margin": 0.0984285960973925,
      "fcf_margin": -0.054740113969953375,
      "incr_op_margin_yoy": 0.3217223028543783,
      "rev_growth_yoy": 0.5550483351235231,
      "rev_growth_yoy_accel": 0.4486947439633021,
      "op_leverage_ratio": Infinity,
      "fcf_margin_change": -0.28844797913849274
    },
    {
      "date": "2024-06-30T00:00:00",
      "quarter_label": "2024-06 (Q2)",
      "revenue": 5779000,
      "gross_profit": 2249000,
      "operating_income": 981000,
      "net_income": 984000,
      "opex": 4798000,
      "cogs": 3530000,
      "rd": null,
      "sga": 1268000,
      "fcf": -501000,
      "ocf": -449000,
      "capex": -52000,
      "gross_margin": 0.389167676068524,
      "op_margin": 0.16975255234469633,
      "fcf_margin": -0.08669319951548711,
      "incr_op_margin_yoy": 0.6173491853808895,
      "rev_growth_yoy": 0.6473774230330672,
      "rev_growth_yoy_accel": 0.09232908790954408,
      "fcf_margin_change": -0.031953085545533735
    },
    {
      "date": "2024-09-30T00:00:00",
      "quarter_label": "2024-09 (Q3)",
      "revenue": 5223000,
      "gross_profit": 2064000,
      "operating_income": 478000,
      "net_income": 523000,
      "opex": 4745000,
      "cogs": 3159000,
      "rd": null,
      "sga": 1586000,
      "fcf": 1865000,
      "ocf": 1930000,
      "capex": -65000,
      "gross_margin": 0.3951751866743251,
      "op_margin": 0.09151828451081753,
      "fcf_margin": 0.357074478269194,
      "incr_op_margin_yoy": 0.6146953405017921,
      "rev_growth_yoy": 0.2717311906501096,
      "rev_growth_yoy_accel": -0.37564623238295763,
      "fcf_margin_change": 0.44376767778468107
    },
    {
      "date": "2024-12-31T00:00:00",
      "quarter_label": "2024-12 (Q4)",
      "revenue": 5941000,
      "gross_profit": 2405000,
      "operating_income": 529000,
      "net_income": 537000,
      "opex": 5412000,
      "cogs": 3536000,
      "rd": null,
      "sga": 1876000,
      "fcf": 304000,
      "ocf": 552000,
      "capex": -248000,
      "gross_margin": 0.4048140043763676,
      "op_margin": 0.08904224877966672,
      "fcf_margin": 0.051169836727823596,
      "incr_op_margin_yoy": 0.731404958677686,
      "rev_growth_yoy": 0.48339575530586765,
      "rev_growth_yoy_accel": 0.21166456465575806,
      "op_leverage_ratio": 0.9779458346645171,
      "fcf_margin_change": -0.30590464154137037
    },
    {
      "date": "2025-03-31T00:00:00",
      "quarter_label": "2025-03 (Q1)",
      "revenue": 5250000,
      "gross_profit": 1652000,
      "operating_income": -75000,
      "net_income": -29000,
      "opex": 5325000,
      "cogs": 3598000,
      "rd": null,
      "sga": 1727000,
      "fcf": -1230000,
      "ocf": -766000,
      "capex": -464000,
      "gross_margin": 0.31466666666666665,
      "op_margin": -0.014285714285714285,
      "fcf_margin": -0.2342857142857143,
      "rev_growth_yoy": -0.09342082541875324,
      "rev_growth_yoy_accel": -0.5768165807246208,
      "fcf_margin_change": -0.28545555101353787
    },
    {
      "date": "2025-06-30T00:00:00",
      "quarter_label": "2025-06 (Q2)",
      "revenue": 5183000,
      "gross_profit": 1729000,
      "operating_income": -235000,
      "net_income": 61000,
      "opex": 5418000,
      "cogs": 3454000,
      "rd": null,
      "sga": 1964000,
      "fcf": 110000,
      "ocf": 360000,
      "capex": -250000,
      "gross_margin": 0.3335905846035115,
      "op_margin": -0.04534053636889832,
      "fcf_margin": 0.021223229789697085,
      "rev_growth_yoy": -0.10313202976293476,
      "rev_growth_yoy_accel": -0.009711204344181518,
      "fcf_margin_change": 0.25550894407541136
    },
    {
      "date": "2025-09-30T00:00:00",
      "quarter_label": "2025-09 (Q3)",
      "revenue": 6367000,
      "gross_profit": 2052000,
      "operating_income": -462000,
      "net_income": -413000,
      "opex": 6829000,
      "cogs": 4315000,
      "rd": null,
      "sga": 2514000,
      "fcf": -870000,
      "ocf": -632000,
      "capex": -238000,
      "gross_margin": 0.3222867912674729,
      "op_margin": -0.07256164598712109,
      "fcf_margin": -0.13664206062509815,
      "incr_op_margin_yoy": -0.8216783216783217,
      "rev_growth_yoy": 0.21903120811793989,
      "rev_growth_yoy_accel": 0.32216323788087464,
      "op_leverage_ratio": 0.8771673955072824,
      "fcf_margin_change": -0.15786529041479525
    }
  ],
  "signals": [
    {
      "quarter": "2025-09 (Q3)",
      "signal": "YoY REVENUE GROWTH ACCELERATION",
      "detail": "YoY growth: +21.9% vs prior quarter YoY: -10.3% (accel: +32.2%)",
      "severity": "HIGH"
    },
    {
      "quarter": "2025-06 (Q2)",
      "signal": "FCF TURNED POSITIVE",
      "detail": "FCF margin: -23.4% -> +2.1%",
      "severity": "HIGH"
    },
    {
      "quarter": "2025-03 (Q1)",
      "signal": "YoY REVENUE GROWTH DECELERATION",
      "detail": "YoY growth: -9.3% vs prior quarter YoY: +48.3% (decel: -57.7%)",
      "severity": "WARNING"
    },
    {
      "quarter": "2024-12 (Q4)",
      "signal": "YoY REVENUE GROWTH ACCELERATION",
      "detail": "YoY growth: +48.3% vs prior quarter YoY: +27.2% (accel: +21.2%)",
      "severity": "HIGH"
    },
    {
      "quarter": "2024-12 (Q4)",
      "signal": "OP MARGIN TURNED POSITIVE (YoY)",
      "detail": "Op margin: -22.1% (year-ago) -> +8.9%",
      "severity": "HIGH"
    },
    {
      "quarter": "2024-09 (Q3)",
      "signal": "FCF TURNED POSITIVE",
      "detail": "FCF margin: -8.7% -> +35.7%",
      "severity": "HIGH"
    },
    {
      "quarter": "2024-09 (Q3)",
      "signal": "YoY REVENUE GROWTH DECELERATION",
      "detail": "YoY growth: +27.2% vs prior quarter YoY: +64.7% (decel: -37.6%)",
      "severity": "WARNING"
    },
    {
      "quarter": "2024-09 (Q3)",
      "signal": "OP MARGIN TURNED POSITIVE (YoY)",
      "detail": "Op margin: -5.1% (year-ago) -> +9.2%",
      "severity": "HIGH"
    },
    {
      "quarter": "2024-06 (Q2)",
      "signal": "YoY REVENUE GROWTH ACCELERATION",
      "detail": "YoY growth: +64.7% vs prior quarter YoY: +55.5% (accel: +9.2%)",
      "severity": "MEDIUM"
    },
    {
      "quarter": "2024-06 (Q2)",
      "signal": "OP MARGIN TURNED POSITIVE (YoY)",
      "detail": "Op margin: -12.0% (year-ago) -> +17.0%",
      "severity": "HIGH"
    },
    {
      "quarter": "2024-03 (Q1)",
      "signal": "GROSS MARGIN INFLECTION",
      "detail": "GM: +33.5% -> +17.1% -> +35.1% (reversal +17.9%)",
      "severity": "HIGH"
    },
    {
      "quarter": "2024-03 (Q1)",
      "signal": "YoY REVENUE GROWTH ACCELERATION",
      "detail": "YoY growth: +55.5% vs prior quarter YoY: +10.6% (accel: +44.9%)",
      "severity": "HIGH"
    },
    {
      "quarter": "2024-03 (Q1)",
      "signal": "OP MARGIN TURNED POSITIVE (YoY)",
      "detail": "Op margin: -2.6% (year-ago) -> +9.8%",
      "severity": "HIGH"
    },
    {
      "quarter": "2024-03 (Q1)",
      "signal": "OP MARGIN TURNED POSITIVE (QoQ)",
      "detail": "Op margin: -22.1% -> +9.8%",
      "severity": "HIGH"
    },
    {
      "quarter": "2023-12 (Q4)",
      "signal": "FCF TURNED POSITIVE",
      "detail": "FCF margin: -27.2% -> +23.4%",
      "severity": "HIGH"
    },
    {
      "quarter": "2023-12 (Q4)",
      "signal": "YoY REVENUE GROWTH DECELERATION",
      "detail": "YoY growth: +10.6% vs prior quarter YoY: +82.0% (decel: -71.3%)",
      "severity": "WARNING"
    },
    {
      "quarter": "2023-09 (Q3)",
      "signal": "OPERATING LEVERAGE",
      "detail": "Rev growth +17.1% vs OpEx growth +0.8% (leverage: 20.6x)",
      "severity": "MEDIUM"
    },
    {
      "quarter": "2023-09 (Q3)",
      "signal": "YoY REVENUE GROWTH ACCELERATION",
      "detail": "YoY growth: +82.0% vs prior quarter YoY: +0.3% (accel: +81.7%)",
      "severity": "HIGH"
    },
    {
      "quarter": "2023-06 (Q2)",
      "signal": "FCF TURNED POSITIVE",
      "detail": "FCF margin: -20.2% -> +25.9%",
      "severity": "HIGH"
    },
    {
      "quarter": "2023-03 (Q1)",
      "signal": "FCF MARGIN EXPANSION",
      "detail": "FCF margin: -31.7% -> -20.2% (+11.5%)",
      "severity": "MEDIUM"
    },
    {
      "quarter": "2023-03 (Q1)",
      "signal": "YoY REVENUE GROWTH ACCELERATION",
      "detail": "YoY growth: +3.4% vs prior quarter YoY: -30.8% (accel: +34.2%)",
      "severity": "HIGH"
    },
    {
      "quarter": "2022-12 (Q4)",
      "signal": "GROSS MARGIN INFLECTION",
      "detail": "GM: +42.3% -> +11.9% -> +42.0% (reversal +30.1%)",
      "severity": "HIGH"
    },
    {
      "quarter": "2022-12 (Q4)",
      "signal": "YoY REVENUE GROWTH ACCELERATION",
      "detail": "YoY growth: -30.8% vs prior quarter YoY: -36.4% (accel: +5.6%)",
      "severity": "MEDIUM"
    },
    {
      "quarter": "2022-09 (Q3)",
      "signal": "YoY REVENUE GROWTH DECELERATION",
      "detail": "YoY growth: -36.4% vs prior quarter YoY: -22.7% (decel: -13.7%)",
      "severity": "WARNING"
    },
    {
      "quarter": "2022-06 (Q2)",
      "signal": "FCF TURNED POSITIVE",
      "detail": "FCF margin: -23.0% -> +18.7%",
      "severity": "HIGH"
    },
    {
      "quarter": "2022-06 (Q2)",
      "signal": "YoY REVENUE GROWTH DECELERATION",
      "detail": "YoY growth: -22.7% vs prior quarter YoY: -8.2% (decel: -14.5%)",
      "severity": "WARNING"
    },
    {
      "quarter": "2022-06 (Q2)",
      "signal": "OP MARGIN TURNED POSITIVE (YoY)",
      "detail": "Op margin: -9.4% (year-ago) -> +0.2%",
      "severity": "HIGH"
    },
    {
      "quarter": "2022-06 (Q2)",
      "signal": "OP MARGIN TURNED POSITIVE (QoQ)",
      "detail": "Op margin: -8.7% -> +0.2%",
      "severity": "HIGH"
    },
    {
      "quarter": "2022-03 (Q1)",
      "signal": "YoY REVENUE GROWTH DECELERATION",
      "detail": "YoY growth: -8.2% vs prior quarter YoY: +49.0% (decel: -57.2%)",
      "severity": "WARNING"
    },
    {
      "quarter": "2021-12 (Q4)",
      "signal": "FCF MARGIN EXPANSION",
      "detail": "FCF margin: -13.6% -> -1.8% (+11.8%)",
      "severity": "MEDIUM"
    },
    {
      "quarter": "2021-12 (Q4)",
      "signal": "GROSS MARGIN INFLECTION",
      "detail": "GM: +31.1% -> +23.6% -> +35.7% (reversal +12.1%)",
      "severity": "HIGH"
    },
    {
      "quarter": "2021-12 (Q4)",
      "signal": "INCREMENTAL MARGIN (YoY)",
      "detail": "YoY Incr OPM: +23.1% vs year-ago OPM: +3.7%",
      "severity": "MEDIUM"
    },
    {
      "quarter": "2021-12 (Q4)",
      "signal": "OP MARGIN TURNED POSITIVE (QoQ)",
      "detail": "Op margin: -15.9% -> +10.1%",
      "severity": "HIGH"
    }
  ],
  "data_quality": {
    "n_quarters": 20,
    "coverage": {
      "revenue": [
        20,
        20
      ],
      "gross_profit": [
        20,
        20
      ],
      "op_income": [
        20,
        20
      ],
      "fcf": [
        20,
        20
      ]
    },
    "gaps": [],
    "warnings": []
  },
  "market_cap": null,
  "source": "SEC EDGAR",
  "last_updated": "2026-02-02T23:53:47.432843",
  "sector": "Energy",
  "industry": "Oil & Gas Equipment & Services"
}