{
  "ticker": "KLXE",
  "name": "KLX Energy Services Holdings, Inc.",
  "quarters": [
    {
      "date": "2020-10-31T00:00:00",
      "quarter_label": "2020-10 (Q4)",
      "revenue": 70900000,
      "gross_profit": -9200000,
      "operating_income": -30400000,
      "net_income": -38300000,
      "opex": 21200000,
      "cogs": 80100000,
      "rd": 100000,
      "sga": 14300000,
      "fcf": -22900000,
      "ocf": -20300000,
      "capex": -2600000,
      "gross_margin": -0.12976022566995768,
      "op_margin": -0.4287729196050776,
      "fcf_margin": -0.3229901269393512
    },
    {
      "date": "2021-01-31T00:00:00",
      "quarter_label": "2021-01 (Q1)",
      "revenue": 86700000,
      "gross_profit": -7700000,
      "operating_income": -22300000,
      "net_income": -30400000,
      "opex": 14600000,
      "cogs": 94400000,
      "rd": 100000,
      "sga": 15300000,
      "fcf": -30200000,
      "ocf": -29100000,
      "capex": -1100000,
      "gross_margin": -0.08881199538638986,
      "op_margin": -0.25720876585928487,
      "fcf_margin": -0.34832756632064593,
      "op_leverage_ratio": Infinity,
      "fcf_margin_change": -0.025337439381294735
    },
    {
      "date": "2021-04-30T00:00:00",
      "quarter_label": "2021-04 (Q2)",
      "revenue": 90800000,
      "gross_profit": 2100000,
      "operating_income": -28900000,
      "net_income": -36800000,
      "opex": 31000000,
      "cogs": 88700000,
      "rd": 100000,
      "sga": 14900000,
      "fcf": -13500000,
      "ocf": -11300000,
      "capex": -2200000,
      "gross_margin": 0.023127753303964757,
      "op_margin": -0.31828193832599116,
      "fcf_margin": -0.1486784140969163,
      "op_leverage_ratio": 0.04209919261822376,
      "fcf_margin_change": 0.19964915222372964
    },
    {
      "date": "2021-07-31T00:00:00",
      "quarter_label": "2021-07 (Q3)",
      "revenue": 111900000,
      "gross_profit": 12700000,
      "operating_income": -16900000,
      "net_income": -25000000,
      "opex": 29600000,
      "cogs": 99200000,
      "rd": 100000,
      "sga": 14300000,
      "fcf": -29600000,
      "ocf": -26100000,
      "capex": -3500000,
      "gross_margin": 0.11349419124218052,
      "op_margin": -0.15102770330652368,
      "fcf_margin": -0.2645218945487042,
      "op_leverage_ratio": Infinity,
      "fcf_margin_change": -0.11584348045178788
    },
    {
      "date": "2021-10-31T00:00:00",
      "quarter_label": "2021-10 (Q4)",
      "revenue": 139000000,
      "gross_profit": 18300000,
      "operating_income": -10400000,
      "net_income": -18800000,
      "opex": 28700000,
      "cogs": 120700000,
      "rd": 200000,
      "sga": 14800000,
      "fcf": -7600000,
      "ocf": -5800000,
      "capex": -1800000,
      "gross_margin": 0.1316546762589928,
      "op_margin": -0.07482014388489208,
      "fcf_margin": -0.05467625899280575,
      "incr_op_margin_yoy": 0.2936857562408223,
      "rev_growth_yoy": 0.9605077574047954,
      "op_leverage_ratio": Infinity,
      "fcf_margin_change": 0.2098456355558984
    },
    {
      "date": "2022-03-31T00:00:00",
      "quarter_label": "2022-03 (Q1)",
      "revenue": 152300000,
      "gross_profit": 17300000,
      "operating_income": -11500000,
      "net_income": -19900000,
      "opex": 28800000,
      "cogs": 135000000,
      "rd": 100000,
      "sga": 15000000,
      "fcf": -12000000,
      "ocf": -6200000,
      "capex": -5800000,
      "gross_margin": 0.11359159553512804,
      "op_margin": -0.07550886408404466,
      "fcf_margin": -0.07879185817465528,
      "incr_op_margin_yoy": 0.28292682926829266,
      "rev_growth_yoy": 0.6773127753303965,
      "rev_growth_yoy_accel": -0.28319498207439897,
      "op_leverage_ratio": 27.461151079136688,
      "fcf_margin_change": -0.02411559918184953
    },
    {
      "date": "2022-06-30T00:00:00",
      "quarter_label": "2022-06 (Q2)",
      "revenue": 184400000,
      "gross_profit": 33500000,
      "operating_income": 1400000,
      "net_income": -7500000,
      "opex": 32100000,
      "cogs": 150900000,
      "rd": 100000,
      "sga": 18000000,
      "fcf": -16200000,
      "ocf": -8400000,
      "capex": -7800000,
      "gross_margin": 0.1816702819956616,
      "op_margin": 0.007592190889370932,
      "fcf_margin": -0.0878524945770065,
      "incr_op_margin_yoy": 0.2524137931034483,
      "rev_growth_yoy": 0.647899910634495,
      "rev_growth_yoy_accel": -0.02941286469590143,
      "op_leverage_ratio": 1.839431743568316,
      "fcf_margin_change": -0.009060636402351219
    },
    {
      "date": "2022-09-30T00:00:00",
      "quarter_label": "2022-09 (Q3)",
      "revenue": 221600000,
      "gross_profit": 52800000,
      "operating_income": 20400000,
      "net_income": 11100000,
      "opex": 32400000,
      "cogs": 168800000,
      "rd": 200000,
      "sga": 18000000,
      "fcf": 6000000,
      "ocf": 18500000,
      "capex": -12500000,
      "gross_margin": 0.23826714801444043,
      "op_margin": 0.09205776173285199,
      "fcf_margin": 0.02707581227436823,
      "incr_op_margin_yoy": 0.3728813559322034,
      "rev_growth_yoy": 0.5942446043165468,
      "rev_growth_yoy_accel": -0.05365530631794824,
      "op_leverage_ratio": 21.585683297180044,
      "fcf_margin_change": 0.11492830685137473
    },
    {
      "date": "2022-12-31T00:00:00",
      "quarter_label": "2022-12 (Q4)",
      "revenue": 223300000,
      "gross_profit": 56700000,
      "operating_income": 22200000,
      "net_income": 13200000,
      "opex": 34500000,
      "cogs": 166600000,
      "rd": 200000,
      "sga": 19400000,
      "fcf": 2300000,
      "ocf": 11800000,
      "capex": -9500000,
      "gross_margin": 0.25391849529780564,
      "op_margin": 0.09941782355575458,
      "fcf_margin": 0.010300044782803403,
      "fcf_margin_change": -0.016775767491564827
    },
    {
      "date": "2023-03-31T00:00:00",
      "quarter_label": "2023-03 (Q1)",
      "revenue": 239600000,
      "gross_profit": 58700000,
      "operating_income": 18900000,
      "net_income": 9400000,
      "opex": 39800000,
      "cogs": 180900000,
      "rd": 300000,
      "sga": 26200000,
      "fcf": -18900000,
      "ocf": -8600000,
      "capex": -10300000,
      "gross_margin": 0.24499165275459098,
      "op_margin": 0.07888146911519199,
      "fcf_margin": -0.07888146911519199,
      "incr_op_margin_yoy": 0.34822451317296677,
      "rev_growth_yoy": 0.5732107682206172,
      "op_leverage_ratio": 0.475162443282157,
      "fcf_margin_change": -0.08918151389799539
    },
    {
      "date": "2023-06-30T00:00:00",
      "quarter_label": "2023-06 (Q2)",
      "revenue": 234000000,
      "gross_profit": 60700000,
      "operating_income": 19600000,
      "net_income": 11400000,
      "opex": 41100000,
      "cogs": 173300000,
      "rd": 300000,
      "sga": 22000000,
      "fcf": 43800000,
      "ocf": 60000000,
      "capex": -16200000,
      "gross_margin": 0.2594017094017094,
      "op_margin": 0.08376068376068375,
      "fcf_margin": 0.18717948717948718,
      "incr_op_margin_yoy": 0.36693548387096775,
      "rev_growth_yoy": 0.26898047722342733,
      "rev_growth_yoy_accel": -0.3042302909971899,
      "fcf_margin_change": 0.2660609562946792
    },
    {
      "date": "2023-09-30T00:00:00",
      "quarter_label": "2023-09 (Q3)",
      "revenue": 220600000,
      "gross_profit": 54400000,
      "operating_income": 16400000,
      "net_income": 7600000,
      "opex": 38000000,
      "cogs": 166200000,
      "rd": 400000,
      "sga": 18600000,
      "fcf": 7800000,
      "ocf": 25600000,
      "capex": -17800000,
      "gross_margin": 0.24660018132366274,
      "op_margin": 0.0743427017225748,
      "fcf_margin": 0.03535811423390753,
      "rev_growth_yoy": -0.004512635379061372,
      "rev_growth_yoy_accel": -0.2734931126024887,
      "fcf_margin_change": -0.15182137294557965
    },
    {
      "date": "2023-12-31T00:00:00",
      "quarter_label": "2023-12 (Q4)",
      "revenue": 194200000,
      "gross_profit": 42100000,
      "operating_income": 2000000,
      "net_income": -9200000,
      "opex": 40100000,
      "cogs": 152100000,
      "rd": 400000,
      "sga": 19900000,
      "fcf": 25800000,
      "ocf": 38600000,
      "capex": -12800000,
      "gross_margin": 0.21678681771369723,
      "op_margin": 0.010298661174047374,
      "fcf_margin": 0.13285272914521112,
      "incr_op_margin_yoy": 0.6941580756013745,
      "rev_growth_yoy": -0.1303179579041648,
      "rev_growth_yoy_accel": -0.12580532252510343,
      "fcf_margin_change": 0.0974946149113036
    },
    {
      "date": "2024-03-31T00:00:00",
      "quarter_label": "2024-03 (Q1)",
      "revenue": 174700000,
      "gross_profit": 30700000,
      "operating_income": -13100000,
      "net_income": -22200000,
      "opex": 43800000,
      "cogs": 144000000,
      "rd": 300000,
      "sga": 21600000,
      "fcf": -24300000,
      "ocf": -10800000,
      "capex": -13500000,
      "gross_margin": 0.17572982255294792,
      "op_margin": -0.07498568975386377,
      "fcf_margin": -0.13909559244419004,
      "incr_op_margin_yoy": 0.4930662557781202,
      "rev_growth_yoy": -0.2708681135225376,
      "rev_growth_yoy_accel": -0.14055015561837278,
      "fcf_margin_change": -0.2719483215894012
    },
    {
      "date": "2024-06-30T00:00:00",
      "quarter_label": "2024-06 (Q2)",
      "revenue": 180200000,
      "gross_profit": 44200000,
      "operating_income": 1400000,
      "net_income": -8000000,
      "opex": 42800000,
      "cogs": 136000000,
      "rd": 300000,
      "sga": 19300000,
      "fcf": 6900000,
      "ocf": 22200000,
      "capex": -15300000,
      "gross_margin": 0.24528301886792453,
      "op_margin": 0.00776914539400666,
      "fcf_margin": 0.03829078801331853,
      "incr_op_margin_yoy": 0.3382899628252788,
      "rev_growth_yoy": -0.2299145299145299,
      "rev_growth_yoy_accel": 0.04095358360800769,
      "op_leverage_ratio": Infinity,
      "fcf_margin_change": 0.17738638045750857
    },
    {
      "date": "2024-09-30T00:00:00",
      "quarter_label": "2024-09 (Q3)",
      "revenue": 188900000,
      "gross_profit": 46600000,
      "operating_income": 1100000,
      "net_income": -8200000,
      "opex": 45500000,
      "cogs": 142300000,
      "rd": 400000,
      "sga": 21200000,
      "fcf": -4200000,
      "ocf": 16800000,
      "capex": -21000000,
      "gross_margin": 0.2466913710958179,
      "op_margin": 0.005823186871360508,
      "fcf_margin": -0.02223398623610376,
      "incr_op_margin_yoy": 0.48264984227129337,
      "rev_growth_yoy": -0.14369900271985495,
      "rev_growth_yoy_accel": 0.08621552719467496,
      "op_leverage_ratio": 0.7653224811937355,
      "fcf_margin_change": -0.06052477424942229
    },
    {
      "date": "2024-12-31T00:00:00",
      "quarter_label": "2024-12 (Q4)",
      "revenue": 165500000,
      "gross_profit": 38100000,
      "operating_income": -4900000,
      "net_income": -14600000,
      "opex": 43000000,
      "cogs": 127400000,
      "rd": 400000,
      "sga": 17500000,
      "fcf": 10700000,
      "ocf": 26000000,
      "capex": -15300000,
      "gross_margin": 0.23021148036253777,
      "op_margin": -0.029607250755287008,
      "fcf_margin": 0.06465256797583081,
      "incr_op_margin_yoy": 0.24041811846689895,
      "rev_growth_yoy": -0.1477857878475798,
      "rev_growth_yoy_accel": -0.004086785127724868,
      "fcf_margin_change": 0.08688655421193457
    },
    {
      "date": "2025-03-31T00:00:00",
      "quarter_label": "2025-03 (Q1)",
      "revenue": 154000000,
      "gross_profit": 30200000,
      "operating_income": -17700000,
      "net_income": -27900000,
      "opex": 47900000,
      "cogs": 123800000,
      "rd": 400000,
      "sga": 21600000,
      "fcf": -52600000,
      "ocf": -37600000,
      "capex": -15000000,
      "gross_margin": 0.1961038961038961,
      "op_margin": -0.11493506493506493,
      "fcf_margin": -0.34155844155844156,
      "incr_op_margin_yoy": 0.2222222222222222,
      "rev_growth_yoy": -0.11848883800801374,
      "rev_growth_yoy_accel": 0.029296949839566072,
      "fcf_margin_change": -0.40621100953427236
    },
    {
      "date": "2025-06-30T00:00:00",
      "quarter_label": "2025-06 (Q2)",
      "revenue": 159000000,
      "gross_profit": 33400000,
      "operating_income": -8700000,
      "net_income": -19900000,
      "opex": 42100000,
      "cogs": 125600000,
      "rd": 400000,
      "sga": 18000000,
      "fcf": 6400000,
      "ocf": 19100000,
      "capex": -12700000,
      "gross_margin": 0.21006289308176102,
      "op_margin": -0.05471698113207547,
      "fcf_margin": 0.04025157232704402,
      "incr_op_margin_yoy": 0.47641509433962265,
      "rev_growth_yoy": -0.11764705882352941,
      "rev_growth_yoy_accel": 0.0008417791844843314,
      "op_leverage_ratio": Infinity,
      "fcf_margin_change": 0.3818100138854856
    },
    {
      "date": "2025-09-30T00:00:00",
      "quarter_label": "2025-09 (Q3)",
      "revenue": 166700000,
      "gross_profit": 36200000,
      "operating_income": -3000000,
      "net_income": -14300000,
      "opex": 39200000,
      "cogs": 130500000,
      "rd": 400000,
      "sga": 15600000,
      "fcf": 1500000,
      "ocf": 13500000,
      "capex": -12000000,
      "gross_margin": 0.21715656868626274,
      "op_margin": -0.017996400719856028,
      "fcf_margin": 0.008998200359928014,
      "incr_op_margin_yoy": 0.18468468468468469,
      "rev_growth_yoy": -0.11752249867654843,
      "rev_growth_yoy_accel": 0.00012456014698097873,
      "op_leverage_ratio": Infinity,
      "fcf_margin_change": -0.03125337196711601
    }
  ],
  "signals": [
    {
      "quarter": "2025-06 (Q2)",
      "signal": "FCF TURNED POSITIVE",
      "detail": "FCF margin: -34.2% -> +4.0%",
      "severity": "HIGH"
    },
    {
      "quarter": "2024-12 (Q4)",
      "signal": "FCF TURNED POSITIVE",
      "detail": "FCF margin: -2.2% -> +6.5%",
      "severity": "HIGH"
    },
    {
      "quarter": "2024-09 (Q3)",
      "signal": "YoY REVENUE GROWTH ACCELERATION",
      "detail": "YoY growth: -14.4% vs prior quarter YoY: -23.0% (accel: +8.6%)",
      "severity": "MEDIUM"
    },
    {
      "quarter": "2024-09 (Q3)",
      "signal": "INCREMENTAL MARGIN (YoY)",
      "detail": "YoY Incr OPM: +48.3% vs year-ago OPM: +7.4%",
      "severity": "HIGH"
    },
    {
      "quarter": "2024-06 (Q2)",
      "signal": "FCF TURNED POSITIVE",
      "detail": "FCF margin: -13.9% -> +3.8%",
      "severity": "HIGH"
    },
    {
      "quarter": "2024-06 (Q2)",
      "signal": "GROSS MARGIN INFLECTION",
      "detail": "GM: +21.7% -> +17.6% -> +24.5% (reversal +7.0%)",
      "severity": "HIGH"
    },
    {
      "quarter": "2024-06 (Q2)",
      "signal": "INCREMENTAL MARGIN (YoY)",
      "detail": "YoY Incr OPM: +33.8% vs year-ago OPM: +8.4%",
      "severity": "HIGH"
    },
    {
      "quarter": "2024-06 (Q2)",
      "signal": "OP MARGIN TURNED POSITIVE (QoQ)",
      "detail": "Op margin: -7.5% -> +0.8%",
      "severity": "HIGH"
    },
    {
      "quarter": "2024-03 (Q1)",
      "signal": "YoY REVENUE GROWTH DECELERATION",
      "detail": "YoY growth: -27.1% vs prior quarter YoY: -13.0% (decel: -14.1%)",
      "severity": "WARNING"
    },
    {
      "quarter": "2023-12 (Q4)",
      "signal": "FCF MARGIN EXPANSION",
      "detail": "FCF margin: +3.5% -> +13.3% (+9.7%)",
      "severity": "MEDIUM"
    },
    {
      "quarter": "2023-12 (Q4)",
      "signal": "YoY REVENUE GROWTH DECELERATION",
      "detail": "YoY growth: -13.0% vs prior quarter YoY: -0.5% (decel: -12.6%)",
      "severity": "WARNING"
    },
    {
      "quarter": "2023-12 (Q4)",
      "signal": "INCREMENTAL MARGIN (YoY)",
      "detail": "YoY Incr OPM: +69.4% vs year-ago OPM: +9.9%",
      "severity": "HIGH"
    },
    {
      "quarter": "2023-09 (Q3)",
      "signal": "YoY REVENUE GROWTH DECELERATION",
      "detail": "YoY growth: -0.5% vs prior quarter YoY: +26.9% (decel: -27.3%)",
      "severity": "WARNING"
    },
    {
      "quarter": "2023-06 (Q2)",
      "signal": "FCF TURNED POSITIVE",
      "detail": "FCF margin: -7.9% -> +18.7%",
      "severity": "HIGH"
    },
    {
      "quarter": "2023-06 (Q2)",
      "signal": "YoY REVENUE GROWTH DECELERATION",
      "detail": "YoY growth: +26.9% vs prior quarter YoY: +57.3% (decel: -30.4%)",
      "severity": "WARNING"
    },
    {
      "quarter": "2023-06 (Q2)",
      "signal": "INCREMENTAL MARGIN (YoY)",
      "detail": "YoY Incr OPM: +36.7% vs year-ago OPM: +0.8%",
      "severity": "HIGH"
    },
    {
      "quarter": "2023-03 (Q1)",
      "signal": "OP MARGIN TURNED POSITIVE (YoY)",
      "detail": "Op margin: -7.6% (year-ago) -> +7.9%",
      "severity": "HIGH"
    },
    {
      "quarter": "2022-09 (Q3)",
      "signal": "FCF TURNED POSITIVE",
      "detail": "FCF margin: -8.8% -> +2.7%",
      "severity": "HIGH"
    },
    {
      "quarter": "2022-09 (Q3)",
      "signal": "OPERATING LEVERAGE",
      "detail": "Rev growth +20.2% vs OpEx growth +0.9% (leverage: 21.6x)",
      "severity": "MEDIUM"
    },
    {
      "quarter": "2022-09 (Q3)",
      "signal": "YoY REVENUE GROWTH DECELERATION",
      "detail": "YoY growth: +59.4% vs prior quarter YoY: +64.8% (decel: -5.4%)",
      "severity": "WARNING"
    },
    {
      "quarter": "2022-09 (Q3)",
      "signal": "OP MARGIN TURNED POSITIVE (YoY)",
      "detail": "Op margin: -7.5% (year-ago) -> +9.2%",
      "severity": "HIGH"
    },
    {
      "quarter": "2022-06 (Q2)",
      "signal": "OPERATING LEVERAGE",
      "detail": "Rev growth +21.1% vs OpEx growth +11.5% (leverage: 1.8x)",
      "severity": "MEDIUM"
    },
    {
      "quarter": "2022-06 (Q2)",
      "signal": "GROSS MARGIN INFLECTION",
      "detail": "GM: +13.2% -> +11.4% -> +18.2% (reversal +6.8%)",
      "severity": "HIGH"
    },
    {
      "quarter": "2022-06 (Q2)",
      "signal": "OP MARGIN TURNED POSITIVE (YoY)",
      "detail": "Op margin: -15.1% (year-ago) -> +0.8%",
      "severity": "HIGH"
    },
    {
      "quarter": "2022-06 (Q2)",
      "signal": "OP MARGIN TURNED POSITIVE (QoQ)",
      "detail": "Op margin: -7.6% -> +0.8%",
      "severity": "HIGH"
    },
    {
      "quarter": "2022-03 (Q1)",
      "signal": "OPERATING LEVERAGE",
      "detail": "Rev growth +9.6% vs OpEx growth +0.3% (leverage: 27.5x)",
      "severity": "MEDIUM"
    },
    {
      "quarter": "2022-03 (Q1)",
      "signal": "YoY REVENUE GROWTH DECELERATION",
      "detail": "YoY growth: +67.7% vs prior quarter YoY: +96.1% (decel: -28.3%)",
      "severity": "WARNING"
    },
    {
      "quarter": "2021-10 (Q4)",
      "signal": "FCF MARGIN EXPANSION",
      "detail": "FCF margin: -26.5% -> -5.5% (+21.0%)",
      "severity": "MEDIUM"
    },
    {
      "quarter": "2021-04 (Q2)",
      "signal": "FCF MARGIN EXPANSION",
      "detail": "FCF margin: -34.8% -> -14.9% (+20.0%)",
      "severity": "MEDIUM"
    }
  ],
  "data_quality": {
    "n_quarters": 20,
    "coverage": {
      "revenue": [
        20,
        20
      ],
      "gross_profit": [
        20,
        20
      ],
      "op_income": [
        20,
        20
      ],
      "fcf": [
        20,
        20
      ]
    },
    "gaps": [
      [
        "2021-10 (Q4)",
        "2022-03 (Q1)",
        151
      ]
    ],
    "warnings": [
      "gap: 1Q missing between 2021-10 (Q4) and 2022-03 (Q1)"
    ]
  },
  "market_cap": null,
  "source": "SEC EDGAR",
  "last_updated": "2026-02-02T23:38:23.785851"
}