{
  "ticker": "KN",
  "name": "Knowles Corporation",
  "sector": "Technology",
  "industry": "Electronic Components",
  "quarters": [
    {
      "date": "2021-03-31T00:00:00",
      "quarter_label": "2021-03 (Q1)",
      "revenue": 201000000,
      "gross_profit": 78000000,
      "operating_income": 18300000,
      "net_income": 12500000,
      "opex": 59700000,
      "cogs": 123000000,
      "rd": 23300000,
      "sga": 36200000,
      "fcf": 34500000,
      "ocf": 39700000,
      "capex": -5200000,
      "gross_margin": 0.3880597014925373,
      "op_margin": 0.09104477611940298,
      "fcf_margin": 0.17164179104477612
    },
    {
      "date": "2021-06-30T00:00:00",
      "quarter_label": "2021-06 (Q2)",
      "revenue": 199800000,
      "gross_profit": 83700000,
      "operating_income": 22300000,
      "net_income": 17600000,
      "opex": 61400000,
      "cogs": 116100000,
      "rd": 24600000,
      "sga": 36700000,
      "fcf": 10500000,
      "ocf": 21300000,
      "capex": -10800000,
      "gross_margin": 0.4189189189189189,
      "op_margin": 0.11161161161161161,
      "fcf_margin": 0.052552552552552555,
      "fcf_margin_change": -0.11908923849222355
    },
    {
      "date": "2021-09-30T00:00:00",
      "quarter_label": "2021-09 (Q3)",
      "revenue": 233000000,
      "gross_profit": 96900000,
      "operating_income": 34600000,
      "net_income": 27700000,
      "opex": 62300000,
      "cogs": 136100000,
      "rd": 22300000,
      "sga": 36000000,
      "fcf": 43400000,
      "ocf": 55600000,
      "capex": -12200000,
      "gross_margin": 0.41587982832618026,
      "op_margin": 0.14849785407725322,
      "fcf_margin": 0.18626609442060085,
      "op_leverage_ratio": 11.336225114002893,
      "fcf_margin_change": 0.1337135418680483
    },
    {
      "date": "2021-12-31T00:00:00",
      "quarter_label": "2021-12 (Q4)",
      "revenue": 234300000,
      "gross_profit": 100900000,
      "operating_income": 40600000,
      "net_income": 92600000,
      "opex": 60300000,
      "cogs": 133400000,
      "rd": 22600000,
      "sga": 37500000,
      "fcf": null,
      "ocf": null,
      "capex": -20400000,
      "gross_margin": 0.430644472897994,
      "op_margin": 0.17328211694408877,
      "fcf_margin": null
    },
    {
      "date": "2022-03-31T00:00:00",
      "quarter_label": "2022-03 (Q1)",
      "revenue": 201400000,
      "gross_profit": 83300000,
      "operating_income": 21300000,
      "net_income": 18100000,
      "opex": 62000000,
      "cogs": 118100000,
      "rd": 23100000,
      "sga": 32300000,
      "fcf": -6000000,
      "ocf": 800000,
      "capex": -6800000,
      "gross_margin": 0.41360476663356505,
      "op_margin": 0.105759682224429,
      "fcf_margin": -0.029791459781529295,
      "rev_growth_yoy": 0.001990049751243781
    },
    {
      "date": "2022-06-30T00:00:00",
      "quarter_label": "2022-06 (Q2)",
      "revenue": 188000000,
      "gross_profit": 77700000,
      "operating_income": -214600000,
      "net_income": -242900000,
      "opex": 292300000,
      "cogs": 110300000,
      "rd": 21300000,
      "sga": 30700000,
      "fcf": 12500000,
      "ocf": 19600000,
      "capex": -7100000,
      "gross_margin": 0.41329787234042553,
      "op_margin": -1.1414893617021276,
      "fcf_margin": 0.06648936170212766,
      "incr_op_margin_yoy": 20.076271186440678,
      "rev_growth_yoy": -0.05905905905905906,
      "rev_growth_yoy_accel": -0.06104910881030284,
      "fcf_margin_change": 0.09628082148365695
    },
    {
      "date": "2022-09-30T00:00:00",
      "quarter_label": "2022-09 (Q3)",
      "revenue": 178200000,
      "gross_profit": 40000000,
      "operating_income": -14600000,
      "net_income": 2700000,
      "opex": 54600000,
      "cogs": 110100000,
      "rd": 19300000,
      "sga": 32600000,
      "fcf": 8300000,
      "ocf": 19100000,
      "capex": -10800000,
      "gross_margin": 0.2244668911335578,
      "op_margin": -0.0819304152637486,
      "fcf_margin": 0.04657687991021325,
      "incr_op_margin_yoy": 0.8978102189781022,
      "rev_growth_yoy": -0.2351931330472103,
      "rev_growth_yoy_accel": -0.17613407398815123,
      "fcf_margin_change": -0.019912481791914412
    },
    {
      "date": "2022-12-31T00:00:00",
      "quarter_label": "2022-12 (Q4)",
      "revenue": 197100000,
      "gross_profit": 75300000,
      "operating_income": -206900000,
      "net_income": -208000000,
      "opex": 282200000,
      "cogs": 117700000,
      "rd": 18000000,
      "sga": 33300000,
      "fcf": null,
      "ocf": null,
      "capex": -7400000,
      "gross_margin": 0.3820395738203957,
      "op_margin": -1.049720953830543,
      "fcf_margin": null,
      "incr_op_margin_yoy": 6.653225806451613,
      "rev_growth_yoy": -0.1587708066581306,
      "rev_growth_yoy_accel": 0.0764223263890797,
      "op_leverage_ratio": 0.02544336155935453
    },
    {
      "date": "2023-03-31T00:00:00",
      "quarter_label": "2023-03 (Q1)",
      "revenue": 144300000,
      "gross_profit": 53800000,
      "operating_income": -1000000,
      "net_income": -5200000,
      "opex": 54800000,
      "cogs": 90400000,
      "rd": 20000000,
      "sga": 33800000,
      "fcf": 18000000,
      "ocf": 21900000,
      "capex": -3900000,
      "gross_margin": 0.3728343728343728,
      "op_margin": -0.00693000693000693,
      "fcf_margin": 0.12474012474012475,
      "incr_op_margin_yoy": 0.3905429071803853,
      "rev_growth_yoy": -0.28351539225422046,
      "rev_growth_yoy_accel": -0.12474458559608986
    },
    {
      "date": "2023-06-30T00:00:00",
      "quarter_label": "2023-06 (Q2)",
      "revenue": 173000000,
      "gross_profit": 73700000,
      "operating_income": 16900000,
      "net_income": 13600000,
      "opex": 56800000,
      "cogs": 105800000,
      "rd": 19700000,
      "sga": 36500000,
      "fcf": -3500000,
      "ocf": 500000,
      "capex": -4000000,
      "gross_margin": 0.4260115606936416,
      "op_margin": 0.09768786127167631,
      "fcf_margin": -0.02023121387283237,
      "incr_op_margin_yoy": -15.433333333333334,
      "rev_growth_yoy": -0.0797872340425532,
      "rev_growth_yoy_accel": 0.20372815821166726,
      "op_leverage_ratio": 5.44961884961885,
      "fcf_margin_change": -0.1449713386129571
    },
    {
      "date": "2023-09-30T00:00:00",
      "quarter_label": "2023-09 (Q3)",
      "revenue": 175100000,
      "gross_profit": 77500000,
      "operating_income": 21600000,
      "net_income": 16600000,
      "opex": 55900000,
      "cogs": 102700000,
      "rd": 19800000,
      "sga": 34600000,
      "fcf": 36000000,
      "ocf": 39900000,
      "capex": -3900000,
      "gross_margin": 0.442604226156482,
      "op_margin": 0.12335808109651628,
      "fcf_margin": 0.20559680182752713,
      "incr_op_margin_yoy": -11.67741935483871,
      "rev_growth_yoy": -0.01739618406285073,
      "rev_growth_yoy_accel": 0.06239104997970246,
      "op_leverage_ratio": null,
      "fcf_margin_change": 0.22582801570035949
    },
    {
      "date": "2023-12-31T00:00:00",
      "quarter_label": "2023-12 (Q4)",
      "revenue": 215200000,
      "gross_profit": 78400000,
      "operating_income": 13600000,
      "net_income": 47400000,
      "opex": 64800000,
      "cogs": 136600000,
      "rd": 19000000,
      "sga": 45400000,
      "fcf": null,
      "ocf": null,
      "capex": -5100000,
      "gross_margin": 0.3643122676579926,
      "op_margin": 0.06319702602230483,
      "fcf_margin": null,
      "incr_op_margin_yoy": 12.182320441988951,
      "rev_growth_yoy": 0.09183155758498224,
      "rev_growth_yoy_accel": 0.10922774164783297,
      "op_leverage_ratio": 1.4384011704387223
    },
    {
      "date": "2024-03-31T00:00:00",
      "quarter_label": "2024-03 (Q1)",
      "revenue": 196400000,
      "gross_profit": 69900000,
      "operating_income": 4300000,
      "net_income": 2500000,
      "opex": 65600000,
      "cogs": 125500000,
      "rd": 20600000,
      "sga": 43500000,
      "fcf": 13900000,
      "ocf": 17300000,
      "capex": -3400000,
      "gross_margin": 0.3559063136456212,
      "op_margin": 0.02189409368635438,
      "fcf_margin": 0.07077393075356415,
      "incr_op_margin_yoy": 0.1017274472168906,
      "rev_growth_yoy": 0.36105336105336105,
      "rev_growth_yoy_accel": 0.2692218034683788
    },
    {
      "date": "2024-06-30T00:00:00",
      "quarter_label": "2024-06 (Q2)",
      "revenue": 204700000,
      "gross_profit": 77600000,
      "operating_income": -235600000,
      "net_income": -259300000,
      "opex": 313200000,
      "cogs": 127900000,
      "rd": 20900000,
      "sga": 43000000,
      "fcf": 21700000,
      "ocf": 24900000,
      "capex": -3200000,
      "gross_margin": 0.3790913531998046,
      "op_margin": -1.15095261358085,
      "fcf_margin": 0.10600879335613092,
      "incr_op_margin_yoy": -7.965299684542587,
      "rev_growth_yoy": 0.18323699421965317,
      "rev_growth_yoy_accel": -0.17781636683370788,
      "op_leverage_ratio": 0.011196693964708862,
      "fcf_margin_change": 0.035234862602566766
    },
    {
      "date": "2024-09-30T00:00:00",
      "quarter_label": "2024-09 (Q3)",
      "revenue": 142500000,
      "gross_profit": 62900000,
      "operating_income": 18700000,
      "net_income": 500000,
      "opex": 44200000,
      "cogs": 79500000,
      "rd": 10200000,
      "sga": 33900000,
      "fcf": 49100000,
      "ocf": 52800000,
      "capex": -3700000,
      "gross_margin": 0.4414035087719298,
      "op_margin": 0.1312280701754386,
      "fcf_margin": 0.34456140350877196,
      "incr_op_margin_yoy": 0.08895705521472393,
      "rev_growth_yoy": -0.1861793260993718,
      "rev_growth_yoy_accel": -0.36941632031902494,
      "fcf_margin_change": 0.23855261015264104
    },
    {
      "date": "2024-12-31T00:00:00",
      "quarter_label": "2024-12 (Q4)",
      "revenue": 142500000,
      "gross_profit": 60900000,
      "operating_income": 15400000,
      "net_income": 18500000,
      "opex": 45500000,
      "cogs": 81100000,
      "rd": 10300000,
      "sga": 35200000,
      "fcf": null,
      "ocf": null,
      "capex": -3300000,
      "gross_margin": 0.42736842105263156,
      "op_margin": 0.1080701754385965,
      "fcf_margin": null,
      "incr_op_margin_yoy": -0.024759284731774415,
      "rev_growth_yoy": -0.3378252788104089,
      "rev_growth_yoy_accel": -0.15164595271103712
    },
    {
      "date": "2025-03-31T00:00:00",
      "quarter_label": "2025-03 (Q1)",
      "revenue": 132200000,
      "gross_profit": 53300000,
      "operating_income": 4000000,
      "net_income": -2000000,
      "opex": 49300000,
      "cogs": 78400000,
      "rd": 9700000,
      "sga": 37200000,
      "fcf": -2700000,
      "ocf": 1300000,
      "capex": -4000000,
      "gross_margin": 0.4031770045385779,
      "op_margin": 0.030257186081694403,
      "fcf_margin": -0.02042360060514372,
      "incr_op_margin_yoy": 0.004672897196261682,
      "rev_growth_yoy": -0.3268839103869654,
      "rev_growth_yoy_accel": 0.01094136842344351
    },
    {
      "date": "2025-06-30T00:00:00",
      "quarter_label": "2025-06 (Q2)",
      "revenue": 145900000,
      "gross_profit": 60600000,
      "operating_income": 14700000,
      "net_income": 7800000,
      "opex": 45900000,
      "cogs": 81700000,
      "rd": 10000000,
      "sga": 35900000,
      "fcf": 31300000,
      "ocf": 36400000,
      "capex": -5100000,
      "gross_margin": 0.4153529814941741,
      "op_margin": 0.10075394105551748,
      "fcf_margin": 0.2145305003427005,
      "incr_op_margin_yoy": -4.256802721088436,
      "rev_growth_yoy": -0.2872496336101612,
      "rev_growth_yoy_accel": 0.0396342767768042,
      "op_leverage_ratio": null,
      "fcf_margin_change": 0.23495410094784422
    },
    {
      "date": "2025-09-30T00:00:00",
      "quarter_label": "2025-09 (Q3)",
      "revenue": 152900000,
      "gross_profit": 69900000,
      "operating_income": 25800000,
      "net_income": 17400000,
      "opex": 44100000,
      "cogs": 82800000,
      "rd": 10000000,
      "sga": 34000000,
      "fcf": 21400000,
      "ocf": 29100000,
      "capex": -7700000,
      "gross_margin": 0.45716154349247873,
      "op_margin": 0.16873773708306083,
      "fcf_margin": 0.13996075866579463,
      "incr_op_margin_yoy": 0.6826923076923077,
      "rev_growth_yoy": 0.07298245614035087,
      "rev_growth_yoy_accel": 0.3602320897505121,
      "op_leverage_ratio": null,
      "fcf_margin_change": -0.07456974167690586
    },
    {
      "date": "2025-12-31T00:00:00",
      "quarter_label": "2025-12 (Q4)",
      "revenue": 162200000,
      "gross_profit": 72500000,
      "operating_income": 25800000,
      "net_income": 21000000,
      "opex": 46700000,
      "cogs": 89600000,
      "rd": 10500000,
      "sga": 35700000,
      "fcf": null,
      "ocf": null,
      "capex": -15300000,
      "gross_margin": 0.4469790382244143,
      "op_margin": 0.15906288532675708,
      "fcf_margin": null,
      "incr_op_margin_yoy": 0.5279187817258884,
      "rev_growth_yoy": 0.13824561403508773,
      "rev_growth_yoy_accel": 0.06526315789473686,
      "op_leverage_ratio": 1.031669769079841
    }
  ],
  "signals": [
    {
      "quarter": "2025-12 (Q4)",
      "signal": "YoY REVENUE GROWTH ACCELERATION",
      "detail": "YoY growth: +13.8% vs prior quarter YoY: +7.3% (accel: +6.5%)",
      "severity": "MEDIUM"
    },
    {
      "quarter": "2025-12 (Q4)",
      "signal": "INCREMENTAL MARGIN (YoY)",
      "detail": "YoY Incr OPM: +52.8% vs year-ago OPM: +10.8%",
      "severity": "HIGH"
    },
    {
      "quarter": "2025-09 (Q3)",
      "signal": "YoY REVENUE GROWTH ACCELERATION",
      "detail": "YoY growth: +7.3% vs prior quarter YoY: -28.7% (accel: +36.0%)",
      "severity": "HIGH"
    },
    {
      "quarter": "2025-09 (Q3)",
      "signal": "INCREMENTAL MARGIN (YoY)",
      "detail": "YoY Incr OPM: +68.3% vs year-ago OPM: +13.1%",
      "severity": "HIGH"
    },
    {
      "quarter": "2025-06 (Q2)",
      "signal": "FCF TURNED POSITIVE",
      "detail": "FCF margin: -2.0% -> +21.5%",
      "severity": "HIGH"
    },
    {
      "quarter": "2025-06 (Q2)",
      "signal": "OP MARGIN TURNED POSITIVE (YoY)",
      "detail": "Op margin: -115.1% (year-ago) -> +10.1%",
      "severity": "HIGH"
    },
    {
      "quarter": "2024-12 (Q4)",
      "signal": "YoY REVENUE GROWTH DECELERATION",
      "detail": "YoY growth: -33.8% vs prior quarter YoY: -18.6% (decel: -15.2%)",
      "severity": "WARNING"
    },
    {
      "quarter": "2024-09 (Q3)",
      "signal": "FCF MARGIN EXPANSION",
      "detail": "FCF margin: +10.6% -> +34.5% (+23.9%)",
      "severity": "MEDIUM"
    },
    {
      "quarter": "2024-09 (Q3)",
      "signal": "YoY REVENUE GROWTH DECELERATION",
      "detail": "YoY growth: -18.6% vs prior quarter YoY: +18.3% (decel: -36.9%)",
      "severity": "WARNING"
    },
    {
      "quarter": "2024-09 (Q3)",
      "signal": "OP MARGIN TURNED POSITIVE (QoQ)",
      "detail": "Op margin: -115.1% -> +13.1%",
      "severity": "HIGH"
    },
    {
      "quarter": "2024-06 (Q2)",
      "signal": "GROSS MARGIN INFLECTION",
      "detail": "GM: +36.4% -> +35.6% -> +37.9% (reversal +2.3%)",
      "severity": "MEDIUM"
    },
    {
      "quarter": "2024-06 (Q2)",
      "signal": "YoY REVENUE GROWTH DECELERATION",
      "detail": "YoY growth: +18.3% vs prior quarter YoY: +36.1% (decel: -17.8%)",
      "severity": "WARNING"
    },
    {
      "quarter": "2024-03 (Q1)",
      "signal": "YoY REVENUE GROWTH ACCELERATION",
      "detail": "YoY growth: +36.1% vs prior quarter YoY: +9.2% (accel: +26.9%)",
      "severity": "HIGH"
    },
    {
      "quarter": "2024-03 (Q1)",
      "signal": "OP MARGIN TURNED POSITIVE (YoY)",
      "detail": "Op margin: -0.7% (year-ago) -> +2.2%",
      "severity": "HIGH"
    },
    {
      "quarter": "2023-12 (Q4)",
      "signal": "YoY REVENUE GROWTH ACCELERATION",
      "detail": "YoY growth: +9.2% vs prior quarter YoY: -1.7% (accel: +10.9%)",
      "severity": "MEDIUM"
    },
    {
      "quarter": "2023-12 (Q4)",
      "signal": "OP MARGIN TURNED POSITIVE (YoY)",
      "detail": "Op margin: -105.0% (year-ago) -> +6.3%",
      "severity": "HIGH"
    },
    {
      "quarter": "2023-09 (Q3)",
      "signal": "FCF TURNED POSITIVE",
      "detail": "FCF margin: -2.0% -> +20.6%",
      "severity": "HIGH"
    },
    {
      "quarter": "2023-09 (Q3)",
      "signal": "YoY REVENUE GROWTH ACCELERATION",
      "detail": "YoY growth: -1.7% vs prior quarter YoY: -8.0% (accel: +6.2%)",
      "severity": "MEDIUM"
    },
    {
      "quarter": "2023-09 (Q3)",
      "signal": "OP MARGIN TURNED POSITIVE (YoY)",
      "detail": "Op margin: -8.2% (year-ago) -> +12.3%",
      "severity": "HIGH"
    },
    {
      "quarter": "2023-06 (Q2)",
      "signal": "OPERATING LEVERAGE",
      "detail": "Rev growth +19.9% vs OpEx growth +3.6% (leverage: 5.4x)",
      "severity": "MEDIUM"
    },
    {
      "quarter": "2023-06 (Q2)",
      "signal": "GROSS MARGIN INFLECTION",
      "detail": "GM: +38.2% -> +37.3% -> +42.6% (reversal +5.3%)",
      "severity": "HIGH"
    },
    {
      "quarter": "2023-06 (Q2)",
      "signal": "YoY REVENUE GROWTH ACCELERATION",
      "detail": "YoY growth: -8.0% vs prior quarter YoY: -28.4% (accel: +20.4%)",
      "severity": "HIGH"
    },
    {
      "quarter": "2023-06 (Q2)",
      "signal": "OP MARGIN TURNED POSITIVE (YoY)",
      "detail": "Op margin: -114.1% (year-ago) -> +9.8%",
      "severity": "HIGH"
    },
    {
      "quarter": "2023-06 (Q2)",
      "signal": "OP MARGIN TURNED POSITIVE (QoQ)",
      "detail": "Op margin: -0.7% -> +9.8%",
      "severity": "HIGH"
    },
    {
      "quarter": "2023-03 (Q1)",
      "signal": "YoY REVENUE GROWTH DECELERATION",
      "detail": "YoY growth: -28.4% vs prior quarter YoY: -15.9% (decel: -12.5%)",
      "severity": "WARNING"
    },
    {
      "quarter": "2022-12 (Q4)",
      "signal": "GROSS MARGIN INFLECTION",
      "detail": "GM: +41.3% -> +22.4% -> +38.2% (reversal +15.8%)",
      "severity": "HIGH"
    },
    {
      "quarter": "2022-12 (Q4)",
      "signal": "YoY REVENUE GROWTH ACCELERATION",
      "detail": "YoY growth: -15.9% vs prior quarter YoY: -23.5% (accel: +7.6%)",
      "severity": "MEDIUM"
    },
    {
      "quarter": "2022-09 (Q3)",
      "signal": "YoY REVENUE GROWTH DECELERATION",
      "detail": "YoY growth: -23.5% vs prior quarter YoY: -5.9% (decel: -17.6%)",
      "severity": "WARNING"
    },
    {
      "quarter": "2022-06 (Q2)",
      "signal": "FCF TURNED POSITIVE",
      "detail": "FCF margin: -3.0% -> +6.6%",
      "severity": "HIGH"
    },
    {
      "quarter": "2022-06 (Q2)",
      "signal": "YoY REVENUE GROWTH DECELERATION",
      "detail": "YoY growth: -5.9% vs prior quarter YoY: +0.2% (decel: -6.1%)",
      "severity": "WARNING"
    },
    {
      "quarter": "2021-09 (Q3)",
      "signal": "FCF MARGIN EXPANSION",
      "detail": "FCF margin: +5.3% -> +18.6% (+13.4%)",
      "severity": "MEDIUM"
    },
    {
      "quarter": "2021-09 (Q3)",
      "signal": "OPERATING LEVERAGE",
      "detail": "Rev growth +16.6% vs OpEx growth +1.5% (leverage: 11.3x)",
      "severity": "MEDIUM"
    }
  ],
  "data_quality": {
    "n_quarters": 20,
    "coverage": {
      "revenue": [
        20,
        20
      ],
      "gross_profit": [
        20,
        20
      ],
      "op_income": [
        20,
        20
      ],
      "fcf": [
        15,
        20
      ]
    },
    "gaps": [],
    "warnings": [
      "fcf: 15/20Q"
    ]
  },
  "market_cap": null,
  "source": "SEC EDGAR",
  "last_updated": "2026-02-24T11:06:48.297544"
}