{
  "ticker": "KNTK",
  "name": "KINETIK HOLDINGS INC.",
  "quarters": [
    {
      "date": "2020-12-31T00:00:00",
      "quarter_label": "2020-12 (Q4)",
      "revenue": 35257000,
      "gross_profit": null,
      "operating_income": 12235000,
      "net_income": null,
      "opex": 23022000,
      "cogs": null,
      "rd": null,
      "sga": null,
      "fcf": -187234000,
      "ocf": -35351000,
      "capex": -151883000,
      "gross_margin": null,
      "op_margin": 0.3470232861559407,
      "fcf_margin": -5.310548259920016
    },
    {
      "date": "2021-03-31T00:00:00",
      "quarter_label": "2021-03 (Q1)",
      "revenue": 34146000,
      "gross_profit": -2859000,
      "operating_income": 13047000,
      "net_income": null,
      "opex": 21099000,
      "cogs": 37005000,
      "rd": null,
      "sga": null,
      "fcf": 21841000,
      "ocf": 41594000,
      "capex": -19753000,
      "gross_margin": -0.08372869442980144,
      "op_margin": 0.3820945352310666,
      "fcf_margin": 0.6396356820711064,
      "fcf_margin_change": 5.950183941991122
    },
    {
      "date": "2021-06-30T00:00:00",
      "quarter_label": "2021-06 (Q2)",
      "revenue": 35593000,
      "gross_profit": -7910000,
      "operating_income": 13606000,
      "net_income": null,
      "opex": 21987000,
      "cogs": 43503000,
      "rd": null,
      "sga": null,
      "fcf": 32998000,
      "ocf": 52616000,
      "capex": -19618000,
      "gross_margin": -0.22223470907200854,
      "op_margin": 0.38226617593347006,
      "fcf_margin": 0.9270924058101312,
      "op_leverage_ratio": 1.0068797381989263,
      "fcf_margin_change": 0.28745672373902476
    },
    {
      "date": "2021-09-30T00:00:00",
      "quarter_label": "2021-09 (Q3)",
      "revenue": 34548000,
      "gross_profit": -25955000,
      "operating_income": 14590000,
      "net_income": null,
      "opex": 19958000,
      "cogs": 60503000,
      "rd": null,
      "sga": null,
      "fcf": 43902000,
      "ocf": 65140000,
      "capex": -21238000,
      "gross_margin": -0.7512735903670256,
      "op_margin": 0.42231098761143915,
      "fcf_margin": 1.2707537339353943,
      "fcf_margin_change": 0.34366132812526307
    },
    {
      "date": "2021-12-31T00:00:00",
      "quarter_label": "2021-12 (Q4)",
      "revenue": 56330000,
      "gross_profit": -36278000,
      "operating_income": 24369000,
      "net_income": null,
      "opex": 31961000,
      "cogs": 92608000,
      "rd": null,
      "sga": null,
      "fcf": 58798000,
      "ocf": 76219000,
      "capex": -17421000,
      "gross_margin": -0.6440262737440086,
      "op_margin": 0.4326113971240902,
      "fcf_margin": 1.0438132433871827,
      "incr_op_margin_yoy": 0.5758079058510891,
      "rev_growth_yoy": 0.5976969112516664,
      "op_leverage_ratio": 1.0483397540487904,
      "fcf_margin_change": -0.22694049054821153
    },
    {
      "date": "2022-03-31T00:00:00",
      "quarter_label": "2022-03 (Q1)",
      "revenue": 257249000,
      "gross_profit": 136974000,
      "operating_income": 19065000,
      "net_income": 140791000,
      "opex": 238184000,
      "cogs": 120275000,
      "rd": null,
      "sga": null,
      "fcf": 69159000,
      "ocf": 98393000,
      "capex": -29234000,
      "gross_margin": 0.5324568802988544,
      "op_margin": 0.07411107526171141,
      "fcf_margin": 0.268840695201925,
      "incr_op_margin_yoy": 0.0269740882014137,
      "rev_growth_yoy": 6.533796052246236,
      "rev_growth_yoy_accel": 5.93609914099457,
      "op_leverage_ratio": 0.5527955208741262,
      "fcf_margin_change": -0.7749725481852577
    },
    {
      "date": "2022-06-30T00:00:00",
      "quarter_label": "2022-06 (Q2)",
      "revenue": 335572000,
      "gross_profit": 182858000,
      "operating_income": 40611000,
      "net_income": 207918000,
      "opex": 294961000,
      "cogs": 152714000,
      "rd": null,
      "sga": null,
      "fcf": 128330000,
      "ocf": 170525000,
      "capex": -42195000,
      "gross_margin": 0.5449143551905403,
      "op_margin": 0.12102022814775965,
      "fcf_margin": 0.38242165615724794,
      "incr_op_margin_yoy": 0.09002296827444588,
      "rev_growth_yoy": 8.428033602112775,
      "rev_growth_yoy_accel": 1.8942375498665385,
      "op_leverage_ratio": 1.2772495597209605,
      "fcf_margin_change": 0.11358096095532294
    },
    {
      "date": "2022-09-30T00:00:00",
      "quarter_label": "2022-09 (Q3)",
      "revenue": 325176000,
      "gross_profit": 179968000,
      "operating_income": 45801000,
      "net_income": 212370000,
      "opex": 279375000,
      "cogs": 145208000,
      "rd": null,
      "sga": null,
      "fcf": 95277000,
      "ocf": 184326000,
      "capex": -89049000,
      "gross_margin": 0.5534479789406352,
      "op_margin": 0.1408498782197948,
      "fcf_margin": 0.29300132851132926,
      "incr_op_margin_yoy": 0.10739157961380183,
      "rev_growth_yoy": 8.41229593608892,
      "rev_growth_yoy_accel": -0.015737666023854402,
      "fcf_margin_change": -0.08942032764591867
    },
    {
      "date": "2022-12-31T00:00:00",
      "quarter_label": "2022-12 (Q4)",
      "revenue": 295493000,
      "gross_profit": 172172000,
      "operating_income": 45012000,
      "net_income": null,
      "opex": -658261000,
      "cogs": 123321000,
      "rd": null,
      "sga": null,
      "fcf": 114080000,
      "ocf": 159762000,
      "capex": -45682000,
      "gross_margin": 0.5826601645385847,
      "op_margin": 0.15232848155455458,
      "fcf_margin": 0.38606667501429814,
      "incr_op_margin_yoy": 0.08631351839540397,
      "rev_growth_yoy": 4.245748269128351,
      "rev_growth_yoy_accel": -4.16654766696057,
      "fcf_margin_change": 0.09306534650296888
    },
    {
      "date": "2023-03-31T00:00:00",
      "quarter_label": "2023-03 (Q1)",
      "revenue": 281040000,
      "gross_profit": 165163000,
      "operating_income": 27265000,
      "net_income": 187487000,
      "opex": 253775000,
      "cogs": 115877000,
      "rd": null,
      "sga": null,
      "fcf": 60729000,
      "ocf": 119591000,
      "capex": -58862000,
      "gross_margin": 0.5876850270424139,
      "op_margin": 0.09701465983489894,
      "fcf_margin": 0.2160866780529462,
      "incr_op_margin_yoy": 0.34466815182211763,
      "rev_growth_yoy": 0.0924823808838907,
      "rev_growth_yoy_accel": -4.1532658882444595,
      "fcf_margin_change": -0.16997999696135194
    },
    {
      "date": "2023-06-30T00:00:00",
      "quarter_label": "2023-06 (Q2)",
      "revenue": 296203000,
      "gross_profit": 185736000,
      "operating_income": 37453000,
      "net_income": 207985000,
      "opex": 258750000,
      "cogs": 110467000,
      "rd": null,
      "sga": null,
      "fcf": 10151000,
      "ocf": 111456000,
      "capex": -101305000,
      "gross_margin": 0.6270564443979298,
      "op_margin": 0.1264436889565602,
      "fcf_margin": 0.034270415897205635,
      "incr_op_margin_yoy": 0.08021539790190252,
      "rev_growth_yoy": -0.11731908502497229,
      "rev_growth_yoy_accel": -0.209801465908863,
      "op_leverage_ratio": 2.7521541131504375,
      "fcf_margin_change": -0.18181626215574057
    },
    {
      "date": "2023-09-30T00:00:00",
      "quarter_label": "2023-09 (Q3)",
      "revenue": 330301000,
      "gross_profit": 182545000,
      "operating_income": 38400000,
      "net_income": 215324000,
      "opex": 0,
      "cogs": 147756000,
      "rd": null,
      "sga": null,
      "fcf": 88907000,
      "ocf": 174538000,
      "capex": -85631000,
      "gross_margin": 0.5526625714121361,
      "op_margin": 0.11625759534485212,
      "fcf_margin": 0.26916963618033246,
      "incr_op_margin_yoy": -1.4440975609756097,
      "rev_growth_yoy": 0.01576069574630354,
      "rev_growth_yoy_accel": 0.13307978077127583,
      "op_leverage_ratio": Infinity,
      "fcf_margin_change": 0.23489922028312682
    },
    {
      "date": "2023-12-31T00:00:00",
      "quarter_label": "2023-12 (Q4)",
      "revenue": 348868000,
      "gross_profit": 207247000,
      "operating_income": 56137000,
      "net_income": null,
      "opex": 183142000,
      "cogs": 141621000,
      "rd": null,
      "sga": null,
      "fcf": 111833000,
      "ocf": 178895000,
      "capex": -67062000,
      "gross_margin": 0.5940556313562723,
      "op_margin": 0.16091186351284725,
      "fcf_margin": 0.32055963860256603,
      "incr_op_margin_yoy": 0.20843091334894615,
      "rev_growth_yoy": 0.18063033642082893,
      "rev_growth_yoy_accel": 0.1648696406745254,
      "fcf_margin_change": 0.05139000242223357
    },
    {
      "date": "2024-03-31T00:00:00",
      "quarter_label": "2024-03 (Q1)",
      "revenue": 341394000,
      "gross_profit": 187707000,
      "operating_income": 26101000,
      "net_income": 233559000,
      "opex": 49698000,
      "cogs": 153687000,
      "rd": null,
      "sga": null,
      "fcf": 95730000,
      "ocf": 153705000,
      "capex": -57975000,
      "gross_margin": 0.5498251287368846,
      "op_margin": 0.07645418490073054,
      "fcf_margin": 0.28040914603068595,
      "incr_op_margin_yoy": -0.0192862113530172,
      "rev_growth_yoy": 0.21475234842015373,
      "rev_growth_yoy_accel": 0.0341220119993248,
      "fcf_margin_change": -0.04015049257188008
    },
    {
      "date": "2024-06-30T00:00:00",
      "quarter_label": "2024-06 (Q2)",
      "revenue": 359457000,
      "gross_profit": 212944000,
      "operating_income": 56588000,
      "net_income": 234403000,
      "opex": 50280000,
      "cogs": 146513000,
      "rd": null,
      "sga": null,
      "fcf": 86142000,
      "ocf": 125517000,
      "capex": -39375000,
      "gross_margin": 0.5924046547987659,
      "op_margin": 0.15742634028548616,
      "fcf_margin": 0.23964479756966758,
      "incr_op_margin_yoy": 0.30251051316912764,
      "rev_growth_yoy": 0.21354949139610335,
      "rev_growth_yoy_accel": -0.0012028570240503744,
      "op_leverage_ratio": 4.518038474033298,
      "fcf_margin_change": -0.04076434846101837
    },
    {
      "date": "2024-09-30T00:00:00",
      "quarter_label": "2024-09 (Q3)",
      "revenue": 396362000,
      "gross_profit": 251776000,
      "operating_income": 72874000,
      "net_income": 265683000,
      "opex": 61700000,
      "cogs": 144586000,
      "rd": null,
      "sga": null,
      "fcf": 155679000,
      "ocf": 214134000,
      "capex": -58455000,
      "gross_margin": 0.6352173013558313,
      "op_margin": 0.18385718106175666,
      "fcf_margin": 0.39276974079250787,
      "incr_op_margin_yoy": 0.5218510164847641,
      "rev_growth_yoy": 0.20000242203323634,
      "rev_growth_yoy_accel": -0.01354706936286701,
      "op_leverage_ratio": 0.4520301776253321,
      "fcf_margin_change": 0.1531249432228403
    },
    {
      "date": "2024-12-31T00:00:00",
      "quarter_label": "2024-12 (Q4)",
      "revenue": 385716000,
      "gross_profit": 209884000,
      "operating_income": 23670000,
      "net_income": null,
      "opex": 59006000,
      "cogs": 175832000,
      "rd": null,
      "sga": null,
      "fcf": 36251000,
      "ocf": 143990000,
      "capex": -107739000,
      "gross_margin": 0.5441412852979912,
      "op_margin": 0.0613663939271381,
      "fcf_margin": 0.09398365636893466,
      "incr_op_margin_yoy": -0.8811061658706035,
      "rev_growth_yoy": 0.10562161046584954,
      "rev_growth_yoy_accel": -0.0943808115673868,
      "fcf_margin_change": -0.29878608442357324
    },
    {
      "date": "2025-03-31T00:00:00",
      "quarter_label": "2025-03 (Q1)",
      "revenue": 443263000,
      "gross_profit": 219899000,
      "operating_income": 19280000,
      "net_income": null,
      "opex": 70394000,
      "cogs": 223364000,
      "rd": null,
      "sga": null,
      "fcf": 102284000,
      "ocf": 176830000,
      "capex": -74546000,
      "gross_margin": 0.49609148519050766,
      "op_margin": 0.04349562223781367,
      "fcf_margin": 0.23075239756081603,
      "incr_op_margin_yoy": -0.06695854479773042,
      "rev_growth_yoy": 0.2983913015460143,
      "rev_growth_yoy_accel": 0.19276969108016473,
      "op_leverage_ratio": 0.7730431751750333,
      "fcf_margin_change": 0.13676874119188137
    },
    {
      "date": "2025-06-30T00:00:00",
      "quarter_label": "2025-06 (Q2)",
      "revenue": 426738000,
      "gross_profit": 270041000,
      "operating_income": 77455000,
      "net_income": 23645000,
      "opex": 74604000,
      "cogs": 156697000,
      "rd": null,
      "sga": null,
      "fcf": 1783000,
      "ocf": 129077000,
      "capex": -127294000,
      "gross_margin": 0.6328027970323712,
      "op_margin": 0.18150481091442525,
      "fcf_margin": 0.00417820770589917,
      "incr_op_margin_yoy": 0.3101469954370476,
      "rev_growth_yoy": 0.18717398743104183,
      "rev_growth_yoy_accel": -0.11121731411497246,
      "fcf_margin_change": -0.22657418985491687
    },
    {
      "date": "2025-09-30T00:00:00",
      "quarter_label": "2025-09 (Q3)",
      "revenue": 463969000,
      "gross_profit": 228578000,
      "operating_income": 19787000,
      "net_income": 5265000,
      "opex": 83236000,
      "cogs": 235391000,
      "rd": null,
      "sga": null,
      "fcf": 31609000,
      "ocf": 188123000,
      "capex": -156514000,
      "gross_margin": 0.49265791464515946,
      "op_margin": 0.042647245828923916,
      "fcf_margin": 0.06812739644243473,
      "incr_op_margin_yoy": -0.7852293401570843,
      "rev_growth_yoy": 0.17056882344927113,
      "rev_growth_yoy_accel": -0.0166051639817707,
      "op_leverage_ratio": 0.754039445716337,
      "fcf_margin_change": 0.06394918873653556
    }
  ],
  "signals": [
    {
      "quarter": "2025-09 (Q3)",
      "signal": "FCF MARGIN EXPANSION",
      "detail": "FCF margin: +0.4% -> +6.8% (+6.4%)",
      "severity": "MEDIUM"
    },
    {
      "quarter": "2025-06 (Q2)",
      "signal": "GROSS MARGIN INFLECTION",
      "detail": "GM: +54.4% -> +49.6% -> +63.3% (reversal +13.7%)",
      "severity": "HIGH"
    },
    {
      "quarter": "2025-06 (Q2)",
      "signal": "YoY REVENUE GROWTH DECELERATION",
      "detail": "YoY growth: +18.7% vs prior quarter YoY: +29.8% (decel: -11.1%)",
      "severity": "WARNING"
    },
    {
      "quarter": "2025-06 (Q2)",
      "signal": "INCREMENTAL MARGIN (YoY)",
      "detail": "YoY Incr OPM: +31.0% vs year-ago OPM: +15.7%",
      "severity": "MEDIUM"
    },
    {
      "quarter": "2025-03 (Q1)",
      "signal": "FCF MARGIN EXPANSION",
      "detail": "FCF margin: +9.4% -> +23.1% (+13.7%)",
      "severity": "MEDIUM"
    },
    {
      "quarter": "2025-03 (Q1)",
      "signal": "YoY REVENUE GROWTH ACCELERATION",
      "detail": "YoY growth: +29.8% vs prior quarter YoY: +10.6% (accel: +19.3%)",
      "severity": "HIGH"
    },
    {
      "quarter": "2024-12 (Q4)",
      "signal": "YoY REVENUE GROWTH DECELERATION",
      "detail": "YoY growth: +10.6% vs prior quarter YoY: +20.0% (decel: -9.4%)",
      "severity": "WARNING"
    },
    {
      "quarter": "2024-09 (Q3)",
      "signal": "FCF MARGIN EXPANSION",
      "detail": "FCF margin: +24.0% -> +39.3% (+15.3%)",
      "severity": "MEDIUM"
    },
    {
      "quarter": "2024-09 (Q3)",
      "signal": "INCREMENTAL MARGIN (YoY)",
      "detail": "YoY Incr OPM: +52.2% vs year-ago OPM: +11.6%",
      "severity": "HIGH"
    },
    {
      "quarter": "2024-06 (Q2)",
      "signal": "OPERATING LEVERAGE",
      "detail": "Rev growth +5.3% vs OpEx growth +1.2% (leverage: 4.5x)",
      "severity": "MEDIUM"
    },
    {
      "quarter": "2024-06 (Q2)",
      "signal": "GROSS MARGIN INFLECTION",
      "detail": "GM: +59.4% -> +55.0% -> +59.2% (reversal +4.3%)",
      "severity": "MEDIUM"
    },
    {
      "quarter": "2024-06 (Q2)",
      "signal": "INCREMENTAL MARGIN (YoY)",
      "detail": "YoY Incr OPM: +30.3% vs year-ago OPM: +12.6%",
      "severity": "MEDIUM"
    },
    {
      "quarter": "2023-12 (Q4)",
      "signal": "FCF MARGIN EXPANSION",
      "detail": "FCF margin: +26.9% -> +32.1% (+5.1%)",
      "severity": "MEDIUM"
    },
    {
      "quarter": "2023-12 (Q4)",
      "signal": "GROSS MARGIN INFLECTION",
      "detail": "GM: +62.7% -> +55.3% -> +59.4% (reversal +4.1%)",
      "severity": "MEDIUM"
    },
    {
      "quarter": "2023-12 (Q4)",
      "signal": "YoY REVENUE GROWTH ACCELERATION",
      "detail": "YoY growth: +18.1% vs prior quarter YoY: +1.6% (accel: +16.5%)",
      "severity": "HIGH"
    },
    {
      "quarter": "2023-09 (Q3)",
      "signal": "FCF MARGIN EXPANSION",
      "detail": "FCF margin: +3.4% -> +26.9% (+23.5%)",
      "severity": "MEDIUM"
    },
    {
      "quarter": "2023-09 (Q3)",
      "signal": "YoY REVENUE GROWTH ACCELERATION",
      "detail": "YoY growth: +1.6% vs prior quarter YoY: -11.7% (accel: +13.3%)",
      "severity": "MEDIUM"
    },
    {
      "quarter": "2023-06 (Q2)",
      "signal": "OPERATING LEVERAGE",
      "detail": "Rev growth +5.4% vs OpEx growth +2.0% (leverage: 2.8x)",
      "severity": "MEDIUM"
    },
    {
      "quarter": "2023-06 (Q2)",
      "signal": "YoY REVENUE GROWTH DECELERATION",
      "detail": "YoY growth: -11.7% vs prior quarter YoY: +9.2% (decel: -21.0%)",
      "severity": "WARNING"
    },
    {
      "quarter": "2023-03 (Q1)",
      "signal": "YoY REVENUE GROWTH DECELERATION",
      "detail": "YoY growth: +9.2% vs prior quarter YoY: +424.6% (decel: -415.3%)",
      "severity": "WARNING"
    },
    {
      "quarter": "2023-03 (Q1)",
      "signal": "INCREMENTAL MARGIN (YoY)",
      "detail": "YoY Incr OPM: +34.5% vs year-ago OPM: +7.4%",
      "severity": "HIGH"
    },
    {
      "quarter": "2022-12 (Q4)",
      "signal": "FCF MARGIN EXPANSION",
      "detail": "FCF margin: +29.3% -> +38.6% (+9.3%)",
      "severity": "MEDIUM"
    },
    {
      "quarter": "2022-12 (Q4)",
      "signal": "YoY REVENUE GROWTH DECELERATION",
      "detail": "YoY growth: +424.6% vs prior quarter YoY: +841.2% (decel: -416.7%)",
      "severity": "WARNING"
    },
    {
      "quarter": "2022-06 (Q2)",
      "signal": "FCF MARGIN EXPANSION",
      "detail": "FCF margin: +26.9% -> +38.2% (+11.4%)",
      "severity": "MEDIUM"
    },
    {
      "quarter": "2022-06 (Q2)",
      "signal": "YoY REVENUE GROWTH ACCELERATION",
      "detail": "YoY growth: +842.8% vs prior quarter YoY: +653.4% (accel: +189.4%)",
      "severity": "HIGH"
    },
    {
      "quarter": "2022-03 (Q1)",
      "signal": "YoY REVENUE GROWTH ACCELERATION",
      "detail": "YoY growth: +653.4% vs prior quarter YoY: +59.8% (accel: +593.6%)",
      "severity": "HIGH"
    },
    {
      "quarter": "2021-12 (Q4)",
      "signal": "GROSS MARGIN INFLECTION",
      "detail": "GM: -22.2% -> -75.1% -> -64.4% (reversal +10.7%)",
      "severity": "HIGH"
    },
    {
      "quarter": "2021-12 (Q4)",
      "signal": "INCREMENTAL MARGIN (YoY)",
      "detail": "YoY Incr OPM: +57.6% vs year-ago OPM: +34.7%",
      "severity": "HIGH"
    },
    {
      "quarter": "2021-09 (Q3)",
      "signal": "FCF MARGIN EXPANSION",
      "detail": "FCF margin: +92.7% -> +127.1% (+34.4%)",
      "severity": "MEDIUM"
    },
    {
      "quarter": "2021-06 (Q2)",
      "signal": "FCF MARGIN EXPANSION",
      "detail": "FCF margin: +64.0% -> +92.7% (+28.7%)",
      "severity": "MEDIUM"
    },
    {
      "quarter": "2021-03 (Q1)",
      "signal": "FCF TURNED POSITIVE",
      "detail": "FCF margin: -531.1% -> +64.0%",
      "severity": "HIGH"
    }
  ],
  "data_quality": {
    "n_quarters": 20,
    "coverage": {
      "revenue": [
        20,
        20
      ],
      "gross_profit": [
        19,
        20
      ],
      "op_income": [
        20,
        20
      ],
      "fcf": [
        20,
        20
      ]
    },
    "gaps": [],
    "warnings": []
  },
  "market_cap": null,
  "source": "SEC EDGAR",
  "last_updated": "2026-02-02T21:29:07.766719"
}