{
  "ticker": "KO",
  "name": "COCA COLA CO",
  "quarters": [
    {
      "date": "2020-12-31T00:00:00",
      "quarter_label": "2020-12 (Q4)",
      "revenue": 8611000000,
      "gross_profit": 5033000000,
      "operating_income": 2338000000,
      "net_income": 1456000000,
      "opex": 2695000000,
      "cogs": 3578000000,
      "rd": null,
      "sga": 2589000000,
      "fcf": 3206000000,
      "ocf": 3624000000,
      "capex": -418000000,
      "gross_margin": 0.5844849610962722,
      "op_margin": 0.27151318081523634,
      "fcf_margin": 0.3723144814771803
    },
    {
      "date": "2021-04-02T00:00:00",
      "quarter_label": "2021-04 (Q2)",
      "revenue": 9020000000,
      "gross_profit": 5515000000,
      "operating_income": 2722000000,
      "net_income": 2245000000,
      "opex": 2793000000,
      "cogs": 3505000000,
      "rd": null,
      "sga": 2669000000,
      "fcf": 1420000000,
      "ocf": 1636000000,
      "capex": -216000000,
      "gross_margin": 0.6114190687361419,
      "op_margin": 0.30177383592017737,
      "fcf_margin": 0.1574279379157428,
      "op_leverage_ratio": 1.3061781442341192,
      "fcf_margin_change": -0.21488654356143752
    },
    {
      "date": "2021-07-02T00:00:00",
      "quarter_label": "2021-07 (Q3)",
      "revenue": 10129000000,
      "gross_profit": 6342000000,
      "operating_income": 3016000000,
      "net_income": 2641000000,
      "opex": 3326000000,
      "cogs": 3787000000,
      "rd": null,
      "sga": 3017000000,
      "fcf": 3655000000,
      "ocf": 3889000000,
      "capex": -234000000,
      "gross_margin": 0.626123013130615,
      "op_margin": 0.29775891006022315,
      "fcf_margin": 0.3608450982327969,
      "op_leverage_ratio": 0.6442712255026354,
      "fcf_margin_change": 0.20341716031705412
    },
    {
      "date": "2021-10-01T00:00:00",
      "quarter_label": "2021-10 (Q4)",
      "revenue": 10042000000,
      "gross_profit": 6065000000,
      "operating_income": 2898000000,
      "net_income": 2471000000,
      "opex": 3167000000,
      "cogs": 3977000000,
      "rd": null,
      "sga": 3122000000,
      "fcf": 3428000000,
      "ocf": 3706000000,
      "capex": -278000000,
      "gross_margin": 0.603963353913563,
      "op_margin": 0.2885879306910974,
      "fcf_margin": 0.3413662617008564,
      "fcf_margin_change": -0.019478836531940547
    },
    {
      "date": "2021-12-31T00:00:00",
      "quarter_label": "2021-12 (Q4)",
      "revenue": 9464000000,
      "gross_profit": 5376000000,
      "operating_income": 1672000000,
      "net_income": 2414000000,
      "opex": 3704000000,
      "cogs": 4088000000,
      "rd": null,
      "sga": 3336000000,
      "fcf": 2755000000,
      "ocf": 3394000000,
      "capex": -639000000,
      "gross_margin": 0.5680473372781065,
      "op_margin": 0.17666948436179206,
      "fcf_margin": 0.2911031276415892,
      "incr_op_margin_yoy": -0.7807737397420867,
      "rev_growth_yoy": 0.09905934270119615,
      "fcf_margin_change": -0.05026313405926719
    },
    {
      "date": "2022-04-01T00:00:00",
      "quarter_label": "2022-04 (Q2)",
      "revenue": 10491000000,
      "gross_profit": 6400000000,
      "operating_income": 3405000000,
      "net_income": 2781000000,
      "opex": 2995000000,
      "cogs": 4091000000,
      "rd": null,
      "sga": 2967000000,
      "fcf": 406000000,
      "ocf": 623000000,
      "capex": -217000000,
      "gross_margin": 0.6100467067009818,
      "op_margin": 0.32456391192450673,
      "fcf_margin": 0.03869983795634353,
      "incr_op_margin_yoy": 0.46430999320190347,
      "rev_growth_yoy": 0.1630820399113082,
      "rev_growth_yoy_accel": 0.06402269721011206,
      "op_leverage_ratio": Infinity,
      "fcf_margin_change": -0.25240328968524567
    },
    {
      "date": "2022-07-01T00:00:00",
      "quarter_label": "2022-07 (Q3)",
      "revenue": 11325000000,
      "gross_profit": 6495000000,
      "operating_income": 2341000000,
      "net_income": 1905000000,
      "opex": 4154000000,
      "cogs": 4830000000,
      "rd": null,
      "sga": 3203000000,
      "fcf": 3653000000,
      "ocf": 3923000000,
      "capex": -270000000,
      "gross_margin": 0.5735099337748344,
      "op_margin": 0.20671081677704195,
      "fcf_margin": 0.322560706401766,
      "incr_op_margin_yoy": -0.56438127090301,
      "rev_growth_yoy": 0.11807680916181262,
      "rev_growth_yoy_accel": -0.045005230749495584,
      "op_leverage_ratio": 0.20542937950265766,
      "fcf_margin_change": 0.28386086844542247
    },
    {
      "date": "2022-09-30T00:00:00",
      "quarter_label": "2022-09 (Q3)",
      "revenue": 11063000000,
      "gross_profit": 6497000000,
      "operating_income": 3088000000,
      "net_income": 2825000000,
      "opex": 3409000000,
      "cogs": 4566000000,
      "rd": null,
      "sga": 3279000000,
      "fcf": 3233000000,
      "ocf": 3522000000,
      "capex": -289000000,
      "gross_margin": 0.5872728916207177,
      "op_margin": 0.2791286269547139,
      "fcf_margin": 0.29223537919190096,
      "incr_op_margin_yoy": 0.1860920666013712,
      "rev_growth_yoy": 0.10167297351125273,
      "rev_growth_yoy_accel": -0.01640383565055989,
      "fcf_margin_change": -0.030325327209865027
    },
    {
      "date": "2022-12-31T00:00:00",
      "quarter_label": "2022-12 (Q4)",
      "revenue": 10125000000,
      "gross_profit": 5612000000,
      "operating_income": 2075000000,
      "net_income": 2031000000,
      "opex": 3537000000,
      "cogs": 4513000000,
      "rd": null,
      "sga": 3431000000,
      "fcf": 2242000000,
      "ocf": 2950000000,
      "capex": -708000000,
      "gross_margin": 0.5542716049382717,
      "op_margin": 0.20493827160493827,
      "fcf_margin": 0.2214320987654321,
      "incr_op_margin_yoy": 0.6096822995461422,
      "rev_growth_yoy": 0.069843617920541,
      "rev_growth_yoy_accel": -0.03182935559071173,
      "fcf_margin_change": -0.07080328042646886
    },
    {
      "date": "2023-03-31T00:00:00",
      "quarter_label": "2023-03 (Q1)",
      "revenue": 10980000000,
      "gross_profit": 6663000000,
      "operating_income": 3367000000,
      "net_income": 3107000000,
      "opex": 3296000000,
      "cogs": 4317000000,
      "rd": null,
      "sga": 3185000000,
      "fcf": -116000000,
      "ocf": 160000000,
      "capex": -276000000,
      "gross_margin": 0.6068306010928962,
      "op_margin": 0.30664845173041894,
      "fcf_margin": -0.010564663023679418,
      "incr_op_margin_yoy": -0.07770961145194274,
      "rev_growth_yoy": 0.04661138118387189,
      "rev_growth_yoy_accel": -0.02323223673666911,
      "op_leverage_ratio": Infinity,
      "fcf_margin_change": -0.23199676178911152
    },
    {
      "date": "2023-06-30T00:00:00",
      "quarter_label": "2023-06 (Q2)",
      "revenue": 11972000000,
      "gross_profit": 7060000000,
      "operating_income": 2401000000,
      "net_income": 2547000000,
      "opex": 4659000000,
      "cogs": 4912000000,
      "rd": null,
      "sga": 3321000000,
      "fcf": 4130000000,
      "ocf": 4469000000,
      "capex": -339000000,
      "gross_margin": 0.5897093217507517,
      "op_margin": 0.20055128633478114,
      "fcf_margin": 0.3449716004009355,
      "incr_op_margin_yoy": 0.09273570324574962,
      "rev_growth_yoy": 0.05713024282560707,
      "rev_growth_yoy_accel": 0.010518861641735176,
      "op_leverage_ratio": 0.21847446233864815,
      "fcf_margin_change": 0.3555362634246149
    },
    {
      "date": "2023-09-29T00:00:00",
      "quarter_label": "2023-09 (Q3)",
      "revenue": 11953000000,
      "gross_profit": 7296000000,
      "operating_income": 3270000000,
      "net_income": 3087000000,
      "opex": 4026000000,
      "cogs": 4657000000,
      "rd": null,
      "sga": 3667000000,
      "fcf": 3914000000,
      "ocf": 4300000000,
      "capex": -386000000,
      "gross_margin": 0.6103906968961766,
      "op_margin": 0.27357148832928974,
      "fcf_margin": 0.3274491759390948,
      "incr_op_margin_yoy": 0.20449438202247192,
      "rev_growth_yoy": 0.08044834131790654,
      "rev_growth_yoy_accel": 0.023318098492299474,
      "fcf_margin_change": -0.017522424461840713
    },
    {
      "date": "2023-12-31T00:00:00",
      "quarter_label": "2023-12 (Q4)",
      "revenue": 10849000000,
      "gross_profit": 6215000000,
      "operating_income": 2273000000,
      "net_income": 1973000000,
      "opex": 3942000000,
      "cogs": 4634000000,
      "rd": null,
      "sga": 3799000000,
      "fcf": 1819000000,
      "ocf": 2670000000,
      "capex": -851000000,
      "gross_margin": 0.5728638584201309,
      "op_margin": 0.20951239745598674,
      "fcf_margin": 0.1676652226011614,
      "incr_op_margin_yoy": 0.27348066298342544,
      "rev_growth_yoy": 0.07150617283950618,
      "rev_growth_yoy_accel": -0.008942168478400361,
      "fcf_margin_change": -0.15978395333793338
    },
    {
      "date": "2024-03-29T00:00:00",
      "quarter_label": "2024-03 (Q1)",
      "revenue": 11300000000,
      "gross_profit": 7065000000,
      "operating_income": 2141000000,
      "net_income": 3177000000,
      "opex": 4924000000,
      "cogs": 4235000000,
      "rd": null,
      "sga": 3351000000,
      "fcf": 158000000,
      "ocf": 528000000,
      "capex": -370000000,
      "gross_margin": 0.6252212389380531,
      "op_margin": 0.18946902654867256,
      "fcf_margin": 0.013982300884955752,
      "incr_op_margin_yoy": -3.83125,
      "rev_growth_yoy": 0.029143897996357013,
      "rev_growth_yoy_accel": -0.04236227484314917,
      "op_leverage_ratio": 0.16687526364035543,
      "fcf_margin_change": -0.15368292171620565
    },
    {
      "date": "2024-06-28T00:00:00",
      "quarter_label": "2024-06 (Q2)",
      "revenue": 12363000000,
      "gross_profit": 7551000000,
      "operating_income": 2632000000,
      "net_income": 2411000000,
      "opex": 4919000000,
      "cogs": 4812000000,
      "rd": null,
      "sga": 3549000000,
      "fcf": 3163000000,
      "ocf": 3585000000,
      "capex": -422000000,
      "gross_margin": 0.6107740839602038,
      "op_margin": 0.2128933106851088,
      "fcf_margin": 0.25584405079673217,
      "incr_op_margin_yoy": 0.5907928388746803,
      "rev_growth_yoy": 0.032659538924156364,
      "rev_growth_yoy_accel": 0.0035156409277993517,
      "op_leverage_ratio": Infinity,
      "fcf_margin_change": 0.24186174991177642
    },
    {
      "date": "2024-09-27T00:00:00",
      "quarter_label": "2024-09 (Q3)",
      "revenue": 11854000000,
      "gross_profit": 7190000000,
      "operating_income": 2510000000,
      "net_income": 2848000000,
      "opex": 4680000000,
      "cogs": 4664000000,
      "rd": null,
      "sga": 3636000000,
      "fcf": -1728000000,
      "ocf": -1259000000,
      "capex": -469000000,
      "gross_margin": 0.6065463134806817,
      "op_margin": 0.21174287160452168,
      "fcf_margin": -0.14577357853888984,
      "incr_op_margin_yoy": 7.6767676767676765,
      "rev_growth_yoy": -0.00828243955492345,
      "rev_growth_yoy_accel": -0.040941978479079814,
      "fcf_margin_change": -0.401617629335622
    },
    {
      "date": "2024-12-31T00:00:00",
      "quarter_label": "2024-12 (Q4)",
      "revenue": 11544000000,
      "gross_profit": 6931000000,
      "operating_income": 2709000000,
      "net_income": 2195000000,
      "opex": 4222000000,
      "cogs": 4613000000,
      "rd": null,
      "sga": 4046000000,
      "fcf": 3148000000,
      "ocf": 3951000000,
      "capex": -803000000,
      "gross_margin": 0.6003984753984754,
      "op_margin": 0.23466735966735966,
      "fcf_margin": 0.2726957726957727,
      "incr_op_margin_yoy": 0.6273381294964029,
      "rev_growth_yoy": 0.06406120379758504,
      "rev_growth_yoy_accel": 0.07234364335250848,
      "fcf_margin_change": 0.41846935123466256
    },
    {
      "date": "2025-03-28T00:00:00",
      "quarter_label": "2025-03 (Q1)",
      "revenue": 11129000000,
      "gross_profit": 6966000000,
      "operating_income": 3659000000,
      "net_income": 3330000000,
      "opex": 3307000000,
      "cogs": 4163000000,
      "rd": null,
      "sga": 3234000000,
      "fcf": -5511000000,
      "ocf": -5202000000,
      "capex": -309000000,
      "gross_margin": 0.6259322490789828,
      "op_margin": 0.32878066313235693,
      "fcf_margin": -0.49519273968910055,
      "incr_op_margin_yoy": -8.87719298245614,
      "rev_growth_yoy": -0.015132743362831859,
      "rev_growth_yoy_accel": -0.07919394716041689,
      "fcf_margin_change": -0.7678885123848733
    },
    {
      "date": "2025-06-27T00:00:00",
      "quarter_label": "2025-06 (Q2)",
      "revenue": 12535000000,
      "gross_profit": 7821000000,
      "operating_income": 4280000000,
      "net_income": 3810000000,
      "opex": 3541000000,
      "cogs": 4714000000,
      "rd": null,
      "sga": 3470000000,
      "fcf": 3369000000,
      "ocf": 3811000000,
      "capex": -442000000,
      "gross_margin": 0.623932987634623,
      "op_margin": 0.34144395692062224,
      "fcf_margin": 0.26876745113681694,
      "incr_op_margin_yoy": 9.581395348837209,
      "rev_growth_yoy": 0.013912480789452399,
      "rev_growth_yoy_accel": 0.029045224152284256,
      "op_leverage_ratio": 1.7854492728245988,
      "fcf_margin_change": 0.7639601908259175
    },
    {
      "date": "2025-09-26T00:00:00",
      "quarter_label": "2025-09 (Q3)",
      "revenue": 12455000000,
      "gross_profit": 7658000000,
      "operating_income": 3982000000,
      "net_income": 3696000000,
      "opex": 3676000000,
      "cogs": 4797000000,
      "rd": null,
      "sga": 3618000000,
      "fcf": 4564000000,
      "ocf": 5043000000,
      "capex": -479000000,
      "gross_margin": 0.6148534725010036,
      "op_margin": 0.31971095945403455,
      "fcf_margin": 0.3664391810517864,
      "incr_op_margin_yoy": 2.449251247920133,
      "rev_growth_yoy": 0.050700185591361566,
      "rev_growth_yoy_accel": 0.03678770480190917,
      "fcf_margin_change": 0.09767172991496947
    }
  ],
  "signals": [
    {
      "quarter": "2025-09 (Q3)",
      "signal": "FCF MARGIN EXPANSION",
      "detail": "FCF margin: +26.9% -> +36.6% (+9.8%)",
      "severity": "MEDIUM"
    },
    {
      "quarter": "2025-09 (Q3)",
      "signal": "INCREMENTAL MARGIN (YoY)",
      "detail": "YoY Incr OPM: +244.9% vs year-ago OPM: +21.2%",
      "severity": "HIGH"
    },
    {
      "quarter": "2025-06 (Q2)",
      "signal": "FCF TURNED POSITIVE",
      "detail": "FCF margin: -49.5% -> +26.9%",
      "severity": "HIGH"
    },
    {
      "quarter": "2025-06 (Q2)",
      "signal": "OPERATING LEVERAGE",
      "detail": "Rev growth +12.6% vs OpEx growth +7.1% (leverage: 1.8x)",
      "severity": "MEDIUM"
    },
    {
      "quarter": "2025-06 (Q2)",
      "signal": "INCREMENTAL MARGIN (YoY)",
      "detail": "YoY Incr OPM: +958.1% vs year-ago OPM: +21.3%",
      "severity": "HIGH"
    },
    {
      "quarter": "2025-03 (Q1)",
      "signal": "GROSS MARGIN INFLECTION",
      "detail": "GM: +60.7% -> +60.0% -> +62.6% (reversal +2.6%)",
      "severity": "MEDIUM"
    },
    {
      "quarter": "2025-03 (Q1)",
      "signal": "YoY REVENUE GROWTH DECELERATION",
      "detail": "YoY growth: -1.5% vs prior quarter YoY: +6.4% (decel: -7.9%)",
      "severity": "WARNING"
    },
    {
      "quarter": "2024-12 (Q4)",
      "signal": "FCF TURNED POSITIVE",
      "detail": "FCF margin: -14.6% -> +27.3%",
      "severity": "HIGH"
    },
    {
      "quarter": "2024-12 (Q4)",
      "signal": "YoY REVENUE GROWTH ACCELERATION",
      "detail": "YoY growth: +6.4% vs prior quarter YoY: -0.8% (accel: +7.2%)",
      "severity": "MEDIUM"
    },
    {
      "quarter": "2024-12 (Q4)",
      "signal": "INCREMENTAL MARGIN (YoY)",
      "detail": "YoY Incr OPM: +62.7% vs year-ago OPM: +21.0%",
      "severity": "HIGH"
    },
    {
      "quarter": "2024-09 (Q3)",
      "signal": "INCREMENTAL MARGIN (YoY)",
      "detail": "YoY Incr OPM: +767.7% vs year-ago OPM: +27.4%",
      "severity": "HIGH"
    },
    {
      "quarter": "2024-06 (Q2)",
      "signal": "FCF MARGIN EXPANSION",
      "detail": "FCF margin: +1.4% -> +25.6% (+24.2%)",
      "severity": "MEDIUM"
    },
    {
      "quarter": "2024-06 (Q2)",
      "signal": "INCREMENTAL MARGIN (YoY)",
      "detail": "YoY Incr OPM: +59.1% vs year-ago OPM: +20.1%",
      "severity": "HIGH"
    },
    {
      "quarter": "2024-03 (Q1)",
      "signal": "GROSS MARGIN INFLECTION",
      "detail": "GM: +61.0% -> +57.3% -> +62.5% (reversal +5.2%)",
      "severity": "HIGH"
    },
    {
      "quarter": "2023-09 (Q3)",
      "signal": "GROSS MARGIN INFLECTION",
      "detail": "GM: +60.7% -> +59.0% -> +61.0% (reversal +2.1%)",
      "severity": "MEDIUM"
    },
    {
      "quarter": "2023-06 (Q2)",
      "signal": "FCF TURNED POSITIVE",
      "detail": "FCF margin: -1.1% -> +34.5%",
      "severity": "HIGH"
    },
    {
      "quarter": "2023-03 (Q1)",
      "signal": "GROSS MARGIN INFLECTION",
      "detail": "GM: +58.7% -> +55.4% -> +60.7% (reversal +5.3%)",
      "severity": "HIGH"
    },
    {
      "quarter": "2022-12 (Q4)",
      "signal": "INCREMENTAL MARGIN (YoY)",
      "detail": "YoY Incr OPM: +61.0% vs year-ago OPM: +17.7%",
      "severity": "HIGH"
    },
    {
      "quarter": "2022-07 (Q3)",
      "signal": "FCF MARGIN EXPANSION",
      "detail": "FCF margin: +3.9% -> +32.3% (+28.4%)",
      "severity": "MEDIUM"
    },
    {
      "quarter": "2022-04 (Q2)",
      "signal": "GROSS MARGIN INFLECTION",
      "detail": "GM: +60.4% -> +56.8% -> +61.0% (reversal +4.2%)",
      "severity": "MEDIUM"
    },
    {
      "quarter": "2022-04 (Q2)",
      "signal": "YoY REVENUE GROWTH ACCELERATION",
      "detail": "YoY growth: +16.3% vs prior quarter YoY: +9.9% (accel: +6.4%)",
      "severity": "MEDIUM"
    },
    {
      "quarter": "2022-04 (Q2)",
      "signal": "INCREMENTAL MARGIN (YoY)",
      "detail": "YoY Incr OPM: +46.4% vs year-ago OPM: +30.2%",
      "severity": "MEDIUM"
    },
    {
      "quarter": "2021-07 (Q3)",
      "signal": "FCF MARGIN EXPANSION",
      "detail": "FCF margin: +15.7% -> +36.1% (+20.3%)",
      "severity": "MEDIUM"
    }
  ],
  "data_quality": {
    "n_quarters": 20,
    "coverage": {
      "revenue": [
        20,
        20
      ],
      "gross_profit": [
        20,
        20
      ],
      "op_income": [
        20,
        20
      ],
      "fcf": [
        20,
        20
      ]
    },
    "gaps": [],
    "warnings": []
  },
  "market_cap": null,
  "source": "SEC EDGAR",
  "last_updated": "2026-02-02T19:46:05.758561",
  "sector": "Consumer Defensive",
  "industry": "Beverages - Non-Alcoholic"
}