{
  "ticker": "KODK",
  "name": "EASTMAN KODAK COMPANY",
  "quarters": [
    {
      "date": "2020-12-31T00:00:00",
      "quarter_label": "2020-12 (Q4)",
      "revenue": 297000000,
      "gross_profit": 47000000,
      "operating_income": -1000000,
      "net_income": 20000000,
      "opex": 48000000,
      "cogs": 250000000,
      "rd": 9000000,
      "sga": 34000000,
      "fcf": 9000000,
      "ocf": 13000000,
      "capex": -4000000,
      "gross_margin": 0.15824915824915825,
      "op_margin": -0.003367003367003367,
      "fcf_margin": 0.030303030303030304
    },
    {
      "date": "2021-03-31T00:00:00",
      "quarter_label": "2021-03 (Q1)",
      "revenue": 265000000,
      "gross_profit": 40000000,
      "operating_income": -14000000,
      "net_income": 6000000,
      "opex": 54000000,
      "cogs": 225000000,
      "rd": 8000000,
      "sga": 46000000,
      "fcf": -17000000,
      "ocf": -16000000,
      "capex": -1000000,
      "gross_margin": 0.1509433962264151,
      "op_margin": -0.052830188679245285,
      "fcf_margin": -0.06415094339622641,
      "fcf_margin_change": -0.09445397369925672
    },
    {
      "date": "2021-06-30T00:00:00",
      "quarter_label": "2021-06 (Q2)",
      "revenue": 291000000,
      "gross_profit": 48000000,
      "operating_income": 4000000,
      "net_income": 16000000,
      "opex": 44000000,
      "cogs": 243000000,
      "rd": 8000000,
      "sga": 42000000,
      "fcf": -9000000,
      "ocf": -5000000,
      "capex": -4000000,
      "gross_margin": 0.16494845360824742,
      "op_margin": 0.013745704467353952,
      "fcf_margin": -0.030927835051546393,
      "op_leverage_ratio": Infinity,
      "fcf_margin_change": 0.03322310834468002
    },
    {
      "date": "2021-09-30T00:00:00",
      "quarter_label": "2021-09 (Q3)",
      "revenue": 287000000,
      "gross_profit": 43000000,
      "operating_income": -9000000,
      "net_income": 8000000,
      "opex": 52000000,
      "cogs": 244000000,
      "rd": 8000000,
      "sga": 43000000,
      "fcf": -17000000,
      "ocf": -12000000,
      "capex": -5000000,
      "gross_margin": 0.14982578397212543,
      "op_margin": -0.0313588850174216,
      "fcf_margin": -0.059233449477351915,
      "fcf_margin_change": -0.028305614425805523
    },
    {
      "date": "2021-12-31T00:00:00",
      "quarter_label": "2021-12 (Q4)",
      "revenue": 307000000,
      "gross_profit": 33000000,
      "operating_income": -27000000,
      "net_income": -6000000,
      "opex": 60000000,
      "cogs": 274000000,
      "rd": 9000000,
      "sga": 46000000,
      "fcf": -25000000,
      "ocf": -14000000,
      "capex": -11000000,
      "gross_margin": 0.10749185667752444,
      "op_margin": -0.08794788273615635,
      "fcf_margin": -0.08143322475570032,
      "incr_op_margin_yoy": -2.6,
      "rev_growth_yoy": 0.03367003367003367,
      "op_leverage_ratio": 0.45296167247386754,
      "fcf_margin_change": -0.022199775278348405
    },
    {
      "date": "2022-03-31T00:00:00",
      "quarter_label": "2022-03 (Q1)",
      "revenue": 290000000,
      "gross_profit": 33000000,
      "operating_income": -19000000,
      "net_income": -3000000,
      "opex": 52000000,
      "cogs": 257000000,
      "rd": 9000000,
      "sga": 43000000,
      "fcf": -48000000,
      "ocf": -43000000,
      "capex": -5000000,
      "gross_margin": 0.11379310344827587,
      "op_margin": -0.06551724137931035,
      "fcf_margin": -0.16551724137931034,
      "incr_op_margin_yoy": -0.2,
      "rev_growth_yoy": 0.09433962264150944,
      "rev_growth_yoy_accel": 0.06066958897147577,
      "fcf_margin_change": -0.08408401662361002
    },
    {
      "date": "2022-06-30T00:00:00",
      "quarter_label": "2022-06 (Q2)",
      "revenue": 321000000,
      "gross_profit": 51000000,
      "operating_income": 1000000,
      "net_income": 20000000,
      "opex": 50000000,
      "cogs": 270000000,
      "rd": 9000000,
      "sga": 41000000,
      "fcf": -64000000,
      "ocf": -60000000,
      "capex": -4000000,
      "gross_margin": 0.1588785046728972,
      "op_margin": 0.003115264797507788,
      "fcf_margin": -0.19937694704049844,
      "incr_op_margin_yoy": -0.1,
      "rev_growth_yoy": 0.10309278350515463,
      "rev_growth_yoy_accel": 0.008753160863645193,
      "op_leverage_ratio": Infinity,
      "fcf_margin_change": -0.033859705661188094
    },
    {
      "date": "2022-09-30T00:00:00",
      "quarter_label": "2022-09 (Q3)",
      "revenue": 289000000,
      "gross_profit": 43000000,
      "operating_income": -7000000,
      "net_income": 2000000,
      "opex": 50000000,
      "cogs": 246000000,
      "rd": 8000000,
      "sga": 39000000,
      "fcf": -37000000,
      "ocf": -27000000,
      "capex": -10000000,
      "gross_margin": 0.14878892733564014,
      "op_margin": -0.02422145328719723,
      "fcf_margin": -0.12802768166089964,
      "incr_op_margin_yoy": 1.0,
      "rev_growth_yoy": 0.006968641114982578,
      "rev_growth_yoy_accel": -0.09612414239017206,
      "fcf_margin_change": 0.07134926537959879
    },
    {
      "date": "2022-12-31T00:00:00",
      "quarter_label": "2022-12 (Q4)",
      "revenue": 305000000,
      "gross_profit": 43000000,
      "operating_income": -1000000,
      "net_income": 7000000,
      "opex": 44000000,
      "cogs": 262000000,
      "rd": 8000000,
      "sga": 30000000,
      "fcf": 2000000,
      "ocf": 14000000,
      "capex": -12000000,
      "gross_margin": 0.14098360655737704,
      "op_margin": -0.003278688524590164,
      "fcf_margin": 0.006557377049180328,
      "incr_op_margin_yoy": -13.0,
      "rev_growth_yoy": -0.006514657980456026,
      "rev_growth_yoy_accel": -0.013483299095438606,
      "op_leverage_ratio": Infinity,
      "fcf_margin_change": 0.13458505871007997
    },
    {
      "date": "2023-03-31T00:00:00",
      "quarter_label": "2023-03 (Q1)",
      "revenue": 278000000,
      "gross_profit": 50000000,
      "operating_income": 5000000,
      "net_income": 33000000,
      "opex": 45000000,
      "cogs": 228000000,
      "rd": 9000000,
      "sga": 34000000,
      "fcf": 9000000,
      "ocf": 14000000,
      "capex": -5000000,
      "gross_margin": 0.17985611510791366,
      "op_margin": 0.017985611510791366,
      "fcf_margin": 0.03237410071942446,
      "incr_op_margin_yoy": -2.0,
      "rev_growth_yoy": -0.041379310344827586,
      "rev_growth_yoy_accel": -0.03486465236437156,
      "fcf_margin_change": 0.02581672367024413
    },
    {
      "date": "2023-06-30T00:00:00",
      "quarter_label": "2023-06 (Q2)",
      "revenue": 295000000,
      "gross_profit": 63000000,
      "operating_income": 10000000,
      "net_income": 35000000,
      "opex": 53000000,
      "cogs": 232000000,
      "rd": 9000000,
      "sga": 40000000,
      "fcf": 1000000,
      "ocf": 7000000,
      "capex": -6000000,
      "gross_margin": 0.2135593220338983,
      "op_margin": 0.03389830508474576,
      "fcf_margin": 0.003389830508474576,
      "incr_op_margin_yoy": -0.34615384615384615,
      "rev_growth_yoy": -0.08099688473520249,
      "rev_growth_yoy_accel": -0.0396175743903749,
      "op_leverage_ratio": 0.34397482014388486,
      "fcf_margin_change": -0.028984270210949886
    },
    {
      "date": "2023-09-30T00:00:00",
      "quarter_label": "2023-09 (Q3)",
      "revenue": 269000000,
      "gross_profit": 50000000,
      "operating_income": 2000000,
      "net_income": 2000000,
      "opex": 48000000,
      "cogs": 219000000,
      "rd": 7000000,
      "sga": 40000000,
      "fcf": -4000000,
      "ocf": 0,
      "capex": -4000000,
      "gross_margin": 0.18587360594795538,
      "op_margin": 0.007434944237918215,
      "fcf_margin": -0.01486988847583643,
      "incr_op_margin_yoy": -0.45,
      "rev_growth_yoy": -0.06920415224913495,
      "rev_growth_yoy_accel": 0.011792732486067534,
      "fcf_margin_change": -0.018259718984311005
    },
    {
      "date": "2023-12-31T00:00:00",
      "quarter_label": "2023-12 (Q4)",
      "revenue": 275000000,
      "gross_profit": 47000000,
      "operating_income": -13000000,
      "net_income": 5000000,
      "opex": 60000000,
      "cogs": 228000000,
      "rd": 9000000,
      "sga": 45000000,
      "fcf": 0,
      "ocf": 17000000,
      "capex": -17000000,
      "gross_margin": 0.1709090909090909,
      "op_margin": -0.04727272727272727,
      "fcf_margin": 0.0,
      "incr_op_margin_yoy": 0.4,
      "rev_growth_yoy": -0.09836065573770492,
      "rev_growth_yoy_accel": -0.029156503488569963,
      "op_leverage_ratio": 0.08921933085501858,
      "fcf_margin_change": 0.01486988847583643
    },
    {
      "date": "2024-03-31T00:00:00",
      "quarter_label": "2024-03 (Q1)",
      "revenue": 249000000,
      "gross_profit": 49000000,
      "operating_income": 7000000,
      "net_income": 32000000,
      "opex": 42000000,
      "cogs": 200000000,
      "rd": 9000000,
      "sga": 45000000,
      "fcf": 7000000,
      "ocf": 17000000,
      "capex": -10000000,
      "gross_margin": 0.19678714859437751,
      "op_margin": 0.028112449799196786,
      "fcf_margin": 0.028112449799196786,
      "incr_op_margin_yoy": -0.06896551724137931,
      "rev_growth_yoy": -0.10431654676258993,
      "rev_growth_yoy_accel": -0.0059558910248850155,
      "fcf_margin_change": 0.028112449799196786
    },
    {
      "date": "2024-06-30T00:00:00",
      "quarter_label": "2024-06 (Q2)",
      "revenue": 267000000,
      "gross_profit": 58000000,
      "operating_income": 2000000,
      "net_income": 26000000,
      "opex": 56000000,
      "cogs": 209000000,
      "rd": 8000000,
      "sga": 47000000,
      "fcf": -16000000,
      "ocf": -7000000,
      "capex": -9000000,
      "gross_margin": 0.21722846441947566,
      "op_margin": 0.00749063670411985,
      "fcf_margin": -0.0599250936329588,
      "incr_op_margin_yoy": 0.2857142857142857,
      "rev_growth_yoy": -0.09491525423728814,
      "rev_growth_yoy_accel": 0.009401292525301794,
      "op_leverage_ratio": 0.21686746987951808,
      "fcf_margin_change": -0.08803754343215558
    },
    {
      "date": "2024-09-30T00:00:00",
      "quarter_label": "2024-09 (Q3)",
      "revenue": 261000000,
      "gross_profit": 45000000,
      "operating_income": -8000000,
      "net_income": 18000000,
      "opex": 53000000,
      "cogs": 216000000,
      "rd": 8000000,
      "sga": 44000000,
      "fcf": -41000000,
      "ocf": -21000000,
      "capex": -20000000,
      "gross_margin": 0.1724137931034483,
      "op_margin": -0.03065134099616858,
      "fcf_margin": -0.15708812260536398,
      "incr_op_margin_yoy": 1.25,
      "rev_growth_yoy": -0.02973977695167286,
      "rev_growth_yoy_accel": 0.06517547728561528,
      "fcf_margin_change": -0.09716302897240517
    },
    {
      "date": "2024-12-31T00:00:00",
      "quarter_label": "2024-12 (Q4)",
      "revenue": 266000000,
      "gross_profit": 51000000,
      "operating_income": -8000000,
      "net_income": 26000000,
      "opex": 59000000,
      "cogs": 215000000,
      "rd": 8000000,
      "sga": 43000000,
      "fcf": -13000000,
      "ocf": 4000000,
      "capex": -17000000,
      "gross_margin": 0.19172932330827067,
      "op_margin": -0.03007518796992481,
      "fcf_margin": -0.04887218045112782,
      "incr_op_margin_yoy": -0.5555555555555556,
      "rev_growth_yoy": -0.03272727272727273,
      "rev_growth_yoy_accel": -0.002987495775599869,
      "op_leverage_ratio": 0.16922094508301402,
      "fcf_margin_change": 0.10821594215423616
    },
    {
      "date": "2025-03-31T00:00:00",
      "quarter_label": "2025-03 (Q1)",
      "revenue": 247000000,
      "gross_profit": 46000000,
      "operating_income": -13000000,
      "net_income": -7000000,
      "opex": 59000000,
      "cogs": 201000000,
      "rd": 9000000,
      "sga": 45000000,
      "fcf": -50000000,
      "ocf": -38000000,
      "capex": -12000000,
      "gross_margin": 0.1862348178137652,
      "op_margin": -0.05263157894736842,
      "fcf_margin": -0.20242914979757085,
      "incr_op_margin_yoy": 10.0,
      "rev_growth_yoy": -0.008032128514056224,
      "rev_growth_yoy_accel": 0.024695144213216506,
      "fcf_margin_change": -0.15355696934644303
    },
    {
      "date": "2025-06-30T00:00:00",
      "quarter_label": "2025-06 (Q2)",
      "revenue": 263000000,
      "gross_profit": 51000000,
      "operating_income": -5000000,
      "net_income": -26000000,
      "opex": 56000000,
      "cogs": 212000000,
      "rd": 9000000,
      "sga": 41000000,
      "fcf": -4000000,
      "ocf": 8000000,
      "capex": -12000000,
      "gross_margin": 0.19391634980988592,
      "op_margin": -0.019011406844106463,
      "fcf_margin": -0.015209125475285171,
      "incr_op_margin_yoy": 1.75,
      "rev_growth_yoy": -0.0149812734082397,
      "rev_growth_yoy_accel": -0.006949144894183476,
      "op_leverage_ratio": Infinity,
      "fcf_margin_change": 0.18722002432228568
    },
    {
      "date": "2025-09-30T00:00:00",
      "quarter_label": "2025-09 (Q3)",
      "revenue": 269000000,
      "gross_profit": 68000000,
      "operating_income": 19000000,
      "net_income": 13000000,
      "opex": 49000000,
      "cogs": 201000000,
      "rd": 7000000,
      "sga": 41000000,
      "fcf": 17000000,
      "ocf": 21000000,
      "capex": -4000000,
      "gross_margin": 0.2527881040892193,
      "op_margin": 0.07063197026022305,
      "fcf_margin": 0.06319702602230483,
      "incr_op_margin_yoy": 3.375,
      "rev_growth_yoy": 0.03065134099616858,
      "rev_growth_yoy_accel": 0.04563261440440828,
      "op_leverage_ratio": Infinity,
      "fcf_margin_change": 0.07840615149759
    }
  ],
  "signals": [
    {
      "quarter": "2025-09 (Q3)",
      "signal": "FCF TURNED POSITIVE",
      "detail": "FCF margin: -1.5% -> +6.3%",
      "severity": "HIGH"
    },
    {
      "quarter": "2025-09 (Q3)",
      "signal": "OP MARGIN TURNED POSITIVE (YoY)",
      "detail": "Op margin: -3.1% (year-ago) -> +7.1%",
      "severity": "HIGH"
    },
    {
      "quarter": "2025-09 (Q3)",
      "signal": "OP MARGIN TURNED POSITIVE (QoQ)",
      "detail": "Op margin: -1.9% -> +7.1%",
      "severity": "HIGH"
    },
    {
      "quarter": "2025-06 (Q2)",
      "signal": "FCF MARGIN EXPANSION",
      "detail": "FCF margin: -20.2% -> -1.5% (+18.7%)",
      "severity": "MEDIUM"
    },
    {
      "quarter": "2024-12 (Q4)",
      "signal": "FCF MARGIN EXPANSION",
      "detail": "FCF margin: -15.7% -> -4.9% (+10.8%)",
      "severity": "MEDIUM"
    },
    {
      "quarter": "2024-09 (Q3)",
      "signal": "YoY REVENUE GROWTH ACCELERATION",
      "detail": "YoY growth: -3.0% vs prior quarter YoY: -9.5% (accel: +6.5%)",
      "severity": "MEDIUM"
    },
    {
      "quarter": "2024-06 (Q2)",
      "signal": "INCREMENTAL MARGIN (YoY)",
      "detail": "YoY Incr OPM: +28.6% vs year-ago OPM: +3.4%",
      "severity": "HIGH"
    },
    {
      "quarter": "2024-03 (Q1)",
      "signal": "GROSS MARGIN INFLECTION",
      "detail": "GM: +18.6% -> +17.1% -> +19.7% (reversal +2.6%)",
      "severity": "MEDIUM"
    },
    {
      "quarter": "2024-03 (Q1)",
      "signal": "OP MARGIN TURNED POSITIVE (QoQ)",
      "detail": "Op margin: -4.7% -> +2.8%",
      "severity": "HIGH"
    },
    {
      "quarter": "2023-09 (Q3)",
      "signal": "OP MARGIN TURNED POSITIVE (YoY)",
      "detail": "Op margin: -2.4% (year-ago) -> +0.7%",
      "severity": "HIGH"
    },
    {
      "quarter": "2023-03 (Q1)",
      "signal": "GROSS MARGIN INFLECTION",
      "detail": "GM: +14.9% -> +14.1% -> +18.0% (reversal +3.9%)",
      "severity": "MEDIUM"
    },
    {
      "quarter": "2023-03 (Q1)",
      "signal": "OP MARGIN TURNED POSITIVE (YoY)",
      "detail": "Op margin: -6.6% (year-ago) -> +1.8%",
      "severity": "HIGH"
    },
    {
      "quarter": "2023-03 (Q1)",
      "signal": "OP MARGIN TURNED POSITIVE (QoQ)",
      "detail": "Op margin: -0.3% -> +1.8%",
      "severity": "HIGH"
    },
    {
      "quarter": "2022-12 (Q4)",
      "signal": "FCF TURNED POSITIVE",
      "detail": "FCF margin: -12.8% -> +0.7%",
      "severity": "HIGH"
    },
    {
      "quarter": "2022-09 (Q3)",
      "signal": "FCF MARGIN EXPANSION",
      "detail": "FCF margin: -19.9% -> -12.8% (+7.1%)",
      "severity": "MEDIUM"
    },
    {
      "quarter": "2022-09 (Q3)",
      "signal": "YoY REVENUE GROWTH DECELERATION",
      "detail": "YoY growth: +0.7% vs prior quarter YoY: +10.3% (decel: -9.6%)",
      "severity": "WARNING"
    },
    {
      "quarter": "2022-06 (Q2)",
      "signal": "OP MARGIN TURNED POSITIVE (QoQ)",
      "detail": "Op margin: -6.6% -> +0.3%",
      "severity": "HIGH"
    },
    {
      "quarter": "2022-03 (Q1)",
      "signal": "YoY REVENUE GROWTH ACCELERATION",
      "detail": "YoY growth: +9.4% vs prior quarter YoY: +3.4% (accel: +6.1%)",
      "severity": "MEDIUM"
    },
    {
      "quarter": "2021-06 (Q2)",
      "signal": "OP MARGIN TURNED POSITIVE (QoQ)",
      "detail": "Op margin: -5.3% -> +1.4%",
      "severity": "HIGH"
    }
  ],
  "data_quality": {
    "n_quarters": 20,
    "coverage": {
      "revenue": [
        20,
        20
      ],
      "gross_profit": [
        20,
        20
      ],
      "op_income": [
        20,
        20
      ],
      "fcf": [
        20,
        20
      ]
    },
    "gaps": [],
    "warnings": []
  },
  "market_cap": null,
  "source": "SEC EDGAR",
  "last_updated": "2026-02-02T22:12:10.851393",
  "sector": "Industrials",
  "industry": "Specialty Business Services"
}