{
  "ticker": "KOP",
  "name": "KOPPERS HOLDINGS INC.",
  "quarters": [
    {
      "date": "2020-12-31T00:00:00",
      "quarter_label": "2020-12 (Q4)",
      "revenue": 393100000,
      "gross_profit": 89200000,
      "operating_income": 34800000,
      "net_income": 18600000,
      "opex": 54400000,
      "cogs": 303900000,
      "rd": null,
      "sga": 39000000,
      "fcf": 35600000,
      "ocf": 61600000,
      "capex": -26000000,
      "gross_margin": 0.22691427117781734,
      "op_margin": 0.0885270923429153,
      "fcf_margin": 0.09056219791401679
    },
    {
      "date": "2021-03-31T00:00:00",
      "quarter_label": "2021-03 (Q1)",
      "revenue": 407500000,
      "gross_profit": 88200000,
      "operating_income": 43900000,
      "net_income": 25900000,
      "opex": 44300000,
      "cogs": 319300000,
      "rd": null,
      "sga": 34500000,
      "fcf": -31600000,
      "ocf": -7400000,
      "capex": -24200000,
      "gross_margin": 0.21644171779141105,
      "op_margin": 0.10773006134969325,
      "fcf_margin": -0.07754601226993865,
      "op_leverage_ratio": Infinity,
      "fcf_margin_change": -0.16810821018395544
    },
    {
      "date": "2021-06-30T00:00:00",
      "quarter_label": "2021-06 (Q2)",
      "revenue": 441000000,
      "gross_profit": 97100000,
      "operating_income": 44300000,
      "net_income": 26900000,
      "opex": 52800000,
      "cogs": 343900000,
      "rd": null,
      "sga": 38300000,
      "fcf": 6800000,
      "ocf": 43500000,
      "capex": -36700000,
      "gross_margin": 0.2201814058956916,
      "op_margin": 0.10045351473922902,
      "fcf_margin": 0.015419501133786848,
      "op_leverage_ratio": 0.4284518224467701,
      "fcf_margin_change": 0.0929655134037255
    },
    {
      "date": "2021-09-30T00:00:00",
      "quarter_label": "2021-09 (Q3)",
      "revenue": 424800000,
      "gross_profit": 75900000,
      "operating_income": 24600000,
      "net_income": 10200000,
      "opex": 51300000,
      "cogs": 348900000,
      "rd": null,
      "sga": 37800000,
      "fcf": -3200000,
      "ocf": 23500000,
      "capex": -26700000,
      "gross_margin": 0.1786723163841808,
      "op_margin": 0.05790960451977401,
      "fcf_margin": -0.007532956685499058,
      "fcf_margin_change": -0.022952457819285906
    },
    {
      "date": "2021-12-31T00:00:00",
      "quarter_label": "2021-12 (Q4)",
      "revenue": 405300000,
      "gross_profit": 72900000,
      "operating_income": 43700000,
      "net_income": 22200000,
      "opex": 29200000,
      "cogs": 332400000,
      "rd": null,
      "sga": 38300000,
      "fcf": 6000000,
      "ocf": 43400000,
      "capex": -37400000,
      "gross_margin": 0.17986676535899335,
      "op_margin": 0.1078213668887244,
      "fcf_margin": 0.014803849000740192,
      "incr_op_margin_yoy": 0.7295081967213115,
      "rev_growth_yoy": 0.03103535995929789,
      "fcf_margin_change": 0.02233680568623925
    },
    {
      "date": "2022-03-31T00:00:00",
      "quarter_label": "2022-03 (Q1)",
      "revenue": 459300000,
      "gross_profit": 89000000,
      "operating_income": 38200000,
      "net_income": 18800000,
      "opex": 50800000,
      "cogs": 370300000,
      "rd": null,
      "sga": 39100000,
      "fcf": -34200000,
      "ocf": -8000000,
      "capex": -26200000,
      "gross_margin": 0.19377313302852167,
      "op_margin": 0.08317004136729807,
      "fcf_margin": -0.07446113651208361,
      "incr_op_margin_yoy": -0.11003861003861004,
      "rev_growth_yoy": 0.12711656441717792,
      "rev_growth_yoy_accel": 0.09608120445788003,
      "op_leverage_ratio": 0.18011349617567238,
      "fcf_margin_change": -0.0892649855128238
    },
    {
      "date": "2022-06-30T00:00:00",
      "quarter_label": "2022-06 (Q2)",
      "revenue": 502500000,
      "gross_profit": 83100000,
      "operating_income": 29100000,
      "net_income": 11700000,
      "opex": 54000000,
      "cogs": 419400000,
      "rd": null,
      "sga": 40600000,
      "fcf": -400000,
      "ocf": 29200000,
      "capex": -29600000,
      "gross_margin": 0.1653731343283582,
      "op_margin": 0.05791044776119403,
      "fcf_margin": -0.0007960199004975124,
      "incr_op_margin_yoy": -0.24715447154471545,
      "rev_growth_yoy": 0.13945578231292516,
      "rev_growth_yoy_accel": 0.01233921789574724,
      "op_leverage_ratio": 1.4931417374265186,
      "fcf_margin_change": 0.07366511661158609
    },
    {
      "date": "2022-09-30T00:00:00",
      "quarter_label": "2022-09 (Q3)",
      "revenue": 536100000,
      "gross_profit": 96400000,
      "operating_income": 42800000,
      "net_income": 19100000,
      "opex": 53600000,
      "cogs": 439700000,
      "rd": null,
      "sga": 36700000,
      "fcf": 22000000,
      "ocf": 46200000,
      "capex": -24200000,
      "gross_margin": 0.17981719828390225,
      "op_margin": 0.07983585152023877,
      "fcf_margin": 0.041037119940309646,
      "incr_op_margin_yoy": 0.16352201257861634,
      "rev_growth_yoy": 0.2620056497175141,
      "rev_growth_yoy_accel": 0.12254986740458895,
      "op_leverage_ratio": Infinity,
      "fcf_margin_change": 0.04183313984080716
    },
    {
      "date": "2022-12-31T00:00:00",
      "quarter_label": "2022-12 (Q4)",
      "revenue": 482600000,
      "gross_profit": 76100000,
      "operating_income": 27600000,
      "net_income": 13800000,
      "opex": 48500000,
      "cogs": 406500000,
      "rd": null,
      "sga": 36900000,
      "fcf": 9600000,
      "ocf": 34900000,
      "capex": -25300000,
      "gross_margin": 0.1576875259013676,
      "op_margin": 0.05719021964359718,
      "fcf_margin": 0.01989225031081641,
      "incr_op_margin_yoy": -0.20827943078913325,
      "rev_growth_yoy": 0.19072292129286947,
      "rev_growth_yoy_accel": -0.07128272842464464,
      "fcf_margin_change": -0.021144869629493235
    },
    {
      "date": "2023-03-31T00:00:00",
      "quarter_label": "2023-03 (Q1)",
      "revenue": 513400000,
      "gross_profit": 104100000,
      "operating_income": 50300000,
      "net_income": 25500000,
      "opex": 53800000,
      "cogs": 409300000,
      "rd": null,
      "sga": 41600000,
      "fcf": -45700000,
      "ocf": -15300000,
      "capex": -30400000,
      "gross_margin": 0.20276587456174522,
      "op_margin": 0.09797428905336969,
      "fcf_margin": -0.08901441371250488,
      "incr_op_margin_yoy": 0.22365988909426987,
      "rev_growth_yoy": 0.11778793816677553,
      "rev_growth_yoy_accel": -0.07293498312609394,
      "op_leverage_ratio": 0.5840220816489299,
      "fcf_margin_change": -0.10890666402332129
    },
    {
      "date": "2023-06-30T00:00:00",
      "quarter_label": "2023-06 (Q2)",
      "revenue": 577200000,
      "gross_profit": 112500000,
      "operating_income": 54400000,
      "net_income": 24500000,
      "opex": 58100000,
      "cogs": 464700000,
      "rd": null,
      "sga": 43700000,
      "fcf": -19000000,
      "ocf": 13200000,
      "capex": -32200000,
      "gross_margin": 0.1949064449064449,
      "op_margin": 0.09424809424809424,
      "fcf_margin": -0.03291753291753292,
      "incr_op_margin_yoy": 0.3386880856760375,
      "rev_growth_yoy": 0.14865671641791045,
      "rev_growth_yoy_accel": 0.030868778251134918,
      "op_leverage_ratio": 1.5548146873103164,
      "fcf_margin_change": 0.05609688079497196
    },
    {
      "date": "2023-09-30T00:00:00",
      "quarter_label": "2023-09 (Q3)",
      "revenue": 550400000,
      "gross_profit": 111400000,
      "operating_income": 53300000,
      "net_income": 26300000,
      "opex": 58100000,
      "cogs": 439000000,
      "rd": null,
      "sga": 43800000,
      "fcf": 52900000,
      "ocf": 81600000,
      "capex": -28700000,
      "gross_margin": 0.2023982558139535,
      "op_margin": 0.09683866279069768,
      "fcf_margin": 0.09611191860465117,
      "incr_op_margin_yoy": 0.7342657342657343,
      "rev_growth_yoy": 0.026674127961201267,
      "rev_growth_yoy_accel": -0.12198258845670919,
      "fcf_margin_change": 0.1290294515221841
    },
    {
      "date": "2023-12-31T00:00:00",
      "quarter_label": "2023-12 (Q4)",
      "revenue": 513200000,
      "gross_profit": 96500000,
      "operating_income": 37200000,
      "net_income": 12900000,
      "opex": 59300000,
      "cogs": 416700000,
      "rd": null,
      "sga": 45000000,
      "fcf": 37400000,
      "ocf": 66600000,
      "capex": -29200000,
      "gross_margin": 0.18803585346843335,
      "op_margin": 0.0724863600935308,
      "fcf_margin": 0.07287607170693687,
      "incr_op_margin_yoy": 0.3137254901960784,
      "rev_growth_yoy": 0.06340654786572732,
      "rev_growth_yoy_accel": 0.036732419904526054,
      "fcf_margin_change": -0.023235846897714296
    },
    {
      "date": "2024-03-31T00:00:00",
      "quarter_label": "2024-03 (Q1)",
      "revenue": 497600000,
      "gross_profit": 96200000,
      "operating_income": 34600000,
      "net_income": 13000000,
      "opex": 61600000,
      "cogs": 401400000,
      "rd": null,
      "sga": 45500000,
      "fcf": -38600000,
      "ocf": -12300000,
      "capex": -26300000,
      "gross_margin": 0.19332797427652734,
      "op_margin": 0.06953376205787781,
      "fcf_margin": -0.07757234726688103,
      "incr_op_margin_yoy": 0.9936708860759493,
      "rev_growth_yoy": -0.03077522399688352,
      "rev_growth_yoy_accel": -0.09418177186261084,
      "fcf_margin_change": -0.1504484189738179
    },
    {
      "date": "2024-06-30T00:00:00",
      "quarter_label": "2024-06 (Q2)",
      "revenue": 563200000,
      "gross_profit": 121600000,
      "operating_income": 57500000,
      "net_income": 26800000,
      "opex": 64100000,
      "cogs": 441600000,
      "rd": null,
      "sga": 45900000,
      "fcf": 10100000,
      "ocf": 27200000,
      "capex": -17100000,
      "gross_margin": 0.2159090909090909,
      "op_margin": 0.10209517045454546,
      "fcf_margin": 0.017933238636363636,
      "incr_op_margin_yoy": -0.22142857142857142,
      "rev_growth_yoy": -0.024255024255024255,
      "rev_growth_yoy_accel": 0.006520199741859266,
      "op_leverage_ratio": 3.248360128617363,
      "fcf_margin_change": 0.09550558590324466
    },
    {
      "date": "2024-09-30T00:00:00",
      "quarter_label": "2024-09 (Q3)",
      "revenue": 554300000,
      "gross_profit": 121200000,
      "operating_income": 49700000,
      "net_income": 22800000,
      "opex": 71500000,
      "cogs": 433100000,
      "rd": null,
      "sga": 43900000,
      "fcf": 14400000,
      "ocf": 29800000,
      "capex": -15400000,
      "gross_margin": 0.21865415839797944,
      "op_margin": 0.0896626375608876,
      "fcf_margin": 0.025978711888868845,
      "incr_op_margin_yoy": -0.9230769230769231,
      "rev_growth_yoy": 0.007085755813953488,
      "rev_growth_yoy_accel": 0.031340780068977746,
      "fcf_margin_change": 0.008045473252505209
    },
    {
      "date": "2024-12-31T00:00:00",
      "quarter_label": "2024-12 (Q4)",
      "revenue": 477000000,
      "gross_profit": 83600000,
      "operating_income": 6400000,
      "net_income": -10200000,
      "opex": 77200000,
      "cogs": 393400000,
      "rd": null,
      "sga": 44000000,
      "fcf": 56100000,
      "ocf": 74700000,
      "capex": -18600000,
      "gross_margin": 0.17526205450733753,
      "op_margin": 0.013417190775681341,
      "fcf_margin": 0.11761006289308176,
      "incr_op_margin_yoy": 0.850828729281768,
      "rev_growth_yoy": -0.0705378020265004,
      "rev_growth_yoy_accel": -0.07762355784045388,
      "fcf_margin_change": 0.09163135100421292
    },
    {
      "date": "2025-03-31T00:00:00",
      "quarter_label": "2025-03 (Q1)",
      "revenue": 456500000,
      "gross_profit": 105800000,
      "operating_income": 27000000,
      "net_income": -13900000,
      "opex": 78800000,
      "cogs": 350700000,
      "rd": null,
      "sga": 41100000,
      "fcf": -37000000,
      "ocf": -22700000,
      "capex": -14300000,
      "gross_margin": 0.23176341730558597,
      "op_margin": 0.05914567360350493,
      "fcf_margin": -0.08105147864184009,
      "incr_op_margin_yoy": 0.18491484184914841,
      "rev_growth_yoy": -0.08259646302250803,
      "rev_growth_yoy_accel": -0.012058660996007636,
      "fcf_margin_change": -0.19866154153492185
    },
    {
      "date": "2025-06-30T00:00:00",
      "quarter_label": "2025-06 (Q2)",
      "revenue": 504800000,
      "gross_profit": 114200000,
      "operating_income": 39100000,
      "net_income": 16400000,
      "opex": 75100000,
      "cogs": 390600000,
      "rd": null,
      "sga": 39500000,
      "fcf": 38400000,
      "ocf": 50500000,
      "capex": -12100000,
      "gross_margin": 0.22622820919175912,
      "op_margin": 0.07745641838351823,
      "fcf_margin": 0.07606973058637084,
      "incr_op_margin_yoy": 0.3150684931506849,
      "rev_growth_yoy": -0.10369318181818182,
      "rev_growth_yoy_accel": -0.02109671879567379,
      "op_leverage_ratio": Infinity,
      "fcf_margin_change": 0.15712120922821093
    },
    {
      "date": "2025-09-30T00:00:00",
      "quarter_label": "2025-09 (Q3)",
      "revenue": 485300000,
      "gross_profit": 117000000,
      "operating_income": 51800000,
      "net_income": 23800000,
      "opex": 65200000,
      "cogs": 368300000,
      "rd": null,
      "sga": 37500000,
      "fcf": 37600000,
      "ocf": 49600000,
      "capex": -12000000,
      "gross_margin": 0.24108798681228105,
      "op_margin": 0.10673810014424068,
      "fcf_margin": 0.07747784875334844,
      "incr_op_margin_yoy": -0.030434782608695653,
      "rev_growth_yoy": -0.12448132780082988,
      "rev_growth_yoy_accel": -0.020788145982648054,
      "fcf_margin_change": 0.0014081181669775983
    }
  ],
  "signals": [
    {
      "quarter": "2025-06 (Q2)",
      "signal": "FCF TURNED POSITIVE",
      "detail": "FCF margin: -8.1% -> +7.6%",
      "severity": "HIGH"
    },
    {
      "quarter": "2025-06 (Q2)",
      "signal": "INCREMENTAL MARGIN (YoY)",
      "detail": "YoY Incr OPM: +31.5% vs year-ago OPM: +10.2%",
      "severity": "HIGH"
    },
    {
      "quarter": "2025-03 (Q1)",
      "signal": "GROSS MARGIN INFLECTION",
      "detail": "GM: +21.9% -> +17.5% -> +23.2% (reversal +5.7%)",
      "severity": "HIGH"
    },
    {
      "quarter": "2025-03 (Q1)",
      "signal": "INCREMENTAL MARGIN (YoY)",
      "detail": "YoY Incr OPM: +18.5% vs year-ago OPM: +7.0%",
      "severity": "MEDIUM"
    },
    {
      "quarter": "2024-12 (Q4)",
      "signal": "FCF MARGIN EXPANSION",
      "detail": "FCF margin: +2.6% -> +11.8% (+9.2%)",
      "severity": "MEDIUM"
    },
    {
      "quarter": "2024-12 (Q4)",
      "signal": "YoY REVENUE GROWTH DECELERATION",
      "detail": "YoY growth: -7.1% vs prior quarter YoY: +0.7% (decel: -7.8%)",
      "severity": "WARNING"
    },
    {
      "quarter": "2024-12 (Q4)",
      "signal": "INCREMENTAL MARGIN (YoY)",
      "detail": "YoY Incr OPM: +85.1% vs year-ago OPM: +7.2%",
      "severity": "HIGH"
    },
    {
      "quarter": "2024-06 (Q2)",
      "signal": "FCF TURNED POSITIVE",
      "detail": "FCF margin: -7.8% -> +1.8%",
      "severity": "HIGH"
    },
    {
      "quarter": "2024-06 (Q2)",
      "signal": "OPERATING LEVERAGE",
      "detail": "Rev growth +13.2% vs OpEx growth +4.1% (leverage: 3.2x)",
      "severity": "MEDIUM"
    },
    {
      "quarter": "2024-03 (Q1)",
      "signal": "YoY REVENUE GROWTH DECELERATION",
      "detail": "YoY growth: -3.1% vs prior quarter YoY: +6.3% (decel: -9.4%)",
      "severity": "WARNING"
    },
    {
      "quarter": "2024-03 (Q1)",
      "signal": "INCREMENTAL MARGIN (YoY)",
      "detail": "YoY Incr OPM: +99.4% vs year-ago OPM: +9.8%",
      "severity": "HIGH"
    },
    {
      "quarter": "2023-12 (Q4)",
      "signal": "INCREMENTAL MARGIN (YoY)",
      "detail": "YoY Incr OPM: +31.4% vs year-ago OPM: +5.7%",
      "severity": "HIGH"
    },
    {
      "quarter": "2023-09 (Q3)",
      "signal": "FCF TURNED POSITIVE",
      "detail": "FCF margin: -3.3% -> +9.6%",
      "severity": "HIGH"
    },
    {
      "quarter": "2023-09 (Q3)",
      "signal": "YoY REVENUE GROWTH DECELERATION",
      "detail": "YoY growth: +2.7% vs prior quarter YoY: +14.9% (decel: -12.2%)",
      "severity": "WARNING"
    },
    {
      "quarter": "2023-09 (Q3)",
      "signal": "INCREMENTAL MARGIN (YoY)",
      "detail": "YoY Incr OPM: +73.4% vs year-ago OPM: +8.0%",
      "severity": "HIGH"
    },
    {
      "quarter": "2023-06 (Q2)",
      "signal": "FCF MARGIN EXPANSION",
      "detail": "FCF margin: -8.9% -> -3.3% (+5.6%)",
      "severity": "MEDIUM"
    },
    {
      "quarter": "2023-06 (Q2)",
      "signal": "OPERATING LEVERAGE",
      "detail": "Rev growth +12.4% vs OpEx growth +8.0% (leverage: 1.6x)",
      "severity": "MEDIUM"
    },
    {
      "quarter": "2023-06 (Q2)",
      "signal": "INCREMENTAL MARGIN (YoY)",
      "detail": "YoY Incr OPM: +33.9% vs year-ago OPM: +5.8%",
      "severity": "HIGH"
    },
    {
      "quarter": "2023-03 (Q1)",
      "signal": "GROSS MARGIN INFLECTION",
      "detail": "GM: +18.0% -> +15.8% -> +20.3% (reversal +4.5%)",
      "severity": "MEDIUM"
    },
    {
      "quarter": "2023-03 (Q1)",
      "signal": "YoY REVENUE GROWTH DECELERATION",
      "detail": "YoY growth: +11.8% vs prior quarter YoY: +19.1% (decel: -7.3%)",
      "severity": "WARNING"
    },
    {
      "quarter": "2023-03 (Q1)",
      "signal": "INCREMENTAL MARGIN (YoY)",
      "detail": "YoY Incr OPM: +22.4% vs year-ago OPM: +8.3%",
      "severity": "MEDIUM"
    },
    {
      "quarter": "2022-12 (Q4)",
      "signal": "YoY REVENUE GROWTH DECELERATION",
      "detail": "YoY growth: +19.1% vs prior quarter YoY: +26.2% (decel: -7.1%)",
      "severity": "WARNING"
    },
    {
      "quarter": "2022-09 (Q3)",
      "signal": "FCF TURNED POSITIVE",
      "detail": "FCF margin: -0.1% -> +4.1%",
      "severity": "HIGH"
    },
    {
      "quarter": "2022-09 (Q3)",
      "signal": "YoY REVENUE GROWTH ACCELERATION",
      "detail": "YoY growth: +26.2% vs prior quarter YoY: +13.9% (accel: +12.3%)",
      "severity": "MEDIUM"
    },
    {
      "quarter": "2022-09 (Q3)",
      "signal": "INCREMENTAL MARGIN (YoY)",
      "detail": "YoY Incr OPM: +16.4% vs year-ago OPM: +5.8%",
      "severity": "MEDIUM"
    },
    {
      "quarter": "2022-06 (Q2)",
      "signal": "FCF MARGIN EXPANSION",
      "detail": "FCF margin: -7.4% -> -0.1% (+7.4%)",
      "severity": "MEDIUM"
    },
    {
      "quarter": "2022-03 (Q1)",
      "signal": "YoY REVENUE GROWTH ACCELERATION",
      "detail": "YoY growth: +12.7% vs prior quarter YoY: +3.1% (accel: +9.6%)",
      "severity": "MEDIUM"
    },
    {
      "quarter": "2021-12 (Q4)",
      "signal": "FCF TURNED POSITIVE",
      "detail": "FCF margin: -0.8% -> +1.5%",
      "severity": "HIGH"
    },
    {
      "quarter": "2021-12 (Q4)",
      "signal": "INCREMENTAL MARGIN (YoY)",
      "detail": "YoY Incr OPM: +73.0% vs year-ago OPM: +8.9%",
      "severity": "HIGH"
    },
    {
      "quarter": "2021-06 (Q2)",
      "signal": "FCF TURNED POSITIVE",
      "detail": "FCF margin: -7.8% -> +1.5%",
      "severity": "HIGH"
    }
  ],
  "data_quality": {
    "n_quarters": 20,
    "coverage": {
      "revenue": [
        20,
        20
      ],
      "gross_profit": [
        20,
        20
      ],
      "op_income": [
        20,
        20
      ],
      "fcf": [
        20,
        20
      ]
    },
    "gaps": [],
    "warnings": []
  },
  "market_cap": null,
  "source": "SEC EDGAR",
  "last_updated": "2026-02-02T22:20:09.065755"
}