{
  "ticker": "KPLTW",
  "name": "KATAPULT HOLDINGS, INC.",
  "quarters": [
    {
      "date": "2020-12-31T00:00:00",
      "quarter_label": "2020-12 (Q4)",
      "revenue": 73358000,
      "gross_profit": 22480000,
      "operating_income": -210882,
      "net_income": -183098,
      "opex": 22690882,
      "cogs": 50878000,
      "rd": null,
      "sga": null,
      "fcf": 3921000,
      "ocf": 4034000,
      "capex": -113000,
      "gross_margin": 0.30644237847269556,
      "op_margin": -0.0028746966929305597,
      "fcf_margin": 0.053450203113498185
    },
    {
      "date": "2021-03-31T00:00:00",
      "quarter_label": "2021-03 (Q1)",
      "revenue": 80635000,
      "gross_profit": 27753000,
      "operating_income": -331966,
      "net_income": 204737,
      "opex": 28084966,
      "cogs": 52882000,
      "rd": null,
      "sga": null,
      "fcf": 7155000,
      "ocf": 7258000,
      "capex": -103000,
      "gross_margin": 0.3441805667514107,
      "op_margin": -0.004116897129038259,
      "fcf_margin": 0.08873318038072797,
      "op_leverage_ratio": 0.4172905642515506,
      "fcf_margin_change": 0.03528297726722979
    },
    {
      "date": "2021-06-30T00:00:00",
      "quarter_label": "2021-06 (Q2)",
      "revenue": 77469000,
      "gross_profit": 21547000,
      "operating_income": -8954000,
      "net_income": -8103000,
      "opex": 30501000,
      "cogs": 55922000,
      "rd": null,
      "sga": null,
      "fcf": -227000,
      "ocf": -132000,
      "capex": -95000,
      "gross_margin": 0.27813706127612337,
      "op_margin": -0.11558171655759078,
      "fcf_margin": -0.002930204339800436,
      "fcf_margin_change": -0.0916633847205284
    },
    {
      "date": "2021-09-30T00:00:00",
      "quarter_label": "2021-09 (Q3)",
      "revenue": 71710000,
      "gross_profit": 18359000,
      "operating_income": -2625000,
      "net_income": 13740000,
      "opex": 20984000,
      "cogs": 53351000,
      "rd": null,
      "sga": null,
      "fcf": -4455000,
      "ocf": -4386000,
      "capex": -69000,
      "gross_margin": 0.2560172918700321,
      "op_margin": -0.03660577325338168,
      "fcf_margin": -0.06212522660716776,
      "fcf_margin_change": -0.05919502226736732
    },
    {
      "date": "2021-12-31T00:00:00",
      "quarter_label": "2021-12 (Q4)",
      "revenue": 73299000,
      "gross_profit": 21330000,
      "operating_income": -1177000,
      "net_income": 7479000,
      "opex": 22507000,
      "cogs": 51969000,
      "rd": null,
      "sga": null,
      "fcf": -691000,
      "ocf": -574000,
      "capex": -117000,
      "gross_margin": 0.2909998772152417,
      "op_margin": -0.016057517837896832,
      "fcf_margin": -0.009427140888688795,
      "rev_growth_yoy": -0.0008042749257068078,
      "op_leverage_ratio": 0.3053040383986241,
      "fcf_margin_change": 0.05269808571847896
    },
    {
      "date": "2022-03-31T00:00:00",
      "quarter_label": "2022-03 (Q1)",
      "revenue": 59877000,
      "gross_profit": 11764000,
      "operating_income": -4811000,
      "net_income": -5558000,
      "opex": 16575000,
      "cogs": 48113000,
      "rd": null,
      "sga": null,
      "fcf": 3602000,
      "ocf": 3741000,
      "capex": -139000,
      "gross_margin": 0.1964694289961087,
      "op_margin": -0.08034804682933347,
      "fcf_margin": 0.0601566544750071,
      "incr_op_margin_yoy": 0.21577387031505926,
      "rev_growth_yoy": -0.25743163638618466,
      "rev_growth_yoy_accel": -0.2566273614604779,
      "fcf_margin_change": 0.0695837953636959
    },
    {
      "date": "2022-06-30T00:00:00",
      "quarter_label": "2022-06 (Q2)",
      "revenue": 53039000,
      "gross_profit": 8190000,
      "operating_income": -8197000,
      "net_income": -9733000,
      "opex": 16387000,
      "cogs": 44849000,
      "rd": null,
      "sga": null,
      "fcf": -5514000,
      "ocf": -5500000,
      "capex": -14000,
      "gross_margin": 0.15441467599313713,
      "op_margin": -0.1545466543486868,
      "fcf_margin": -0.10396123607156997,
      "incr_op_margin_yoy": -0.030986492018010642,
      "rev_growth_yoy": -0.3153519472305051,
      "rev_growth_yoy_accel": -0.05792031084432042,
      "fcf_margin_change": -0.16411789054657708
    },
    {
      "date": "2022-09-30T00:00:00",
      "quarter_label": "2022-09 (Q3)",
      "revenue": 50341000,
      "gross_profit": 11924000,
      "operating_income": -4666000,
      "net_income": -8153000,
      "opex": 16590000,
      "cogs": 38417000,
      "rd": null,
      "sga": null,
      "fcf": 212000,
      "ocf": 223000,
      "capex": -11000,
      "gross_margin": 0.23686458354025547,
      "op_margin": -0.09268786873522576,
      "fcf_margin": 0.004211279076696927,
      "incr_op_margin_yoy": 0.0955121905564135,
      "rev_growth_yoy": -0.29799191186724305,
      "rev_growth_yoy_accel": 0.017360035363262027,
      "fcf_margin_change": 0.1081725151482669
    },
    {
      "date": "2022-12-31T00:00:00",
      "quarter_label": "2022-12 (Q4)",
      "revenue": 48847000,
      "gross_profit": 9107000,
      "operating_income": -7431000,
      "net_income": -14427000,
      "opex": 16538000,
      "cogs": 39740000,
      "rd": null,
      "sga": null,
      "fcf": -19316000,
      "ocf": -19312000,
      "capex": -4000,
      "gross_margin": 0.18643929002804677,
      "op_margin": -0.15212807337195733,
      "fcf_margin": -0.39543881917006163,
      "incr_op_margin_yoy": 0.25576639947652546,
      "rev_growth_yoy": -0.33359254560089496,
      "rev_growth_yoy_accel": -0.03560063373365191,
      "fcf_margin_change": -0.39965009824675857
    },
    {
      "date": "2023-03-31T00:00:00",
      "quarter_label": "2023-03 (Q1)",
      "revenue": 55676000,
      "gross_profit": 13503000,
      "operating_income": -2266000,
      "net_income": -9114000,
      "opex": 15769000,
      "cogs": 42173000,
      "rd": null,
      "sga": null,
      "fcf": -2910000,
      "ocf": -2906000,
      "capex": -4000,
      "gross_margin": 0.242528198864861,
      "op_margin": -0.040699762914002444,
      "fcf_margin": -0.052266685825131116,
      "incr_op_margin_yoy": -0.6058081409188288,
      "rev_growth_yoy": -0.07016049568281645,
      "rev_growth_yoy_accel": 0.2634320499180785,
      "op_leverage_ratio": Infinity,
      "fcf_margin_change": 0.3431721333449305
    },
    {
      "date": "2023-06-30T00:00:00",
      "quarter_label": "2023-06 (Q2)",
      "revenue": 54571000,
      "gross_profit": 10697000,
      "operating_income": -2982000,
      "net_income": -6410000,
      "opex": 13679000,
      "cogs": 43874000,
      "rd": null,
      "sga": null,
      "fcf": -5641000,
      "ocf": -5645000,
      "capex": 4000,
      "gross_margin": 0.1960198640303458,
      "op_margin": -0.054644408202158656,
      "fcf_margin": -0.1033699217533122,
      "incr_op_margin_yoy": 3.404046997389034,
      "rev_growth_yoy": 0.028884405814589266,
      "rev_growth_yoy_accel": 0.09904490149740572,
      "fcf_margin_change": -0.05110323592818108
    },
    {
      "date": "2023-09-30T00:00:00",
      "quarter_label": "2023-09 (Q3)",
      "revenue": 55250000,
      "gross_profit": 12811000,
      "operating_income": 700000,
      "net_income": -2914000,
      "opex": 12111000,
      "cogs": 42439000,
      "rd": null,
      "sga": null,
      "fcf": 821000,
      "ocf": 831000,
      "capex": -10000,
      "gross_margin": 0.2318733031674208,
      "op_margin": 0.012669683257918552,
      "fcf_margin": 0.01485972850678733,
      "incr_op_margin_yoy": 1.0930943165614178,
      "rev_growth_yoy": 0.09751494805426988,
      "rev_growth_yoy_accel": 0.06863054223968063,
      "op_leverage_ratio": Infinity,
      "fcf_margin_change": 0.11822965026009952
    },
    {
      "date": "2023-12-31T00:00:00",
      "quarter_label": "2023-12 (Q4)",
      "revenue": 56091000,
      "gross_profit": 4696000,
      "operating_income": -14244000,
      "net_income": -18228000,
      "opex": 18940000,
      "cogs": 51395000,
      "rd": null,
      "sga": null,
      "fcf": -9704000,
      "ocf": -9694000,
      "capex": -10000,
      "gross_margin": 0.08372109607601932,
      "op_margin": -0.2539444830721506,
      "fcf_margin": -0.1730045818402239,
      "incr_op_margin_yoy": -0.9405024848150193,
      "rev_growth_yoy": 0.14829979323192827,
      "rev_growth_yoy_accel": 0.05078484517765838,
      "op_leverage_ratio": 0.026995203447633828,
      "fcf_margin_change": -0.18786431034701123
    },
    {
      "date": "2024-03-31T00:00:00",
      "quarter_label": "2024-03 (Q1)",
      "revenue": 65061000,
      "gross_profit": 16488000,
      "operating_income": 3800000,
      "net_income": -570000,
      "opex": 12688000,
      "cogs": 48573000,
      "rd": null,
      "sga": null,
      "fcf": 1980000,
      "ocf": 1980000,
      "capex": null,
      "gross_margin": 0.253423710056716,
      "op_margin": 0.05840672599560413,
      "fcf_margin": 0.030432978281920046,
      "incr_op_margin_yoy": 0.6463505594033031,
      "rev_growth_yoy": 0.1685645520511531,
      "rev_growth_yoy_accel": 0.02026475881922482,
      "op_leverage_ratio": Infinity,
      "fcf_margin_change": 0.20343756012214395
    },
    {
      "date": "2024-06-30T00:00:00",
      "quarter_label": "2024-06 (Q2)",
      "revenue": 58863000,
      "gross_profit": 9928000,
      "operating_income": -2621000,
      "net_income": -6888000,
      "opex": 12549000,
      "cogs": 48935000,
      "rd": null,
      "sga": null,
      "fcf": -653000,
      "ocf": -628000,
      "capex": -25000,
      "gross_margin": 0.16866282724292,
      "op_margin": -0.04452712230093607,
      "fcf_margin": -0.011093556223773848,
      "incr_op_margin_yoy": 0.08410997204100652,
      "rev_growth_yoy": 0.07864983232852614,
      "rev_growth_yoy_accel": -0.08991471972262695,
      "fcf_margin_change": -0.04152653450569389
    },
    {
      "date": "2024-09-30T00:00:00",
      "quarter_label": "2024-09 (Q3)",
      "revenue": 60307000,
      "gross_profit": 11949000,
      "operating_income": -4447000,
      "net_income": -8888000,
      "opex": 16396000,
      "cogs": 48358000,
      "rd": null,
      "sga": null,
      "fcf": -5433000,
      "ocf": -5422000,
      "capex": -11000,
      "gross_margin": 0.19813620309416818,
      "op_margin": -0.07373936690599764,
      "fcf_margin": -0.09008904438954018,
      "incr_op_margin_yoy": -1.017797112912794,
      "rev_growth_yoy": 0.09152941176470589,
      "rev_growth_yoy_accel": 0.012879579436179747,
      "op_leverage_ratio": 0.08002242972220645,
      "fcf_margin_change": -0.07899548816576633
    },
    {
      "date": "2024-12-31T00:00:00",
      "quarter_label": "2024-12 (Q4)",
      "revenue": 62963000,
      "gross_profit": 7406000,
      "operating_income": -4833000,
      "net_income": -9569000,
      "opex": 12239000,
      "cogs": 55557000,
      "rd": null,
      "sga": null,
      "fcf": -28517000,
      "ocf": -28499000,
      "capex": -18000,
      "gross_margin": 0.11762463669139019,
      "op_margin": -0.07675936661213728,
      "fcf_margin": -0.4529167924018868,
      "incr_op_margin_yoy": 1.3694703143189755,
      "rev_growth_yoy": 0.12251519851669608,
      "rev_growth_yoy_accel": 0.030985786751990194,
      "op_leverage_ratio": Infinity,
      "fcf_margin_change": -0.36282774801234663
    },
    {
      "date": "2025-03-31T00:00:00",
      "quarter_label": "2025-03 (Q1)",
      "revenue": 71946000,
      "gross_profit": 14349000,
      "operating_income": -536000,
      "net_income": -5688000,
      "opex": 14885000,
      "cogs": 57597000,
      "rd": null,
      "sga": null,
      "fcf": 3414000,
      "ocf": 3438000,
      "capex": -24000,
      "gross_margin": 0.19944124760236845,
      "op_margin": -0.0074500319684207604,
      "fcf_margin": 0.04745225585856059,
      "incr_op_margin_yoy": -0.6297748729121279,
      "rev_growth_yoy": 0.10582376538940379,
      "rev_growth_yoy_accel": -0.016691433127292293,
      "op_leverage_ratio": 0.6599212024473119,
      "fcf_margin_change": 0.5003690482604474
    },
    {
      "date": "2025-06-30T00:00:00",
      "quarter_label": "2025-06 (Q2)",
      "revenue": 71886000,
      "gross_profit": 11168000,
      "operating_income": -1410000,
      "net_income": -7835000,
      "opex": 12578000,
      "cogs": 60718000,
      "rd": null,
      "sga": null,
      "fcf": -6634000,
      "ocf": -6634000,
      "capex": null,
      "gross_margin": 0.15535709317530536,
      "op_margin": -0.019614389449962442,
      "fcf_margin": -0.0922850068163481,
      "incr_op_margin_yoy": 0.09298932657605774,
      "rev_growth_yoy": 0.22124254625146528,
      "rev_growth_yoy_accel": 0.11541878086206149,
      "fcf_margin_change": -0.13973726267490869
    },
    {
      "date": "2025-09-30T00:00:00",
      "quarter_label": "2025-09 (Q3)",
      "revenue": 74044000,
      "gross_profit": 14552000,
      "operating_income": 2463000,
      "net_income": -4949000,
      "opex": 12089000,
      "cogs": 59492000,
      "rd": null,
      "sga": null,
      "fcf": 3988000,
      "ocf": 3992000,
      "capex": -4000,
      "gross_margin": 0.19653179190751446,
      "op_margin": 0.03326400518610556,
      "fcf_margin": 0.05385986710604505,
      "incr_op_margin_yoy": 0.5030210380723593,
      "rev_growth_yoy": 0.22778450262821895,
      "rev_growth_yoy_accel": 0.0065419563767536715,
      "op_leverage_ratio": Infinity,
      "fcf_margin_change": 0.14614487392239317
    }
  ],
  "signals": [
    {
      "quarter": "2025-09 (Q3)",
      "signal": "FCF TURNED POSITIVE",
      "detail": "FCF margin: -9.2% -> +5.4%",
      "severity": "HIGH"
    },
    {
      "quarter": "2025-09 (Q3)",
      "signal": "GROSS MARGIN INFLECTION",
      "detail": "GM: +19.9% -> +15.5% -> +19.7% (reversal +4.1%)",
      "severity": "MEDIUM"
    },
    {
      "quarter": "2025-09 (Q3)",
      "signal": "OP MARGIN TURNED POSITIVE (YoY)",
      "detail": "Op margin: -7.4% (year-ago) -> +3.3%",
      "severity": "HIGH"
    },
    {
      "quarter": "2025-09 (Q3)",
      "signal": "OP MARGIN TURNED POSITIVE (QoQ)",
      "detail": "Op margin: -2.0% -> +3.3%",
      "severity": "HIGH"
    },
    {
      "quarter": "2025-06 (Q2)",
      "signal": "YoY REVENUE GROWTH ACCELERATION",
      "detail": "YoY growth: +22.1% vs prior quarter YoY: +10.6% (accel: +11.5%)",
      "severity": "MEDIUM"
    },
    {
      "quarter": "2025-03 (Q1)",
      "signal": "FCF TURNED POSITIVE",
      "detail": "FCF margin: -45.3% -> +4.7%",
      "severity": "HIGH"
    },
    {
      "quarter": "2025-03 (Q1)",
      "signal": "GROSS MARGIN INFLECTION",
      "detail": "GM: +19.8% -> +11.8% -> +19.9% (reversal +8.2%)",
      "severity": "HIGH"
    },
    {
      "quarter": "2024-09 (Q3)",
      "signal": "GROSS MARGIN INFLECTION",
      "detail": "GM: +25.3% -> +16.9% -> +19.8% (reversal +2.9%)",
      "severity": "MEDIUM"
    },
    {
      "quarter": "2024-06 (Q2)",
      "signal": "YoY REVENUE GROWTH DECELERATION",
      "detail": "YoY growth: +7.9% vs prior quarter YoY: +16.9% (decel: -9.0%)",
      "severity": "WARNING"
    },
    {
      "quarter": "2024-03 (Q1)",
      "signal": "FCF TURNED POSITIVE",
      "detail": "FCF margin: -17.3% -> +3.0%",
      "severity": "HIGH"
    },
    {
      "quarter": "2024-03 (Q1)",
      "signal": "GROSS MARGIN INFLECTION",
      "detail": "GM: +23.2% -> +8.4% -> +25.3% (reversal +17.0%)",
      "severity": "HIGH"
    },
    {
      "quarter": "2024-03 (Q1)",
      "signal": "OP MARGIN TURNED POSITIVE (YoY)",
      "detail": "Op margin: -4.1% (year-ago) -> +5.8%",
      "severity": "HIGH"
    },
    {
      "quarter": "2024-03 (Q1)",
      "signal": "OP MARGIN TURNED POSITIVE (QoQ)",
      "detail": "Op margin: -25.4% -> +5.8%",
      "severity": "HIGH"
    },
    {
      "quarter": "2023-12 (Q4)",
      "signal": "YoY REVENUE GROWTH ACCELERATION",
      "detail": "YoY growth: +14.8% vs prior quarter YoY: +9.8% (accel: +5.1%)",
      "severity": "MEDIUM"
    },
    {
      "quarter": "2023-09 (Q3)",
      "signal": "FCF TURNED POSITIVE",
      "detail": "FCF margin: -10.3% -> +1.5%",
      "severity": "HIGH"
    },
    {
      "quarter": "2023-09 (Q3)",
      "signal": "GROSS MARGIN INFLECTION",
      "detail": "GM: +24.3% -> +19.6% -> +23.2% (reversal +3.6%)",
      "severity": "MEDIUM"
    },
    {
      "quarter": "2023-09 (Q3)",
      "signal": "YoY REVENUE GROWTH ACCELERATION",
      "detail": "YoY growth: +9.8% vs prior quarter YoY: +2.9% (accel: +6.9%)",
      "severity": "MEDIUM"
    },
    {
      "quarter": "2023-09 (Q3)",
      "signal": "OP MARGIN TURNED POSITIVE (YoY)",
      "detail": "Op margin: -9.3% (year-ago) -> +1.3%",
      "severity": "HIGH"
    },
    {
      "quarter": "2023-09 (Q3)",
      "signal": "OP MARGIN TURNED POSITIVE (QoQ)",
      "detail": "Op margin: -5.5% -> +1.3%",
      "severity": "HIGH"
    },
    {
      "quarter": "2023-06 (Q2)",
      "signal": "YoY REVENUE GROWTH ACCELERATION",
      "detail": "YoY growth: +2.9% vs prior quarter YoY: -7.0% (accel: +9.9%)",
      "severity": "MEDIUM"
    },
    {
      "quarter": "2023-03 (Q1)",
      "signal": "FCF MARGIN EXPANSION",
      "detail": "FCF margin: -39.5% -> -5.2% (+34.3%)",
      "severity": "MEDIUM"
    },
    {
      "quarter": "2023-03 (Q1)",
      "signal": "GROSS MARGIN INFLECTION",
      "detail": "GM: +23.7% -> +18.6% -> +24.3% (reversal +5.6%)",
      "severity": "HIGH"
    },
    {
      "quarter": "2023-03 (Q1)",
      "signal": "YoY REVENUE GROWTH ACCELERATION",
      "detail": "YoY growth: -7.0% vs prior quarter YoY: -33.4% (accel: +26.3%)",
      "severity": "HIGH"
    },
    {
      "quarter": "2022-09 (Q3)",
      "signal": "FCF TURNED POSITIVE",
      "detail": "FCF margin: -10.4% -> +0.4%",
      "severity": "HIGH"
    },
    {
      "quarter": "2022-09 (Q3)",
      "signal": "GROSS MARGIN INFLECTION",
      "detail": "GM: +19.6% -> +15.4% -> +23.7% (reversal +8.2%)",
      "severity": "HIGH"
    },
    {
      "quarter": "2022-06 (Q2)",
      "signal": "YoY REVENUE GROWTH DECELERATION",
      "detail": "YoY growth: -31.5% vs prior quarter YoY: -25.7% (decel: -5.8%)",
      "severity": "WARNING"
    },
    {
      "quarter": "2022-03 (Q1)",
      "signal": "FCF TURNED POSITIVE",
      "detail": "FCF margin: -0.9% -> +6.0%",
      "severity": "HIGH"
    },
    {
      "quarter": "2022-03 (Q1)",
      "signal": "YoY REVENUE GROWTH DECELERATION",
      "detail": "YoY growth: -25.7% vs prior quarter YoY: -0.1% (decel: -25.7%)",
      "severity": "WARNING"
    },
    {
      "quarter": "2021-12 (Q4)",
      "signal": "FCF MARGIN EXPANSION",
      "detail": "FCF margin: -6.2% -> -0.9% (+5.3%)",
      "severity": "MEDIUM"
    },
    {
      "quarter": "2021-12 (Q4)",
      "signal": "GROSS MARGIN INFLECTION",
      "detail": "GM: +27.8% -> +25.6% -> +29.1% (reversal +3.5%)",
      "severity": "MEDIUM"
    }
  ],
  "data_quality": {
    "n_quarters": 20,
    "coverage": {
      "revenue": [
        20,
        20
      ],
      "gross_profit": [
        20,
        20
      ],
      "op_income": [
        20,
        20
      ],
      "fcf": [
        20,
        20
      ]
    },
    "gaps": [],
    "warnings": []
  },
  "market_cap": null,
  "source": "SEC EDGAR",
  "last_updated": "2026-02-03T01:10:46.773898"
}