{
  "ticker": "KRMD",
  "name": "KORU Medical Systems, Inc.",
  "quarters": [
    {
      "date": "2020-12-31T00:00:00",
      "quarter_label": "2020-12 (Q4)",
      "revenue": 4057220,
      "gross_profit": 2297273,
      "operating_income": -1164433,
      "net_income": -834628,
      "opex": 3461706,
      "cogs": 1759947,
      "rd": 352117,
      "sga": 2988329,
      "fcf": -1711760,
      "ocf": -1711760,
      "capex": null,
      "gross_margin": 0.5662184944370776,
      "op_margin": -0.28700267670966817,
      "fcf_margin": -0.4219046539255944
    },
    {
      "date": "2021-03-31T00:00:00",
      "quarter_label": "2021-03 (Q1)",
      "revenue": 5430951,
      "gross_profit": 3231854,
      "operating_income": -2213289,
      "net_income": -1276138,
      "opex": 5445143,
      "cogs": 2199097,
      "rd": 336841,
      "sga": 4992829,
      "fcf": -2605653,
      "ocf": -2605653,
      "capex": null,
      "gross_margin": 0.5950806773988571,
      "op_margin": -0.4075324929280342,
      "fcf_margin": -0.47977840345088735,
      "op_leverage_ratio": 0.5909420731087451,
      "fcf_margin_change": -0.05787374952529295
    },
    {
      "date": "2021-06-30T00:00:00",
      "quarter_label": "2021-06 (Q2)",
      "revenue": 5528174,
      "gross_profit": 3210184,
      "operating_income": -1381054,
      "net_income": -1124549,
      "opex": 4591238,
      "cogs": 2317990,
      "rd": 386878,
      "sga": 4085945,
      "fcf": -170497,
      "ocf": -170497,
      "capex": null,
      "gross_margin": 0.5806951807233275,
      "op_margin": -0.24982100780474711,
      "fcf_margin": -0.030841467725147582,
      "op_leverage_ratio": Infinity,
      "fcf_margin_change": 0.4489369357257398
    },
    {
      "date": "2021-09-30T00:00:00",
      "quarter_label": "2021-09 (Q3)",
      "revenue": 6040544,
      "gross_profit": 3495750,
      "operating_income": -1322034,
      "net_income": -1093778,
      "opex": 4817784,
      "cogs": 2544794,
      "rd": 800020,
      "sga": 3901830,
      "fcf": -826228,
      "ocf": -826228,
      "capex": null,
      "gross_margin": 0.5787144336669016,
      "op_margin": -0.21886008942240964,
      "fcf_margin": -0.1367803959378493,
      "op_leverage_ratio": 1.8783451463108134,
      "fcf_margin_change": -0.10593892821270172
    },
    {
      "date": "2021-12-31T00:00:00",
      "quarter_label": "2021-12 (Q4)",
      "revenue": 6490506,
      "gross_profit": 3831790,
      "operating_income": -2113158,
      "net_income": -1068358,
      "opex": 5944948,
      "cogs": 2658716,
      "rd": 949930,
      "sga": 4881710,
      "fcf": -717132,
      "ocf": -717132,
      "capex": null,
      "gross_margin": 0.5903684550942562,
      "op_margin": -0.3255767732130592,
      "fcf_margin": -0.11048938249190433,
      "incr_op_margin_yoy": -0.38989457055192034,
      "rev_growth_yoy": 0.5997421880006507,
      "op_leverage_ratio": 0.3183904272655201,
      "fcf_margin_change": 0.026291013445944963
    },
    {
      "date": "2022-03-31T00:00:00",
      "quarter_label": "2022-03 (Q1)",
      "revenue": 6244330,
      "gross_profit": 3622305,
      "operating_income": -3126515,
      "net_income": -2537514,
      "opex": 6748820,
      "cogs": 2622025,
      "rd": 1148355,
      "sga": 5491213,
      "fcf": -1752072,
      "ocf": -1752072,
      "capex": null,
      "gross_margin": 0.5800950622404646,
      "op_margin": -0.5006966319845364,
      "fcf_margin": -0.28058606768059985,
      "rev_growth_yoy": 0.14976732435995097,
      "rev_growth_yoy_accel": -0.4499748636406997,
      "fcf_margin_change": -0.17009668518869553
    },
    {
      "date": "2022-06-30T00:00:00",
      "quarter_label": "2022-06 (Q2)",
      "revenue": 6546628,
      "gross_profit": 3346173,
      "operating_income": -3613462,
      "net_income": -2921341,
      "opex": 6959635,
      "cogs": 3200455,
      "rd": 1303731,
      "sga": 5530022,
      "fcf": -2873242,
      "ocf": -2873242,
      "capex": null,
      "gross_margin": 0.5111292408855368,
      "op_margin": -0.5519577406872668,
      "fcf_margin": -0.43888884476099754,
      "incr_op_margin_yoy": -2.191957614187779,
      "rev_growth_yoy": 0.1842297293826135,
      "rev_growth_yoy_accel": 0.03446240502266254,
      "op_leverage_ratio": 1.5498003822347999,
      "fcf_margin_change": -0.1583027770803977
    },
    {
      "date": "2022-09-30T00:00:00",
      "quarter_label": "2022-09 (Q3)",
      "revenue": 7760398,
      "gross_profit": 4322362,
      "operating_income": -1529479,
      "net_income": -1225560,
      "opex": 5851841,
      "cogs": 3438036,
      "rd": 862148,
      "sga": 4825349,
      "fcf": -2115699,
      "ocf": -2115699,
      "capex": null,
      "gross_margin": 0.556976845775178,
      "op_margin": -0.19708770091430877,
      "fcf_margin": -0.2726276410050103,
      "incr_op_margin_yoy": -0.12061779662692299,
      "rev_growth_yoy": 0.28471839622391626,
      "rev_growth_yoy_accel": 0.10048866684130275,
      "op_leverage_ratio": Infinity,
      "fcf_margin_change": 0.16626120375598724
    },
    {
      "date": "2022-12-31T00:00:00",
      "quarter_label": "2022-12 (Q4)",
      "revenue": 7344681,
      "gross_profit": 4078146,
      "operating_income": -2511417,
      "net_income": -1976727,
      "opex": 6589563,
      "cogs": 3266535,
      "rd": 1641982,
      "sga": 4759923,
      "fcf": 1336464,
      "ocf": 1336464,
      "capex": null,
      "gross_margin": 0.5552516167822673,
      "op_margin": -0.34193683837323907,
      "fcf_margin": 0.18196351890572238,
      "rev_growth_yoy": 0.13160376093943985,
      "rev_growth_yoy_accel": -0.1531146352844764,
      "fcf_margin_change": 0.4545911599107327
    },
    {
      "date": "2023-03-31T00:00:00",
      "quarter_label": "2023-03 (Q1)",
      "revenue": 7392605,
      "gross_profit": 4147035,
      "operating_income": -3056828,
      "net_income": -2410885,
      "opex": 7203863,
      "cogs": 3245570,
      "rd": 1564869,
      "sga": 5425877,
      "fcf": -4660583,
      "ocf": -4660583,
      "capex": null,
      "gross_margin": 0.5609707268276879,
      "op_margin": -0.4134980835578257,
      "fcf_margin": -0.6304385260676041,
      "incr_op_margin_yoy": 0.06068842394025822,
      "rev_growth_yoy": 0.18389082575712687,
      "rev_growth_yoy_accel": 0.05228706481768702,
      "fcf_margin_change": -0.8124020449733265
    },
    {
      "date": "2023-06-30T00:00:00",
      "quarter_label": "2023-06 (Q2)",
      "revenue": 6935931,
      "gross_profit": 3888124,
      "operating_income": -3224576,
      "net_income": -2495886,
      "opex": 7112700,
      "cogs": 3047807,
      "rd": 1596614,
      "sga": 5303167,
      "fcf": -153937,
      "ocf": -153937,
      "capex": null,
      "gross_margin": 0.5605770876325038,
      "op_margin": -0.46490889254809487,
      "fcf_margin": -0.02219413659103587,
      "rev_growth_yoy": 0.05946618625649724,
      "rev_growth_yoy_accel": -0.12442463950062962,
      "fcf_margin_change": 0.6082443894765682
    },
    {
      "date": "2023-09-30T00:00:00",
      "quarter_label": "2023-09 (Q3)",
      "revenue": 7003198,
      "gross_profit": 4342177,
      "operating_income": -1791021,
      "net_income": -1368262,
      "opex": 6133198,
      "cogs": 2661021,
      "rd": 1293256,
      "sga": 4623928,
      "fcf": -1174838,
      "ocf": -1174838,
      "capex": null,
      "gross_margin": 0.6200277359000845,
      "op_margin": -0.255743304701652,
      "fcf_margin": -0.16775735885234147,
      "rev_growth_yoy": -0.09757231523434752,
      "rev_growth_yoy_accel": -0.15703850149084475,
      "fcf_margin_change": -0.1455632222613056
    },
    {
      "date": "2023-12-31T00:00:00",
      "quarter_label": "2023-12 (Q4)",
      "revenue": 7185932,
      "gross_profit": 4330946,
      "operating_income": -2197554,
      "net_income": -7466029,
      "opex": 6528500,
      "cogs": 2854986,
      "rd": 1287515,
      "sga": 5012645,
      "fcf": 1096805,
      "ocf": 1096805,
      "capex": null,
      "gross_margin": 0.6026978824737,
      "op_margin": -0.3058133586568868,
      "fcf_margin": 0.15263225424343008,
      "rev_growth_yoy": -0.021614144984649437,
      "rev_growth_yoy_accel": 0.07595817024969809,
      "op_leverage_ratio": 0.4048376819072955,
      "fcf_margin_change": 0.3203896130957715
    },
    {
      "date": "2024-03-31T00:00:00",
      "quarter_label": "2024-03 (Q1)",
      "revenue": 8197798,
      "gross_profit": 5103298,
      "operating_income": -1961366,
      "net_income": -1935958,
      "opex": 7064664,
      "cogs": 3094500,
      "rd": 1475674,
      "sga": 5357620,
      "fcf": -346720,
      "ocf": -346720,
      "capex": null,
      "gross_margin": 0.6225205841861436,
      "op_margin": -0.23925522439074492,
      "fcf_margin": -0.04229428439197941,
      "rev_growth_yoy": 0.10891870998112303,
      "rev_growth_yoy_accel": 0.13053285496577247,
      "op_leverage_ratio": 1.7145717271540841,
      "fcf_margin_change": -0.19492653863540949
    },
    {
      "date": "2024-06-30T00:00:00",
      "quarter_label": "2024-06 (Q2)",
      "revenue": 8430089,
      "gross_profit": 5479750,
      "operating_income": -1192034,
      "net_income": -988715,
      "opex": 6671784,
      "cogs": 2950339,
      "rd": 1134232,
      "sga": 5319688,
      "fcf": 11335,
      "ocf": 11335,
      "capex": null,
      "gross_margin": 0.6500227933536645,
      "op_margin": -0.14140230310735746,
      "fcf_margin": 0.0013445884141911194,
      "incr_op_margin_yoy": 1.3603260163918407,
      "rev_growth_yoy": 0.21542284662289748,
      "rev_growth_yoy_accel": 0.10650413664177445,
      "op_leverage_ratio": Infinity,
      "fcf_margin_change": 0.04363887280617053
    },
    {
      "date": "2024-09-30T00:00:00",
      "quarter_label": "2024-09 (Q3)",
      "revenue": 8179977,
      "gross_profit": 5185991,
      "operating_income": -1703297,
      "net_income": -1580817,
      "opex": 6889288,
      "cogs": 2993986,
      "rd": 1533845,
      "sga": 5127658,
      "fcf": -923948,
      "ocf": -923948,
      "capex": null,
      "gross_margin": 0.6339860124301083,
      "op_margin": -0.2082276025959486,
      "fcf_margin": -0.11295239583191982,
      "incr_op_margin_yoy": 0.07454585780337684,
      "rev_growth_yoy": 0.1680345179445162,
      "rev_growth_yoy_accel": -0.047388328678381275,
      "fcf_margin_change": -0.11429698424611094
    },
    {
      "date": "2024-12-31T00:00:00",
      "quarter_label": "2024-12 (Q4)",
      "revenue": 8838599,
      "gross_profit": 5562820,
      "operating_income": -1589533,
      "net_income": -1561143,
      "opex": 7152353,
      "cogs": 3275780,
      "rd": 1114191,
      "sga": 5826708,
      "fcf": 939615,
      "ocf": 939615,
      "capex": null,
      "gross_margin": 0.6293780269927395,
      "op_margin": -0.17983992711967134,
      "fcf_margin": 0.10630813774898035,
      "incr_op_margin_yoy": 0.36790291087073196,
      "rev_growth_yoy": 0.22998645130513343,
      "rev_growth_yoy_accel": 0.06195193336061722,
      "op_leverage_ratio": 2.1086059170003297,
      "fcf_margin_change": 0.21926053358090017
    },
    {
      "date": "2025-03-31T00:00:00",
      "quarter_label": "2025-03 (Q1)",
      "revenue": 9635075,
      "gross_profit": 6046335,
      "operating_income": -1245005,
      "net_income": -1166237,
      "opex": 7291340,
      "cogs": 3588740,
      "rd": 1114609,
      "sga": 5959374,
      "fcf": -237467,
      "ocf": -237467,
      "capex": null,
      "gross_margin": 0.6275337763328256,
      "op_margin": -0.12921591165611063,
      "fcf_margin": -0.02464609772108676,
      "incr_op_margin_yoy": 0.498415406355212,
      "rev_growth_yoy": 0.17532476404029473,
      "rev_growth_yoy_accel": -0.05466168726483869,
      "op_leverage_ratio": 4.637287510483977,
      "fcf_margin_change": -0.1309542354700671
    },
    {
      "date": "2025-06-30T00:00:00",
      "quarter_label": "2025-06 (Q2)",
      "revenue": 10194800,
      "gross_profit": 6475769,
      "operating_income": -312655,
      "net_income": -206867,
      "opex": 6788424,
      "cogs": 3719031,
      "rd": 1194789,
      "sga": 5384148,
      "fcf": -460340,
      "ocf": -460340,
      "capex": null,
      "gross_margin": 0.6352031427786715,
      "op_margin": -0.0306680856907443,
      "fcf_margin": -0.0451543924353592,
      "incr_op_margin_yoy": 0.49831332155803415,
      "rev_growth_yoy": 0.20933480061717025,
      "rev_growth_yoy_accel": 0.03401003657687551,
      "op_leverage_ratio": Infinity,
      "fcf_margin_change": -0.020508294714272443
    },
    {
      "date": "2025-09-30T00:00:00",
      "quarter_label": "2025-09 (Q3)",
      "revenue": 10402163,
      "gross_profit": 6264571,
      "operating_income": -867679,
      "net_income": -777966,
      "opex": 7132250,
      "cogs": 4137592,
      "rd": 933107,
      "sga": 5994661,
      "fcf": 65456,
      "ocf": 65456,
      "capex": null,
      "gross_margin": 0.602237342368121,
      "op_margin": -0.0834133247094859,
      "fcf_margin": 0.006292537427071658,
      "incr_op_margin_yoy": 0.3760342293579385,
      "rev_growth_yoy": 0.2716616440364074,
      "rev_growth_yoy_accel": 0.062326843419237166,
      "op_leverage_ratio": 0.401589919171626,
      "fcf_margin_change": 0.05144692986243086
    }
  ],
  "signals": [
    {
      "quarter": "2025-09 (Q3)",
      "signal": "FCF TURNED POSITIVE",
      "detail": "FCF margin: -4.5% -> +0.6%",
      "severity": "HIGH"
    },
    {
      "quarter": "2025-09 (Q3)",
      "signal": "YoY REVENUE GROWTH ACCELERATION",
      "detail": "YoY growth: +27.2% vs prior quarter YoY: +20.9% (accel: +6.2%)",
      "severity": "MEDIUM"
    },
    {
      "quarter": "2025-03 (Q1)",
      "signal": "OPERATING LEVERAGE",
      "detail": "Rev growth +9.0% vs OpEx growth +1.9% (leverage: 4.6x)",
      "severity": "MEDIUM"
    },
    {
      "quarter": "2025-03 (Q1)",
      "signal": "YoY REVENUE GROWTH DECELERATION",
      "detail": "YoY growth: +17.5% vs prior quarter YoY: +23.0% (decel: -5.5%)",
      "severity": "WARNING"
    },
    {
      "quarter": "2024-12 (Q4)",
      "signal": "FCF TURNED POSITIVE",
      "detail": "FCF margin: -11.3% -> +10.6%",
      "severity": "HIGH"
    },
    {
      "quarter": "2024-12 (Q4)",
      "signal": "OPERATING LEVERAGE",
      "detail": "Rev growth +8.1% vs OpEx growth +3.8% (leverage: 2.1x)",
      "severity": "MEDIUM"
    },
    {
      "quarter": "2024-12 (Q4)",
      "signal": "YoY REVENUE GROWTH ACCELERATION",
      "detail": "YoY growth: +23.0% vs prior quarter YoY: +16.8% (accel: +6.2%)",
      "severity": "MEDIUM"
    },
    {
      "quarter": "2024-06 (Q2)",
      "signal": "FCF TURNED POSITIVE",
      "detail": "FCF margin: -4.2% -> +0.1%",
      "severity": "HIGH"
    },
    {
      "quarter": "2024-06 (Q2)",
      "signal": "YoY REVENUE GROWTH ACCELERATION",
      "detail": "YoY growth: +21.5% vs prior quarter YoY: +10.9% (accel: +10.7%)",
      "severity": "MEDIUM"
    },
    {
      "quarter": "2024-03 (Q1)",
      "signal": "OPERATING LEVERAGE",
      "detail": "Rev growth +14.1% vs OpEx growth +8.2% (leverage: 1.7x)",
      "severity": "MEDIUM"
    },
    {
      "quarter": "2024-03 (Q1)",
      "signal": "YoY REVENUE GROWTH ACCELERATION",
      "detail": "YoY growth: +10.9% vs prior quarter YoY: -2.2% (accel: +13.1%)",
      "severity": "MEDIUM"
    },
    {
      "quarter": "2023-12 (Q4)",
      "signal": "FCF TURNED POSITIVE",
      "detail": "FCF margin: -16.8% -> +15.3%",
      "severity": "HIGH"
    },
    {
      "quarter": "2023-12 (Q4)",
      "signal": "YoY REVENUE GROWTH ACCELERATION",
      "detail": "YoY growth: -2.2% vs prior quarter YoY: -9.8% (accel: +7.6%)",
      "severity": "MEDIUM"
    },
    {
      "quarter": "2023-09 (Q3)",
      "signal": "GROSS MARGIN INFLECTION",
      "detail": "GM: +56.1% -> +56.1% -> +62.0% (reversal +5.9%)",
      "severity": "HIGH"
    },
    {
      "quarter": "2023-09 (Q3)",
      "signal": "YoY REVENUE GROWTH DECELERATION",
      "detail": "YoY growth: -9.8% vs prior quarter YoY: +5.9% (decel: -15.7%)",
      "severity": "WARNING"
    },
    {
      "quarter": "2023-06 (Q2)",
      "signal": "FCF MARGIN EXPANSION",
      "detail": "FCF margin: -63.0% -> -2.2% (+60.8%)",
      "severity": "MEDIUM"
    },
    {
      "quarter": "2023-06 (Q2)",
      "signal": "YoY REVENUE GROWTH DECELERATION",
      "detail": "YoY growth: +5.9% vs prior quarter YoY: +18.4% (decel: -12.4%)",
      "severity": "WARNING"
    },
    {
      "quarter": "2023-03 (Q1)",
      "signal": "YoY REVENUE GROWTH ACCELERATION",
      "detail": "YoY growth: +18.4% vs prior quarter YoY: +13.2% (accel: +5.2%)",
      "severity": "MEDIUM"
    },
    {
      "quarter": "2022-12 (Q4)",
      "signal": "FCF TURNED POSITIVE",
      "detail": "FCF margin: -27.3% -> +18.2%",
      "severity": "HIGH"
    },
    {
      "quarter": "2022-12 (Q4)",
      "signal": "YoY REVENUE GROWTH DECELERATION",
      "detail": "YoY growth: +13.2% vs prior quarter YoY: +28.5% (decel: -15.3%)",
      "severity": "WARNING"
    },
    {
      "quarter": "2022-09 (Q3)",
      "signal": "FCF MARGIN EXPANSION",
      "detail": "FCF margin: -43.9% -> -27.3% (+16.6%)",
      "severity": "MEDIUM"
    },
    {
      "quarter": "2022-09 (Q3)",
      "signal": "GROSS MARGIN INFLECTION",
      "detail": "GM: +58.0% -> +51.1% -> +55.7% (reversal +4.6%)",
      "severity": "MEDIUM"
    },
    {
      "quarter": "2022-09 (Q3)",
      "signal": "YoY REVENUE GROWTH ACCELERATION",
      "detail": "YoY growth: +28.5% vs prior quarter YoY: +18.4% (accel: +10.0%)",
      "severity": "MEDIUM"
    },
    {
      "quarter": "2022-06 (Q2)",
      "signal": "OPERATING LEVERAGE",
      "detail": "Rev growth +4.8% vs OpEx growth +3.1% (leverage: 1.5x)",
      "severity": "MEDIUM"
    },
    {
      "quarter": "2022-03 (Q1)",
      "signal": "YoY REVENUE GROWTH DECELERATION",
      "detail": "YoY growth: +15.0% vs prior quarter YoY: +60.0% (decel: -45.0%)",
      "severity": "WARNING"
    },
    {
      "quarter": "2021-09 (Q3)",
      "signal": "OPERATING LEVERAGE",
      "detail": "Rev growth +9.3% vs OpEx growth +4.9% (leverage: 1.9x)",
      "severity": "MEDIUM"
    },
    {
      "quarter": "2021-06 (Q2)",
      "signal": "FCF MARGIN EXPANSION",
      "detail": "FCF margin: -48.0% -> -3.1% (+44.9%)",
      "severity": "MEDIUM"
    }
  ],
  "data_quality": {
    "n_quarters": 20,
    "coverage": {
      "revenue": [
        20,
        20
      ],
      "gross_profit": [
        20,
        20
      ],
      "op_income": [
        20,
        20
      ],
      "fcf": [
        20,
        20
      ]
    },
    "gaps": [],
    "warnings": []
  },
  "market_cap": null,
  "source": "SEC EDGAR",
  "last_updated": "2026-02-02T22:51:27.505760"
}