{
  "ticker": "KRO",
  "name": "KRONOS WORLDWIDE,\u00a0INC.",
  "quarters": [
    {
      "date": "2020-12-31T00:00:00",
      "quarter_label": "2020-12 (Q4)",
      "revenue": 414900000,
      "gross_profit": 86700000,
      "operating_income": 20400000,
      "net_income": 10200000,
      "opex": 66300000,
      "cogs": 328200000,
      "rd": null,
      "sga": 56800000,
      "fcf": 21900000,
      "ocf": 46400000,
      "capex": -24500000,
      "gross_margin": 0.20896601590744757,
      "op_margin": 0.049168474331164135,
      "fcf_margin": 0.05278380332610268
    },
    {
      "date": "2021-03-31T00:00:00",
      "quarter_label": "2021-03 (Q1)",
      "revenue": 465000000,
      "gross_profit": 95700000,
      "operating_income": 34000000,
      "net_income": 19600000,
      "opex": 61700000,
      "cogs": 369300000,
      "rd": null,
      "sga": 58000000,
      "fcf": 45900000,
      "ocf": 56700000,
      "capex": -10800000,
      "gross_margin": 0.20580645161290323,
      "op_margin": 0.07311827956989247,
      "fcf_margin": 0.09870967741935484,
      "op_leverage_ratio": Infinity,
      "fcf_margin_change": 0.04592587409325216
    },
    {
      "date": "2021-06-30T00:00:00",
      "quarter_label": "2021-06 (Q2)",
      "revenue": 478600000,
      "gross_profit": 109000000,
      "operating_income": 43800000,
      "net_income": 25700000,
      "opex": 65200000,
      "cogs": 369600000,
      "rd": null,
      "sga": 62900000,
      "fcf": 11000000,
      "ocf": 21400000,
      "capex": -10400000,
      "gross_margin": 0.2277475971583786,
      "op_margin": 0.09151692436272461,
      "fcf_margin": 0.022983702465524447,
      "op_leverage_ratio": 0.5155883256528419,
      "fcf_margin_change": -0.07572597495383039
    },
    {
      "date": "2021-09-30T00:00:00",
      "quarter_label": "2021-09 (Q3)",
      "revenue": 499800000,
      "gross_profit": 123000000,
      "operating_income": 57300000,
      "net_income": 36000000,
      "opex": 65700000,
      "cogs": 376800000,
      "rd": null,
      "sga": 64200000,
      "fcf": 33200000,
      "ocf": 47900000,
      "capex": -14700000,
      "gross_margin": 0.2460984393757503,
      "op_margin": 0.11464585834333733,
      "fcf_margin": 0.0664265706282513,
      "op_leverage_ratio": 5.776180526535729,
      "fcf_margin_change": 0.043442868162726855
    },
    {
      "date": "2021-12-31T00:00:00",
      "quarter_label": "2021-12 (Q4)",
      "revenue": 496000000,
      "gross_profit": 118500000,
      "operating_income": 52000000,
      "net_income": 31600000,
      "opex": 66500000,
      "cogs": 377500000,
      "rd": null,
      "sga": 63800000,
      "fcf": 57800000,
      "ocf": 80500000,
      "capex": -22700000,
      "gross_margin": 0.23891129032258066,
      "op_margin": 0.10483870967741936,
      "fcf_margin": 0.11653225806451613,
      "incr_op_margin_yoy": 0.38964241676942046,
      "rev_growth_yoy": 0.19546878765967704,
      "fcf_margin_change": 0.050105687436264826
    },
    {
      "date": "2022-03-31T00:00:00",
      "quarter_label": "2022-03 (Q1)",
      "revenue": 562900000,
      "gross_profit": 149300000,
      "operating_income": 83300000,
      "net_income": 57500000,
      "opex": 66000000,
      "cogs": 413600000,
      "rd": null,
      "sga": 61400000,
      "fcf": -32800000,
      "ocf": -18600000,
      "capex": -14200000,
      "gross_margin": 0.265233611653935,
      "op_margin": 0.14798365606679695,
      "fcf_margin": -0.05826967489785042,
      "incr_op_margin_yoy": 0.5035750766087844,
      "rev_growth_yoy": 0.21053763440860215,
      "rev_growth_yoy_accel": 0.015068846748925113,
      "op_leverage_ratio": Infinity,
      "fcf_margin_change": -0.17480193296236654
    },
    {
      "date": "2022-06-30T00:00:00",
      "quarter_label": "2022-06 (Q2)",
      "revenue": 565300000,
      "gross_profit": 120500000,
      "operating_income": 65200000,
      "net_income": 45900000,
      "opex": 55300000,
      "cogs": 444800000,
      "rd": null,
      "sga": 63200000,
      "fcf": 51600000,
      "ocf": 67900000,
      "capex": -16300000,
      "gross_margin": 0.21316115336989208,
      "op_margin": 0.11533698920926941,
      "fcf_margin": 0.09127896692021935,
      "incr_op_margin_yoy": 0.24682814302191464,
      "rev_growth_yoy": 0.18115336397826995,
      "rev_growth_yoy_accel": -0.029384270430332204,
      "fcf_margin_change": 0.14954864181806976
    },
    {
      "date": "2022-09-30T00:00:00",
      "quarter_label": "2022-09 (Q3)",
      "revenue": 459600000,
      "gross_profit": 84000000,
      "operating_income": 30800000,
      "net_income": 21000000,
      "opex": 53200000,
      "cogs": 375600000,
      "rd": null,
      "sga": 59000000,
      "fcf": -4100000,
      "ocf": 9800000,
      "capex": -13900000,
      "gross_margin": 0.18276762402088773,
      "op_margin": 0.0670147954743255,
      "fcf_margin": -0.008920800696257615,
      "incr_op_margin_yoy": 0.6592039800995025,
      "rev_growth_yoy": -0.08043217286914765,
      "rev_growth_yoy_accel": -0.2615855368474176,
      "fcf_margin_change": -0.10019976761647696
    },
    {
      "date": "2022-12-31T00:00:00",
      "quarter_label": "2022-12 (Q4)",
      "revenue": 342400000,
      "gross_profit": 37300000,
      "operating_income": -19700000,
      "net_income": -19900000,
      "opex": 57000000,
      "cogs": 305100000,
      "rd": null,
      "sga": 47700000,
      "fcf": 3800000,
      "ocf": 22600000,
      "capex": -18800000,
      "gross_margin": 0.10893691588785047,
      "op_margin": -0.057535046728971966,
      "fcf_margin": 0.011098130841121495,
      "incr_op_margin_yoy": 0.466796875,
      "rev_growth_yoy": -0.3096774193548387,
      "rev_growth_yoy_accel": -0.22924524648569106,
      "fcf_margin_change": 0.02001893153737911
    },
    {
      "date": "2023-03-31T00:00:00",
      "quarter_label": "2023-03 (Q1)",
      "revenue": 426300000,
      "gross_profit": 30800000,
      "operating_income": -18300000,
      "net_income": -15200000,
      "opex": 49100000,
      "cogs": 395500000,
      "rd": null,
      "sga": 53200000,
      "fcf": -126200000,
      "ocf": -109800000,
      "capex": -16400000,
      "gross_margin": 0.0722495894909688,
      "op_margin": -0.04292751583391977,
      "fcf_margin": -0.296035655641567,
      "incr_op_margin_yoy": 0.7437774524158126,
      "rev_growth_yoy": -0.24267187777580387,
      "rev_growth_yoy_accel": 0.06700554157903485,
      "op_leverage_ratio": Infinity,
      "fcf_margin_change": -0.30713378648268846
    },
    {
      "date": "2023-06-30T00:00:00",
      "quarter_label": "2023-06 (Q2)",
      "revenue": 443200000,
      "gross_profit": 44100000,
      "operating_income": -6700000,
      "net_income": -8200000,
      "opex": 50800000,
      "cogs": 399100000,
      "rd": null,
      "sga": 50100000,
      "fcf": 15700000,
      "ocf": 33200000,
      "capex": -17500000,
      "gross_margin": 0.09950361010830325,
      "op_margin": -0.015117328519855595,
      "fcf_margin": 0.035424187725631766,
      "incr_op_margin_yoy": 0.5888615888615889,
      "rev_growth_yoy": -0.21599150893330973,
      "rev_growth_yoy_accel": 0.02668036884249414,
      "op_leverage_ratio": 1.1449959294062453,
      "fcf_margin_change": 0.33145984336719875
    },
    {
      "date": "2023-09-30T00:00:00",
      "quarter_label": "2023-09 (Q3)",
      "revenue": 396900000,
      "gross_profit": 34400000,
      "operating_income": -25300000,
      "net_income": -20400000,
      "opex": 59700000,
      "cogs": 362500000,
      "rd": null,
      "sga": 53600000,
      "fcf": 9500000,
      "ocf": 17700000,
      "capex": -8200000,
      "gross_margin": 0.08667170571932477,
      "op_margin": -0.06374401612496851,
      "fcf_margin": 0.023935500125976318,
      "incr_op_margin_yoy": 0.8947368421052632,
      "rev_growth_yoy": -0.13642297650130547,
      "rev_growth_yoy_accel": 0.07956853243200426,
      "fcf_margin_change": -0.011488687599655448
    },
    {
      "date": "2023-12-31T00:00:00",
      "quarter_label": "2023-12 (Q4)",
      "revenue": 400100000,
      "gross_profit": 55600000,
      "operating_income": -5700000,
      "net_income": -5300000,
      "opex": 61300000,
      "cogs": 344500000,
      "rd": null,
      "sga": 54300000,
      "fcf": 59100000,
      "ocf": 64400000,
      "capex": -5300000,
      "gross_margin": 0.13896525868532866,
      "op_margin": -0.0142464383904024,
      "fcf_margin": 0.147713071732067,
      "incr_op_margin_yoy": 0.24263431542461006,
      "rev_growth_yoy": 0.16851635514018692,
      "rev_growth_yoy_accel": 0.3049393316414924,
      "fcf_margin_change": 0.12377757160609068
    },
    {
      "date": "2024-03-31T00:00:00",
      "quarter_label": "2024-03 (Q1)",
      "revenue": 478800000,
      "gross_profit": 71500000,
      "operating_income": 19500000,
      "net_income": 8100000,
      "opex": 52000000,
      "cogs": 407300000,
      "rd": null,
      "sga": 54200000,
      "fcf": -48000000,
      "ocf": -43300000,
      "capex": -4700000,
      "gross_margin": 0.14933166248955723,
      "op_margin": 0.040726817042606514,
      "fcf_margin": -0.10025062656641603,
      "incr_op_margin_yoy": 0.72,
      "rev_growth_yoy": 0.12315270935960591,
      "rev_growth_yoy_accel": -0.04536364578058101,
      "op_leverage_ratio": Infinity,
      "fcf_margin_change": -0.24796369829848303
    },
    {
      "date": "2024-06-30T00:00:00",
      "quarter_label": "2024-06 (Q2)",
      "revenue": 500500000,
      "gross_profit": 100200000,
      "operating_income": 35900000,
      "net_income": 19500000,
      "opex": 64300000,
      "cogs": 400300000,
      "rd": null,
      "sga": 57900000,
      "fcf": 34800000,
      "ocf": 38200000,
      "capex": -3400000,
      "gross_margin": 0.2001998001998002,
      "op_margin": 0.07172827172827173,
      "fcf_margin": 0.06953046953046953,
      "incr_op_margin_yoy": 0.743455497382199,
      "rev_growth_yoy": 0.1292870036101083,
      "rev_growth_yoy_accel": 0.006134294250502395,
      "op_leverage_ratio": 0.19160367042266913,
      "fcf_margin_change": 0.16978109609688558
    },
    {
      "date": "2024-09-30T00:00:00",
      "quarter_label": "2024-09 (Q3)",
      "revenue": 484700000,
      "gross_profit": 101200000,
      "operating_income": 38900000,
      "net_income": 71800000,
      "opex": 62300000,
      "cogs": 383500000,
      "rd": null,
      "sga": 62300000,
      "fcf": 19200000,
      "ocf": 28300000,
      "capex": -9100000,
      "gross_margin": 0.20878894161336908,
      "op_margin": 0.0802558283474314,
      "fcf_margin": 0.03961213121518465,
      "incr_op_margin_yoy": 0.7312072892938497,
      "rev_growth_yoy": 0.22121441169060216,
      "rev_growth_yoy_accel": 0.09192740808049385,
      "fcf_margin_change": -0.029918338315284877
    },
    {
      "date": "2024-12-31T00:00:00",
      "quarter_label": "2024-12 (Q4)",
      "revenue": 423100000,
      "gross_profit": 86400000,
      "operating_income": 28600000,
      "net_income": -13200000,
      "opex": 57800000,
      "cogs": 336700000,
      "rd": null,
      "sga": 51200000,
      "fcf": 37000000,
      "ocf": 49300000,
      "capex": -12300000,
      "gross_margin": 0.20420704325218625,
      "op_margin": 0.06759631292838572,
      "fcf_margin": 0.08744977546679272,
      "incr_op_margin_yoy": 1.491304347826087,
      "rev_growth_yoy": 0.057485628592851785,
      "rev_growth_yoy_accel": -0.16372878309775038,
      "fcf_margin_change": 0.04783764425160807
    },
    {
      "date": "2025-03-31T00:00:00",
      "quarter_label": "2025-03 (Q1)",
      "revenue": 489800000,
      "gross_profit": 106800000,
      "operating_income": 38400000,
      "net_income": 18100000,
      "opex": 68400000,
      "cogs": 383000000,
      "rd": null,
      "sga": 61600000,
      "fcf": -114400000,
      "ocf": -102400000,
      "capex": -12000000,
      "gross_margin": 0.21804818293180891,
      "op_margin": 0.07839934667211107,
      "fcf_margin": -0.23356472029399755,
      "incr_op_margin_yoy": 1.7181818181818183,
      "rev_growth_yoy": 0.02297410192147034,
      "rev_growth_yoy_accel": -0.034511526671381444,
      "op_leverage_ratio": 0.859616576660141,
      "fcf_margin_change": -0.3210144957607903
    },
    {
      "date": "2025-06-30T00:00:00",
      "quarter_label": "2025-06 (Q2)",
      "revenue": 494400000,
      "gross_profit": 62800000,
      "operating_income": 7400000,
      "net_income": -9200000,
      "opex": 55400000,
      "cogs": 431600000,
      "rd": null,
      "sga": 62100000,
      "fcf": 9500000,
      "ocf": 20700000,
      "capex": -11200000,
      "gross_margin": 0.12702265372168284,
      "op_margin": 0.014967637540453074,
      "fcf_margin": 0.019215210355987056,
      "incr_op_margin_yoy": 4.672131147540983,
      "rev_growth_yoy": -0.012187812187812189,
      "rev_growth_yoy_accel": -0.03516191410928253,
      "fcf_margin_change": 0.2527799306499846
    },
    {
      "date": "2025-09-30T00:00:00",
      "quarter_label": "2025-09 (Q3)",
      "revenue": 456900000,
      "gross_profit": 47000000,
      "operating_income": -19200000,
      "net_income": -37000000,
      "opex": 66200000,
      "cogs": 409900000,
      "rd": null,
      "sga": 61600000,
      "fcf": -17400000,
      "ocf": -7900000,
      "capex": -9500000,
      "gross_margin": 0.10286714817246663,
      "op_margin": -0.04202232435981615,
      "fcf_margin": -0.03808273145108339,
      "incr_op_margin_yoy": 2.0899280575539567,
      "rev_growth_yoy": -0.057355064988652775,
      "rev_growth_yoy_accel": -0.045167252800840586,
      "fcf_margin_change": -0.05729794180707044
    }
  ],
  "signals": [
    {
      "quarter": "2025-06 (Q2)",
      "signal": "FCF TURNED POSITIVE",
      "detail": "FCF margin: -23.4% -> +1.9%",
      "severity": "HIGH"
    },
    {
      "quarter": "2025-06 (Q2)",
      "signal": "INCREMENTAL MARGIN (YoY)",
      "detail": "YoY Incr OPM: +467.2% vs year-ago OPM: +7.2%",
      "severity": "HIGH"
    },
    {
      "quarter": "2025-03 (Q1)",
      "signal": "INCREMENTAL MARGIN (YoY)",
      "detail": "YoY Incr OPM: +171.8% vs year-ago OPM: +4.1%",
      "severity": "HIGH"
    },
    {
      "quarter": "2024-12 (Q4)",
      "signal": "YoY REVENUE GROWTH DECELERATION",
      "detail": "YoY growth: +5.7% vs prior quarter YoY: +22.1% (decel: -16.4%)",
      "severity": "WARNING"
    },
    {
      "quarter": "2024-12 (Q4)",
      "signal": "OP MARGIN TURNED POSITIVE (YoY)",
      "detail": "Op margin: -1.4% (year-ago) -> +6.8%",
      "severity": "HIGH"
    },
    {
      "quarter": "2024-09 (Q3)",
      "signal": "YoY REVENUE GROWTH ACCELERATION",
      "detail": "YoY growth: +22.1% vs prior quarter YoY: +12.9% (accel: +9.2%)",
      "severity": "MEDIUM"
    },
    {
      "quarter": "2024-09 (Q3)",
      "signal": "OP MARGIN TURNED POSITIVE (YoY)",
      "detail": "Op margin: -6.4% (year-ago) -> +8.0%",
      "severity": "HIGH"
    },
    {
      "quarter": "2024-06 (Q2)",
      "signal": "FCF TURNED POSITIVE",
      "detail": "FCF margin: -10.0% -> +7.0%",
      "severity": "HIGH"
    },
    {
      "quarter": "2024-06 (Q2)",
      "signal": "OP MARGIN TURNED POSITIVE (YoY)",
      "detail": "Op margin: -1.5% (year-ago) -> +7.2%",
      "severity": "HIGH"
    },
    {
      "quarter": "2024-03 (Q1)",
      "signal": "OP MARGIN TURNED POSITIVE (YoY)",
      "detail": "Op margin: -4.3% (year-ago) -> +4.1%",
      "severity": "HIGH"
    },
    {
      "quarter": "2024-03 (Q1)",
      "signal": "OP MARGIN TURNED POSITIVE (QoQ)",
      "detail": "Op margin: -1.4% -> +4.1%",
      "severity": "HIGH"
    },
    {
      "quarter": "2023-12 (Q4)",
      "signal": "FCF MARGIN EXPANSION",
      "detail": "FCF margin: +2.4% -> +14.8% (+12.4%)",
      "severity": "MEDIUM"
    },
    {
      "quarter": "2023-12 (Q4)",
      "signal": "GROSS MARGIN INFLECTION",
      "detail": "GM: +10.0% -> +8.7% -> +13.9% (reversal +5.2%)",
      "severity": "HIGH"
    },
    {
      "quarter": "2023-12 (Q4)",
      "signal": "YoY REVENUE GROWTH ACCELERATION",
      "detail": "YoY growth: +16.9% vs prior quarter YoY: -13.6% (accel: +30.5%)",
      "severity": "HIGH"
    },
    {
      "quarter": "2023-09 (Q3)",
      "signal": "YoY REVENUE GROWTH ACCELERATION",
      "detail": "YoY growth: -13.6% vs prior quarter YoY: -21.6% (accel: +8.0%)",
      "severity": "MEDIUM"
    },
    {
      "quarter": "2023-06 (Q2)",
      "signal": "FCF TURNED POSITIVE",
      "detail": "FCF margin: -29.6% -> +3.5%",
      "severity": "HIGH"
    },
    {
      "quarter": "2023-06 (Q2)",
      "signal": "GROSS MARGIN INFLECTION",
      "detail": "GM: +10.9% -> +7.2% -> +10.0% (reversal +2.7%)",
      "severity": "MEDIUM"
    },
    {
      "quarter": "2023-03 (Q1)",
      "signal": "YoY REVENUE GROWTH ACCELERATION",
      "detail": "YoY growth: -24.3% vs prior quarter YoY: -31.0% (accel: +6.7%)",
      "severity": "MEDIUM"
    },
    {
      "quarter": "2022-12 (Q4)",
      "signal": "FCF TURNED POSITIVE",
      "detail": "FCF margin: -0.9% -> +1.1%",
      "severity": "HIGH"
    },
    {
      "quarter": "2022-12 (Q4)",
      "signal": "YoY REVENUE GROWTH DECELERATION",
      "detail": "YoY growth: -31.0% vs prior quarter YoY: -8.0% (decel: -22.9%)",
      "severity": "WARNING"
    },
    {
      "quarter": "2022-09 (Q3)",
      "signal": "YoY REVENUE GROWTH DECELERATION",
      "detail": "YoY growth: -8.0% vs prior quarter YoY: +18.1% (decel: -26.2%)",
      "severity": "WARNING"
    },
    {
      "quarter": "2022-09 (Q3)",
      "signal": "INCREMENTAL MARGIN (YoY)",
      "detail": "YoY Incr OPM: +65.9% vs year-ago OPM: +11.5%",
      "severity": "HIGH"
    },
    {
      "quarter": "2022-06 (Q2)",
      "signal": "FCF TURNED POSITIVE",
      "detail": "FCF margin: -5.8% -> +9.1%",
      "severity": "HIGH"
    },
    {
      "quarter": "2022-06 (Q2)",
      "signal": "INCREMENTAL MARGIN (YoY)",
      "detail": "YoY Incr OPM: +24.7% vs year-ago OPM: +9.2%",
      "severity": "MEDIUM"
    },
    {
      "quarter": "2022-03 (Q1)",
      "signal": "GROSS MARGIN INFLECTION",
      "detail": "GM: +24.6% -> +23.9% -> +26.5% (reversal +2.6%)",
      "severity": "MEDIUM"
    },
    {
      "quarter": "2022-03 (Q1)",
      "signal": "INCREMENTAL MARGIN (YoY)",
      "detail": "YoY Incr OPM: +50.4% vs year-ago OPM: +7.3%",
      "severity": "HIGH"
    },
    {
      "quarter": "2021-12 (Q4)",
      "signal": "FCF MARGIN EXPANSION",
      "detail": "FCF margin: +6.6% -> +11.7% (+5.0%)",
      "severity": "MEDIUM"
    },
    {
      "quarter": "2021-12 (Q4)",
      "signal": "INCREMENTAL MARGIN (YoY)",
      "detail": "YoY Incr OPM: +39.0% vs year-ago OPM: +4.9%",
      "severity": "HIGH"
    },
    {
      "quarter": "2021-09 (Q3)",
      "signal": "OPERATING LEVERAGE",
      "detail": "Rev growth +4.4% vs OpEx growth +0.8% (leverage: 5.8x)",
      "severity": "MEDIUM"
    },
    {
      "quarter": "2021-06 (Q2)",
      "signal": "GROSS MARGIN INFLECTION",
      "detail": "GM: +20.9% -> +20.6% -> +22.8% (reversal +2.2%)",
      "severity": "MEDIUM"
    }
  ],
  "data_quality": {
    "n_quarters": 20,
    "coverage": {
      "revenue": [
        20,
        20
      ],
      "gross_profit": [
        20,
        20
      ],
      "op_income": [
        20,
        20
      ],
      "fcf": [
        20,
        20
      ]
    },
    "gaps": [],
    "warnings": []
  },
  "market_cap": null,
  "source": "SEC EDGAR",
  "last_updated": "2026-02-02T22:16:53.198376"
}