{
  "ticker": "KROS",
  "name": "KEROS THERAPEUTICS, INC.",
  "quarters": [
    {
      "date": "2020-06-30T00:00:00",
      "quarter_label": "2020-06 (Q2)",
      "revenue": 0,
      "gross_profit": null,
      "operating_income": null,
      "net_income": null,
      "opex": null,
      "cogs": null,
      "rd": null,
      "sga": null,
      "fcf": null,
      "ocf": null,
      "capex": null,
      "gross_margin": null,
      "op_margin": null,
      "fcf_margin": null
    },
    {
      "date": "2020-09-30T00:00:00",
      "quarter_label": "2020-09 (Q3)",
      "revenue": 0,
      "gross_profit": null,
      "operating_income": null,
      "net_income": null,
      "opex": null,
      "cogs": null,
      "rd": null,
      "sga": null,
      "fcf": null,
      "ocf": null,
      "capex": null,
      "gross_margin": null,
      "op_margin": null,
      "fcf_margin": null
    },
    {
      "date": "2020-12-31T00:00:00",
      "quarter_label": "2020-12 (Q4)",
      "revenue": 0,
      "gross_profit": null,
      "operating_income": -13291000,
      "net_income": -10676000,
      "opex": 13291000,
      "cogs": null,
      "rd": 9674000,
      "sga": null,
      "fcf": -8051000,
      "ocf": -7991000,
      "capex": -60000,
      "gross_margin": null,
      "op_margin": null,
      "fcf_margin": null
    },
    {
      "date": "2021-06-30T00:00:00",
      "quarter_label": "2021-06 (Q2)",
      "revenue": 100000,
      "gross_profit": null,
      "operating_income": -15541000,
      "net_income": -15622000,
      "opex": 15641000,
      "cogs": null,
      "rd": 9983000,
      "sga": null,
      "fcf": -18147000,
      "ocf": -17637000,
      "capex": -510000,
      "gross_margin": null,
      "op_margin": -155.41,
      "fcf_margin": -181.47
    },
    {
      "date": "2021-09-30T00:00:00",
      "quarter_label": "2021-09 (Q3)",
      "revenue": 0,
      "gross_profit": null,
      "operating_income": -20197000,
      "net_income": -20297000,
      "opex": 20197000,
      "cogs": null,
      "rd": 14832000,
      "sga": null,
      "fcf": -14586000,
      "ocf": -14441000,
      "capex": -145000,
      "gross_margin": null,
      "op_margin": null,
      "fcf_margin": null
    },
    {
      "date": "2021-12-31T00:00:00",
      "quarter_label": "2021-12 (Q4)",
      "revenue": 20000000,
      "gross_profit": null,
      "operating_income": -4866000,
      "net_income": -6940000,
      "opex": 24866000,
      "cogs": null,
      "rd": 18833000,
      "sga": null,
      "fcf": -19724000,
      "ocf": -19565000,
      "capex": -159000,
      "gross_margin": null,
      "op_margin": -0.2433,
      "fcf_margin": -0.9862,
      "incr_op_margin_yoy": 0.42125
    },
    {
      "date": "2022-06-30T00:00:00",
      "quarter_label": "2022-06 (Q2)",
      "revenue": 0,
      "gross_profit": null,
      "operating_income": -30728000,
      "net_income": -27266000,
      "opex": 30728000,
      "cogs": null,
      "rd": 23281000,
      "sga": null,
      "fcf": -23157000,
      "ocf": -22590000,
      "capex": -567000,
      "gross_margin": null,
      "op_margin": null,
      "fcf_margin": null,
      "rev_growth_yoy": -1.0
    },
    {
      "date": "2022-09-30T00:00:00",
      "quarter_label": "2022-09 (Q3)",
      "revenue": 0,
      "gross_profit": null,
      "operating_income": -27976000,
      "net_income": -23509000,
      "opex": 27976000,
      "cogs": null,
      "rd": 21039000,
      "sga": null,
      "fcf": -24778000,
      "ocf": -24602000,
      "capex": -176000,
      "gross_margin": null,
      "op_margin": null,
      "fcf_margin": null
    },
    {
      "date": "2022-12-31T00:00:00",
      "quarter_label": "2022-12 (Q4)",
      "revenue": 0,
      "gross_profit": null,
      "operating_income": -31960000,
      "net_income": -29718000,
      "opex": 31960000,
      "cogs": null,
      "rd": 24867000,
      "sga": null,
      "fcf": -21794000,
      "ocf": -21443000,
      "capex": -351000,
      "gross_margin": null,
      "op_margin": null,
      "fcf_margin": null,
      "incr_op_margin_yoy": 1.3547,
      "rev_growth_yoy": -1.0
    },
    {
      "date": "2023-03-31T00:00:00",
      "quarter_label": "2023-03 (Q1)",
      "revenue": 0,
      "gross_profit": null,
      "operating_income": -38869000,
      "net_income": -35804000,
      "opex": 38869000,
      "cogs": null,
      "rd": 31091000,
      "sga": null,
      "fcf": -35297000,
      "ocf": -34235000,
      "capex": -1062000,
      "gross_margin": null,
      "op_margin": null,
      "fcf_margin": null
    },
    {
      "date": "2023-06-30T00:00:00",
      "quarter_label": "2023-06 (Q2)",
      "revenue": 0,
      "gross_profit": null,
      "operating_income": -41337000,
      "net_income": -37505000,
      "opex": 41337000,
      "cogs": null,
      "rd": 32534000,
      "sga": null,
      "fcf": -31143000,
      "ocf": -30832000,
      "capex": -311000,
      "gross_margin": null,
      "op_margin": null,
      "fcf_margin": null
    },
    {
      "date": "2023-09-30T00:00:00",
      "quarter_label": "2023-09 (Q3)",
      "revenue": 8000,
      "gross_profit": null,
      "operating_income": -43280000,
      "net_income": -39440000,
      "opex": 43288000,
      "cogs": null,
      "rd": 34140000,
      "sga": null,
      "fcf": -34532000,
      "ocf": -33982000,
      "capex": -550000,
      "gross_margin": null,
      "op_margin": -5410.0,
      "fcf_margin": -4316.5
    },
    {
      "date": "2023-12-31T00:00:00",
      "quarter_label": "2023-12 (Q4)",
      "revenue": 143000,
      "gross_profit": null,
      "operating_income": -46455000,
      "net_income": -40243000,
      "opex": 46598000,
      "cogs": null,
      "rd": 37493000,
      "sga": null,
      "fcf": -26000000,
      "ocf": -25459000,
      "capex": -541000,
      "gross_margin": null,
      "op_margin": -324.86013986013984,
      "fcf_margin": -181.8181818181818,
      "op_leverage_ratio": 220.690332326284,
      "fcf_margin_change": 4134.681818181818
    },
    {
      "date": "2024-03-31T00:00:00",
      "quarter_label": "2024-03 (Q1)",
      "revenue": 0,
      "gross_profit": null,
      "operating_income": -48483000,
      "net_income": -43114000,
      "opex": 48566000,
      "cogs": null,
      "rd": 38258000,
      "sga": null,
      "fcf": -45506000,
      "ocf": -44560000,
      "capex": -946000,
      "gross_margin": null,
      "op_margin": null,
      "fcf_margin": null
    },
    {
      "date": "2024-06-30T00:00:00",
      "quarter_label": "2024-06 (Q2)",
      "revenue": 0,
      "gross_profit": null,
      "operating_income": -50439000,
      "net_income": -45257000,
      "opex": 50476000,
      "cogs": null,
      "rd": 40515000,
      "sga": null,
      "fcf": -40111000,
      "ocf": -39801000,
      "capex": -310000,
      "gross_margin": null,
      "op_margin": null,
      "fcf_margin": null
    },
    {
      "date": "2024-09-30T00:00:00",
      "quarter_label": "2024-09 (Q3)",
      "revenue": 0,
      "gross_profit": null,
      "operating_income": -58657000,
      "net_income": -52956000,
      "opex": 59045000,
      "cogs": null,
      "rd": 49225000,
      "sga": null,
      "fcf": -30886000,
      "ocf": -30500000,
      "capex": -386000,
      "gross_margin": null,
      "op_margin": null,
      "fcf_margin": null,
      "rev_growth_yoy": -1.0
    },
    {
      "date": "2024-12-31T00:00:00",
      "quarter_label": "2024-12 (Q4)",
      "revenue": 3550000,
      "gross_profit": null,
      "operating_income": -53254000,
      "net_income": -46026000,
      "opex": 56296000,
      "cogs": null,
      "rd": 45631000,
      "sga": null,
      "fcf": -46297000,
      "ocf": -46008000,
      "capex": -289000,
      "gross_margin": null,
      "op_margin": -15.00112676056338,
      "fcf_margin": -13.041408450704225,
      "incr_op_margin_yoy": -1.9955972996771354,
      "rev_growth_yoy": 23.825174825174827,
      "rev_growth_yoy_accel": 24.825174825174827
    },
    {
      "date": "2025-03-31T00:00:00",
      "quarter_label": "2025-03 (Q1)",
      "revenue": 211192000,
      "gross_profit": null,
      "operating_income": 152040000,
      "net_income": 148451000,
      "opex": 59206000,
      "cogs": null,
      "rd": 48709000,
      "sga": null,
      "fcf": 160606000,
      "ocf": 161171000,
      "capex": -565000,
      "gross_margin": null,
      "op_margin": 0.7199136330921626,
      "fcf_margin": 0.7604738815864237,
      "incr_op_margin_yoy": 0.9494819879540892,
      "op_leverage_ratio": 1131.543878031073,
      "fcf_margin_change": 13.80188233229065
    },
    {
      "date": "2025-06-30T00:00:00",
      "quarter_label": "2025-06 (Q2)",
      "revenue": 18168000,
      "gross_profit": null,
      "operating_income": -39817000,
      "net_income": -30696000,
      "opex": 57985000,
      "cogs": null,
      "rd": 43503000,
      "sga": null,
      "fcf": -30343000,
      "ocf": -29623000,
      "capex": -720000,
      "gross_margin": null,
      "op_margin": -2.191600616468516,
      "fcf_margin": -1.670134302069573,
      "incr_op_margin_yoy": 0.5846543372963452,
      "fcf_margin_change": -2.4306081836559965
    },
    {
      "date": "2025-09-30T00:00:00",
      "quarter_label": "2025-09 (Q3)",
      "revenue": 14124000,
      "gross_profit": null,
      "operating_income": -15384000,
      "net_income": -7280000,
      "opex": 29646000,
      "cogs": null,
      "rd": 19519000,
      "sga": null,
      "fcf": 3117000,
      "ocf": 3249000,
      "capex": -132000,
      "gross_margin": null,
      "op_margin": -1.0892098555649958,
      "fcf_margin": 0.22068819031435855,
      "incr_op_margin_yoy": 3.063792126876239,
      "fcf_margin_change": 1.8908224923839314
    }
  ],
  "signals": [
    {
      "quarter": "2025-09 (Q3)",
      "signal": "FCF TURNED POSITIVE",
      "detail": "FCF margin: -167.0% -> +22.1%",
      "severity": "HIGH"
    },
    {
      "quarter": "2025-03 (Q1)",
      "signal": "FCF TURNED POSITIVE",
      "detail": "FCF margin: -1304.1% -> +76.0%",
      "severity": "HIGH"
    },
    {
      "quarter": "2025-03 (Q1)",
      "signal": "OPERATING LEVERAGE",
      "detail": "Rev growth +5849.1% vs OpEx growth +5.2% (leverage: 1131.5x)",
      "severity": "MEDIUM"
    },
    {
      "quarter": "2025-03 (Q1)",
      "signal": "OP MARGIN TURNED POSITIVE (QoQ)",
      "detail": "Op margin: -1500.1% -> +72.0%",
      "severity": "HIGH"
    },
    {
      "quarter": "2024-12 (Q4)",
      "signal": "YoY REVENUE GROWTH ACCELERATION",
      "detail": "YoY growth: +2382.5% vs prior quarter YoY: -100.0% (accel: +2482.5%)",
      "severity": "HIGH"
    },
    {
      "quarter": "2023-12 (Q4)",
      "signal": "FCF MARGIN EXPANSION",
      "detail": "FCF margin: -431650.0% -> -18181.8% (+413468.2%)",
      "severity": "MEDIUM"
    },
    {
      "quarter": "2023-12 (Q4)",
      "signal": "OPERATING LEVERAGE",
      "detail": "Rev growth +1687.5% vs OpEx growth +7.6% (leverage: 220.7x)",
      "severity": "MEDIUM"
    }
  ],
  "data_quality": {
    "n_quarters": 20,
    "coverage": {
      "revenue": [
        20,
        20
      ],
      "gross_profit": [
        0,
        20
      ],
      "op_income": [
        18,
        20
      ],
      "fcf": [
        18,
        20
      ]
    },
    "gaps": [
      [
        "2020-12 (Q4)",
        "2021-06 (Q2)",
        181
      ],
      [
        "2021-12 (Q4)",
        "2022-06 (Q2)",
        181
      ]
    ],
    "warnings": [
      "gross_profit: no data",
      "gap: 1Q missing between 2020-12 (Q4) and 2021-06 (Q2)",
      "gap: 1Q missing between 2021-12 (Q4) and 2022-06 (Q2)"
    ]
  },
  "market_cap": null,
  "source": "SEC EDGAR",
  "last_updated": "2026-02-02T22:20:57.939495"
}