{
  "ticker": "KRT",
  "name": "Karat Packaging Inc.",
  "quarters": [
    {
      "date": "2020-12-31T00:00:00",
      "quarter_label": "2020-12 (Q4)",
      "revenue": 70381000,
      "gross_profit": 19296000,
      "operating_income": 2057000,
      "net_income": 922000,
      "opex": 17239000,
      "cogs": 51085000,
      "rd": null,
      "sga": null,
      "fcf": 332000,
      "ocf": 2247000,
      "capex": -1915000,
      "gross_margin": 0.2741649024594706,
      "op_margin": 0.029226637871016325,
      "fcf_margin": 0.0047171821940580555
    },
    {
      "date": "2021-03-31T00:00:00",
      "quarter_label": "2021-03 (Q1)",
      "revenue": 75673000,
      "gross_profit": 21626000,
      "operating_income": 3771000,
      "net_income": 1780000,
      "opex": 17855000,
      "cogs": 54047000,
      "rd": null,
      "sga": null,
      "fcf": 4231000,
      "ocf": 4504000,
      "capex": -273000,
      "gross_margin": 0.2857822473008867,
      "op_margin": 0.049832833375180054,
      "fcf_margin": 0.0559116197322691,
      "op_leverage_ratio": 2.104242363964448,
      "fcf_margin_change": 0.05119443753821105
    },
    {
      "date": "2021-06-30T00:00:00",
      "quarter_label": "2021-06 (Q2)",
      "revenue": 94526000,
      "gross_profit": 28098000,
      "operating_income": 6870000,
      "net_income": 9583000,
      "opex": 21228000,
      "cogs": 66428000,
      "rd": null,
      "sga": null,
      "fcf": -7875000,
      "ocf": -7191000,
      "capex": -684000,
      "gross_margin": 0.2972515498381398,
      "op_margin": 0.07267841652032245,
      "fcf_margin": -0.08331041195015128,
      "op_leverage_ratio": 1.3188124223958932,
      "fcf_margin_change": -0.13922203168242037
    },
    {
      "date": "2021-09-30T00:00:00",
      "quarter_label": "2021-09 (Q3)",
      "revenue": 102711000,
      "gross_profit": 29793000,
      "operating_income": 5365000,
      "net_income": 3786000,
      "opex": 24428000,
      "cogs": 72918000,
      "rd": null,
      "sga": null,
      "fcf": -1549000,
      "ocf": 1441000,
      "capex": -2990000,
      "gross_margin": 0.29006630253818966,
      "op_margin": 0.05223393794238202,
      "fcf_margin": -0.01508115002287973,
      "op_leverage_ratio": 0.5744159675644797,
      "fcf_margin_change": 0.06822926192727155
    },
    {
      "date": "2021-12-31T00:00:00",
      "quarter_label": "2021-12 (Q4)",
      "revenue": 91334000,
      "gross_profit": 28310000,
      "operating_income": 7139000,
      "net_income": 5629000,
      "opex": 21171000,
      "cogs": 63024000,
      "rd": null,
      "sga": null,
      "fcf": 9697000,
      "ocf": 9925000,
      "capex": -228000,
      "gross_margin": 0.3099612411588237,
      "op_margin": 0.07816366303895592,
      "fcf_margin": 0.10617075787767973,
      "incr_op_margin_yoy": 0.24254283396172385,
      "rev_growth_yoy": 0.2977081882894531,
      "fcf_margin_change": 0.12125190790055945
    },
    {
      "date": "2022-03-31T00:00:00",
      "quarter_label": "2022-03 (Q1)",
      "revenue": 105413000,
      "gross_profit": 34289000,
      "operating_income": 9491000,
      "net_income": 6667000,
      "opex": 24798000,
      "cogs": 71124000,
      "rd": null,
      "sga": null,
      "fcf": -12251000,
      "ocf": -11427000,
      "capex": -824000,
      "gross_margin": 0.32528246041759556,
      "op_margin": 0.09003633327957652,
      "fcf_margin": -0.11621906216500812,
      "incr_op_margin_yoy": 0.19233355749831876,
      "rev_growth_yoy": 0.39300675273875757,
      "rev_growth_yoy_accel": 0.09529856444930446,
      "op_leverage_ratio": 0.8997733946373362,
      "fcf_margin_change": -0.22238982004268784
    },
    {
      "date": "2022-06-30T00:00:00",
      "quarter_label": "2022-06 (Q2)",
      "revenue": 114881000,
      "gross_profit": 33964000,
      "operating_income": 7802000,
      "net_income": 6344000,
      "opex": 26162000,
      "cogs": 80917000,
      "rd": null,
      "sga": null,
      "fcf": 2890000,
      "ocf": 3681000,
      "capex": -791000,
      "gross_margin": 0.2956450587999756,
      "op_margin": 0.06791375423264073,
      "fcf_margin": 0.025156466256387042,
      "incr_op_margin_yoy": 0.045787275853598625,
      "rev_growth_yoy": 0.215337579078772,
      "rev_growth_yoy_accel": -0.17766917365998558,
      "op_leverage_ratio": 1.6329254631545194,
      "fcf_margin_change": 0.14137552842139517
    },
    {
      "date": "2022-09-30T00:00:00",
      "quarter_label": "2022-09 (Q3)",
      "revenue": 109996000,
      "gross_profit": 34168000,
      "operating_income": 7910000,
      "net_income": 6096000,
      "opex": 26258000,
      "cogs": 75828000,
      "rd": null,
      "sga": null,
      "fcf": 19853000,
      "ocf": 20245000,
      "capex": -392000,
      "gross_margin": 0.3106294774355431,
      "op_margin": 0.07191170588021382,
      "fcf_margin": 0.18048838139568713,
      "incr_op_margin_yoy": 0.34934797529169526,
      "rev_growth_yoy": 0.0709271645685467,
      "rev_growth_yoy_accel": -0.1444104145102253,
      "fcf_margin_change": 0.1553319151393001
    },
    {
      "date": "2022-12-31T00:00:00",
      "quarter_label": "2022-12 (Q4)",
      "revenue": 92667000,
      "gross_profit": 29665000,
      "operating_income": 4812000,
      "net_income": 4541000,
      "opex": 24853000,
      "cogs": 63002000,
      "rd": null,
      "sga": null,
      "fcf": 16325000,
      "ocf": 16975000,
      "capex": -650000,
      "gross_margin": 0.32012474775270594,
      "op_margin": 0.05192787076305481,
      "fcf_margin": 0.17616843104880917,
      "incr_op_margin_yoy": -1.7456864216054013,
      "rev_growth_yoy": 0.01459478397967898,
      "rev_growth_yoy_accel": -0.05633238058886772,
      "fcf_margin_change": -0.00431995034687796
    },
    {
      "date": "2023-03-31T00:00:00",
      "quarter_label": "2023-03 (Q1)",
      "revenue": 95801000,
      "gross_profit": 38144000,
      "operating_income": 12732000,
      "net_income": 9005000,
      "opex": 25412000,
      "cogs": 57657000,
      "rd": null,
      "sga": null,
      "fcf": 13143000,
      "ocf": 14185000,
      "capex": -1042000,
      "gross_margin": 0.39815868310351665,
      "op_margin": 0.13290049164413734,
      "fcf_margin": 0.13719063475329069,
      "incr_op_margin_yoy": -0.3371826883062838,
      "rev_growth_yoy": -0.0911841992923074,
      "rev_growth_yoy_accel": -0.10577898327198637,
      "op_leverage_ratio": 1.5036297182210492,
      "fcf_margin_change": -0.03897779629551848
    },
    {
      "date": "2023-06-30T00:00:00",
      "quarter_label": "2023-06 (Q2)",
      "revenue": 108740000,
      "gross_profit": 41861000,
      "operating_income": 13339000,
      "net_income": 10502000,
      "opex": 28522000,
      "cogs": 66879000,
      "rd": null,
      "sga": null,
      "fcf": 16094000,
      "ocf": 16868000,
      "capex": -774000,
      "gross_margin": 0.3849641346330697,
      "op_margin": 0.12266875114953099,
      "fcf_margin": 0.1480044141990068,
      "incr_op_margin_yoy": -0.9016446832763394,
      "rev_growth_yoy": -0.0534553146299214,
      "rev_growth_yoy_accel": 0.037728884662386,
      "op_leverage_ratio": 1.1035934853031864,
      "fcf_margin_change": 0.010813779445716126
    },
    {
      "date": "2023-09-30T00:00:00",
      "quarter_label": "2023-09 (Q3)",
      "revenue": 105528000,
      "gross_profit": 38944000,
      "operating_income": 11380000,
      "net_income": 9065000,
      "opex": 27564000,
      "cogs": 66584000,
      "rd": null,
      "sga": null,
      "fcf": 10981000,
      "ocf": 12035000,
      "capex": -1054000,
      "gross_margin": 0.3690394966264878,
      "op_margin": 0.10783867788643772,
      "fcf_margin": 0.10405769084982185,
      "incr_op_margin_yoy": -0.7766338406445837,
      "rev_growth_yoy": -0.04061965889668715,
      "rev_growth_yoy_accel": 0.012835655733234246,
      "fcf_margin_change": -0.043946723349184966
    },
    {
      "date": "2023-12-31T00:00:00",
      "quarter_label": "2023-12 (Q4)",
      "revenue": 95582000,
      "gross_profit": 34094000,
      "operating_income": 4625000,
      "net_income": 3898000,
      "opex": 29469000,
      "cogs": 61488000,
      "rd": null,
      "sga": null,
      "fcf": 10326000,
      "ocf": 10291000,
      "capex": 35000,
      "gross_margin": 0.35669896005524054,
      "op_margin": 0.04838777175618841,
      "fcf_margin": 0.10803289322257328,
      "incr_op_margin_yoy": -0.06415094339622641,
      "rev_growth_yoy": 0.03145672137870008,
      "rev_growth_yoy_accel": 0.07207638027538724,
      "fcf_margin_change": 0.003975202372751438
    },
    {
      "date": "2024-03-31T00:00:00",
      "quarter_label": "2024-03 (Q1)",
      "revenue": 95613000,
      "gross_profit": 37602000,
      "operating_income": 8076000,
      "net_income": 6166000,
      "opex": 29526000,
      "cogs": 58011000,
      "rd": null,
      "sga": null,
      "fcf": 6396000,
      "ocf": 6559000,
      "capex": -163000,
      "gross_margin": 0.39327288130275173,
      "op_margin": 0.08446550155313608,
      "fcf_margin": 0.06689466913495026,
      "rev_growth_yoy": -0.0019624012275445976,
      "rev_growth_yoy_accel": -0.033419122606244675,
      "fcf_margin_change": -0.04113822408762302
    },
    {
      "date": "2024-06-30T00:00:00",
      "quarter_label": "2024-06 (Q2)",
      "revenue": 112600000,
      "gross_profit": 43407000,
      "operating_income": 11115000,
      "net_income": 9100000,
      "opex": 32292000,
      "cogs": 69193000,
      "rd": null,
      "sga": null,
      "fcf": 13443000,
      "ocf": 13695000,
      "capex": -252000,
      "gross_margin": 0.38549733570159855,
      "op_margin": 0.09871225577264654,
      "fcf_margin": 0.11938721136767318,
      "incr_op_margin_yoy": -0.5761658031088083,
      "rev_growth_yoy": 0.03549751701305867,
      "rev_growth_yoy_accel": 0.03745991824060327,
      "op_leverage_ratio": 1.896497093205611,
      "fcf_margin_change": 0.052492542232722914
    },
    {
      "date": "2024-09-30T00:00:00",
      "quarter_label": "2024-09 (Q3)",
      "revenue": 112771000,
      "gross_profit": 43497000,
      "operating_income": 11270000,
      "net_income": 9094000,
      "opex": 32227000,
      "cogs": 69274000,
      "rd": null,
      "sga": null,
      "fcf": 19175000,
      "ocf": 19478000,
      "capex": -303000,
      "gross_margin": 0.38571086538205746,
      "op_margin": 0.09993704055120554,
      "fcf_margin": 0.17003484938503693,
      "incr_op_margin_yoy": -0.015187077177964931,
      "rev_growth_yoy": 0.0686358122962626,
      "rev_growth_yoy_accel": 0.03313829528320393,
      "fcf_margin_change": 0.05064763801736376
    },
    {
      "date": "2024-12-31T00:00:00",
      "quarter_label": "2024-12 (Q4)",
      "revenue": 101649000,
      "gross_profit": 39823000,
      "operating_income": 7300000,
      "net_income": 5615000,
      "opex": 32523000,
      "cogs": 61826000,
      "rd": null,
      "sga": null,
      "fcf": 8034000,
      "ocf": 8250000,
      "capex": -216000,
      "gross_margin": 0.3917697173607217,
      "op_margin": 0.07181575814813722,
      "fcf_margin": 0.07903668506330608,
      "incr_op_margin_yoy": 0.4409098401186748,
      "rev_growth_yoy": 0.06347429432319893,
      "rev_growth_yoy_accel": -0.005161517973063676,
      "fcf_margin_change": -0.09099816432173086
    },
    {
      "date": "2025-03-31T00:00:00",
      "quarter_label": "2025-03 (Q1)",
      "revenue": 103624000,
      "gross_profit": 40762000,
      "operating_income": 7820000,
      "net_income": 6409000,
      "opex": 32942000,
      "cogs": 62862000,
      "rd": null,
      "sga": null,
      "fcf": 7619000,
      "ocf": 7726000,
      "capex": -107000,
      "gross_margin": 0.393364471550992,
      "op_margin": 0.07546514321006717,
      "fcf_margin": 0.07352543812244268,
      "incr_op_margin_yoy": -0.031956060416926724,
      "rev_growth_yoy": 0.08378567767981342,
      "rev_growth_yoy_accel": 0.02031138335661449,
      "op_leverage_ratio": 1.5081362039256667,
      "fcf_margin_change": -0.0055112469408633985
    },
    {
      "date": "2025-06-30T00:00:00",
      "quarter_label": "2025-06 (Q2)",
      "revenue": 123986000,
      "gross_profit": 49107000,
      "operating_income": 16550000,
      "net_income": 10934000,
      "opex": 32557000,
      "cogs": 74879000,
      "rd": null,
      "sga": null,
      "fcf": 9583000,
      "ocf": 9750000,
      "capex": -167000,
      "gross_margin": 0.3960689110060813,
      "op_margin": 0.13348281257561337,
      "fcf_margin": 0.0772909844659881,
      "incr_op_margin_yoy": 0.4773405937115756,
      "rev_growth_yoy": 0.1011190053285968,
      "rev_growth_yoy_accel": 0.017333327648783384,
      "op_leverage_ratio": Infinity,
      "fcf_margin_change": 0.003765546343545423
    },
    {
      "date": "2025-09-30T00:00:00",
      "quarter_label": "2025-09 (Q3)",
      "revenue": 124516000,
      "gross_profit": 42918000,
      "operating_income": 8573000,
      "net_income": 7325000,
      "opex": 34345000,
      "cogs": 81598000,
      "rd": null,
      "sga": null,
      "fcf": 736000,
      "ocf": 982000,
      "capex": -246000,
      "gross_margin": 0.34467859552186064,
      "op_margin": 0.06885058948247615,
      "fcf_margin": 0.005910886954286999,
      "incr_op_margin_yoy": -0.22962962962962963,
      "rev_growth_yoy": 0.10414911635083487,
      "rev_growth_yoy_accel": 0.0030301110222380745,
      "fcf_margin_change": -0.0713800975117011
    }
  ],
  "signals": [
    {
      "quarter": "2025-06 (Q2)",
      "signal": "INCREMENTAL MARGIN (YoY)",
      "detail": "YoY Incr OPM: +47.7% vs year-ago OPM: +9.9%",
      "severity": "HIGH"
    },
    {
      "quarter": "2025-03 (Q1)",
      "signal": "OPERATING LEVERAGE",
      "detail": "Rev growth +1.9% vs OpEx growth +1.3% (leverage: 1.5x)",
      "severity": "MEDIUM"
    },
    {
      "quarter": "2024-12 (Q4)",
      "signal": "INCREMENTAL MARGIN (YoY)",
      "detail": "YoY Incr OPM: +44.1% vs year-ago OPM: +4.8%",
      "severity": "HIGH"
    },
    {
      "quarter": "2024-09 (Q3)",
      "signal": "FCF MARGIN EXPANSION",
      "detail": "FCF margin: +11.9% -> +17.0% (+5.1%)",
      "severity": "MEDIUM"
    },
    {
      "quarter": "2024-06 (Q2)",
      "signal": "FCF MARGIN EXPANSION",
      "detail": "FCF margin: +6.7% -> +11.9% (+5.2%)",
      "severity": "MEDIUM"
    },
    {
      "quarter": "2024-06 (Q2)",
      "signal": "OPERATING LEVERAGE",
      "detail": "Rev growth +17.8% vs OpEx growth +9.4% (leverage: 1.9x)",
      "severity": "MEDIUM"
    },
    {
      "quarter": "2024-03 (Q1)",
      "signal": "GROSS MARGIN INFLECTION",
      "detail": "GM: +36.9% -> +35.7% -> +39.3% (reversal +3.7%)",
      "severity": "MEDIUM"
    },
    {
      "quarter": "2023-12 (Q4)",
      "signal": "YoY REVENUE GROWTH ACCELERATION",
      "detail": "YoY growth: +3.1% vs prior quarter YoY: -4.1% (accel: +7.2%)",
      "severity": "MEDIUM"
    },
    {
      "quarter": "2023-03 (Q1)",
      "signal": "OPERATING LEVERAGE",
      "detail": "Rev growth +3.4% vs OpEx growth +2.2% (leverage: 1.5x)",
      "severity": "MEDIUM"
    },
    {
      "quarter": "2023-03 (Q1)",
      "signal": "YoY REVENUE GROWTH DECELERATION",
      "detail": "YoY growth: -9.1% vs prior quarter YoY: +1.5% (decel: -10.6%)",
      "severity": "WARNING"
    },
    {
      "quarter": "2022-12 (Q4)",
      "signal": "YoY REVENUE GROWTH DECELERATION",
      "detail": "YoY growth: +1.5% vs prior quarter YoY: +7.1% (decel: -5.6%)",
      "severity": "WARNING"
    },
    {
      "quarter": "2022-09 (Q3)",
      "signal": "FCF MARGIN EXPANSION",
      "detail": "FCF margin: +2.5% -> +18.0% (+15.5%)",
      "severity": "MEDIUM"
    },
    {
      "quarter": "2022-09 (Q3)",
      "signal": "YoY REVENUE GROWTH DECELERATION",
      "detail": "YoY growth: +7.1% vs prior quarter YoY: +21.5% (decel: -14.4%)",
      "severity": "WARNING"
    },
    {
      "quarter": "2022-09 (Q3)",
      "signal": "INCREMENTAL MARGIN (YoY)",
      "detail": "YoY Incr OPM: +34.9% vs year-ago OPM: +5.2%",
      "severity": "HIGH"
    },
    {
      "quarter": "2022-06 (Q2)",
      "signal": "FCF TURNED POSITIVE",
      "detail": "FCF margin: -11.6% -> +2.5%",
      "severity": "HIGH"
    },
    {
      "quarter": "2022-06 (Q2)",
      "signal": "OPERATING LEVERAGE",
      "detail": "Rev growth +9.0% vs OpEx growth +5.5% (leverage: 1.6x)",
      "severity": "MEDIUM"
    },
    {
      "quarter": "2022-06 (Q2)",
      "signal": "YoY REVENUE GROWTH DECELERATION",
      "detail": "YoY growth: +21.5% vs prior quarter YoY: +39.3% (decel: -17.8%)",
      "severity": "WARNING"
    },
    {
      "quarter": "2022-03 (Q1)",
      "signal": "YoY REVENUE GROWTH ACCELERATION",
      "detail": "YoY growth: +39.3% vs prior quarter YoY: +29.8% (accel: +9.5%)",
      "severity": "MEDIUM"
    },
    {
      "quarter": "2022-03 (Q1)",
      "signal": "INCREMENTAL MARGIN (YoY)",
      "detail": "YoY Incr OPM: +19.2% vs year-ago OPM: +5.0%",
      "severity": "MEDIUM"
    },
    {
      "quarter": "2021-12 (Q4)",
      "signal": "FCF TURNED POSITIVE",
      "detail": "FCF margin: -1.5% -> +10.6%",
      "severity": "HIGH"
    },
    {
      "quarter": "2021-12 (Q4)",
      "signal": "INCREMENTAL MARGIN (YoY)",
      "detail": "YoY Incr OPM: +24.3% vs year-ago OPM: +2.9%",
      "severity": "HIGH"
    },
    {
      "quarter": "2021-09 (Q3)",
      "signal": "FCF MARGIN EXPANSION",
      "detail": "FCF margin: -8.3% -> -1.5% (+6.8%)",
      "severity": "MEDIUM"
    },
    {
      "quarter": "2021-03 (Q1)",
      "signal": "FCF MARGIN EXPANSION",
      "detail": "FCF margin: +0.5% -> +5.6% (+5.1%)",
      "severity": "MEDIUM"
    },
    {
      "quarter": "2021-03 (Q1)",
      "signal": "OPERATING LEVERAGE",
      "detail": "Rev growth +7.5% vs OpEx growth +3.6% (leverage: 2.1x)",
      "severity": "MEDIUM"
    }
  ],
  "data_quality": {
    "n_quarters": 20,
    "coverage": {
      "revenue": [
        20,
        20
      ],
      "gross_profit": [
        20,
        20
      ],
      "op_income": [
        20,
        20
      ],
      "fcf": [
        20,
        20
      ]
    },
    "gaps": [],
    "warnings": []
  },
  "market_cap": null,
  "source": "SEC EDGAR",
  "last_updated": "2026-02-02T22:26:48.385213",
  "sector": "Consumer Cyclical",
  "industry": "Packaging & Containers"
}