{
  "ticker": "KRYS",
  "name": "KRYSTAL BIOTECH, INC.",
  "sector": "Healthcare",
  "industry": "Biotechnology",
  "quarters": [
    {
      "date": "2022-09-30T00:00:00",
      "quarter_label": "2022-09 (Q3)",
      "revenue": 0,
      "gross_profit": null,
      "operating_income": -31451000,
      "net_income": -29850000,
      "opex": 31451000,
      "cogs": null,
      "rd": 11516000,
      "sga": 19935000,
      "fcf": -33744000,
      "ocf": -19688000,
      "capex": -14056000,
      "gross_margin": null,
      "op_margin": null,
      "fcf_margin": null
    },
    {
      "date": "2022-12-31T00:00:00",
      "quarter_label": "2022-12 (Q4)",
      "revenue": 0,
      "gross_profit": null,
      "operating_income": -34771000,
      "net_income": -32052000,
      "opex": 34771000,
      "cogs": null,
      "rd": 10741000,
      "sga": 24030000,
      "fcf": -27546000,
      "ocf": -22329000,
      "capex": -5217000,
      "gross_margin": null,
      "op_margin": null,
      "fcf_margin": null
    },
    {
      "date": "2023-03-31T00:00:00",
      "quarter_label": "2023-03 (Q1)",
      "revenue": 0,
      "gross_profit": null,
      "operating_income": -48823000,
      "net_income": -45297000,
      "opex": 48823000,
      "cogs": null,
      "rd": 12288000,
      "sga": 24035000,
      "fcf": -31537000,
      "ocf": -26156000,
      "capex": -5381000,
      "gross_margin": null,
      "op_margin": null,
      "fcf_margin": null
    },
    {
      "date": "2023-06-30T00:00:00",
      "quarter_label": "2023-06 (Q2)",
      "revenue": 0,
      "gross_profit": null,
      "operating_income": -38048000,
      "net_income": -33210000,
      "opex": 38048000,
      "cogs": null,
      "rd": 12144000,
      "sga": 25904000,
      "fcf": -36980000,
      "ocf": -34190000,
      "capex": -2790000,
      "gross_margin": null,
      "op_margin": null,
      "fcf_margin": null
    },
    {
      "date": "2023-09-30T00:00:00",
      "quarter_label": "2023-09 (Q3)",
      "revenue": 8556000,
      "gross_profit": null,
      "operating_income": -25993000,
      "net_income": 80747000,
      "opex": 34549000,
      "cogs": null,
      "rd": 10629000,
      "sga": 23697000,
      "fcf": -23007000,
      "ocf": -21226000,
      "capex": -1781000,
      "gross_margin": null,
      "op_margin": -3.0379850397381953,
      "fcf_margin": -2.6889901823281908,
      "incr_op_margin_yoy": 0.6379149135109864
    },
    {
      "date": "2023-12-31T00:00:00",
      "quarter_label": "2023-12 (Q4)",
      "revenue": 42143000,
      "gross_profit": null,
      "operating_income": 3138000,
      "net_income": 8692000,
      "opex": 39005000,
      "cogs": null,
      "rd": 11370000,
      "sga": 24764000,
      "fcf": -9079000,
      "ocf": -7232000,
      "capex": -1847000,
      "gross_margin": null,
      "op_margin": 0.07446076453978122,
      "fcf_margin": -0.21543316802315923,
      "incr_op_margin_yoy": 0.8995325439574781,
      "op_leverage_ratio": 30.436221617972794,
      "fcf_margin_change": 2.4735570143050314
    },
    {
      "date": "2024-03-31T00:00:00",
      "quarter_label": "2024-03 (Q1)",
      "revenue": 45250000,
      "gross_profit": null,
      "operating_income": -6684000,
      "net_income": 932000,
      "opex": 51934000,
      "cogs": null,
      "rd": 10957000,
      "sga": 26058000,
      "fcf": 14628000,
      "ocf": 15888000,
      "capex": -1260000,
      "gross_margin": null,
      "op_margin": -0.14771270718232044,
      "fcf_margin": 0.3232707182320442,
      "incr_op_margin_yoy": 0.9312486187845304,
      "op_leverage_ratio": 0.22241862515081598,
      "fcf_margin_change": 0.5387038862552034
    },
    {
      "date": "2024-06-30T00:00:00",
      "quarter_label": "2024-06 (Q2)",
      "revenue": 70284000,
      "gross_profit": null,
      "operating_income": 8566000,
      "net_income": 15568000,
      "opex": 61718000,
      "cogs": null,
      "rd": 15583000,
      "sga": 27626000,
      "fcf": -5299000,
      "ocf": -4168000,
      "capex": -1131000,
      "gross_margin": null,
      "op_margin": 0.12187695634852883,
      "fcf_margin": -0.07539411530362529,
      "incr_op_margin_yoy": 0.6632234932559331,
      "op_leverage_ratio": 2.9366148724041508,
      "fcf_margin_change": -0.39866483353566945
    },
    {
      "date": "2024-09-30T00:00:00",
      "quarter_label": "2024-09 (Q3)",
      "revenue": 83841000,
      "gross_profit": null,
      "operating_income": 22433000,
      "net_income": 27180000,
      "opex": 61408000,
      "cogs": null,
      "rd": 13511000,
      "sga": 28713000,
      "fcf": 57811000,
      "ocf": 58857000,
      "capex": -1046000,
      "gross_margin": null,
      "op_margin": 0.2675659880010973,
      "fcf_margin": 0.6895313748643265,
      "incr_op_margin_yoy": 0.6432357043235705,
      "rev_growth_yoy": 8.799088359046284,
      "op_leverage_ratio": null,
      "fcf_margin_change": 0.7649254901679517
    },
    {
      "date": "2024-12-31T00:00:00",
      "quarter_label": "2024-12 (Q4)",
      "revenue": 91139000,
      "gross_profit": null,
      "operating_income": 41379000,
      "net_income": 45479000,
      "opex": 49760000,
      "cogs": null,
      "rd": 13523000,
      "sga": 31288000,
      "fcf": 52042000,
      "ocf": 52843000,
      "capex": -801000,
      "gross_margin": null,
      "op_margin": 0.4540207814437288,
      "fcf_margin": 0.5710178957416693,
      "incr_op_margin_yoy": 0.7804922850844966,
      "rev_growth_yoy": 1.162613008091498,
      "rev_growth_yoy_accel": -7.636475350954786,
      "op_leverage_ratio": null,
      "fcf_margin_change": -0.1185134791226572
    },
    {
      "date": "2025-03-31T00:00:00",
      "quarter_label": "2025-03 (Q1)",
      "revenue": 88183000,
      "gross_profit": null,
      "operating_income": 36177000,
      "net_income": 35733000,
      "opex": 52006000,
      "cogs": null,
      "rd": 14255000,
      "sga": 32723000,
      "fcf": 24765000,
      "ocf": 30969000,
      "capex": -6204000,
      "gross_margin": null,
      "op_margin": 0.41024914099089393,
      "fcf_margin": 0.28083644239819466,
      "incr_op_margin_yoy": 0.9983229683460275,
      "rev_growth_yoy": 0.9487955801104972,
      "rev_growth_yoy_accel": -0.21381742798100078,
      "fcf_margin_change": -0.2901814533434746
    },
    {
      "date": "2025-06-30T00:00:00",
      "quarter_label": "2025-06 (Q2)",
      "revenue": 96042000,
      "gross_profit": null,
      "operating_income": 39307000,
      "net_income": 38333000,
      "opex": 56735000,
      "cogs": null,
      "rd": 14410000,
      "sga": 35160000,
      "fcf": 50825000,
      "ocf": 52729000,
      "capex": -1904000,
      "gross_margin": null,
      "op_margin": 0.409268861539743,
      "fcf_margin": 0.5291955602757127,
      "incr_op_margin_yoy": 1.1934544607500583,
      "rev_growth_yoy": 0.3664845484036196,
      "rev_growth_yoy_accel": -0.5823110317068776,
      "op_leverage_ratio": 0.9800913514384785,
      "fcf_margin_change": 0.24835911787751802
    },
    {
      "date": "2025-09-30T00:00:00",
      "quarter_label": "2025-09 (Q3)",
      "revenue": 97800000,
      "gross_profit": null,
      "operating_income": 41374000,
      "net_income": 79365000,
      "opex": 56426000,
      "cogs": null,
      "rd": 14585000,
      "sga": 37578000,
      "fcf": 37955000,
      "ocf": 39659000,
      "capex": -1704000,
      "gross_margin": null,
      "op_margin": 0.4230470347648262,
      "fcf_margin": 0.3880879345603272,
      "incr_op_margin_yoy": 1.3569023569023568,
      "rev_growth_yoy": 0.16649372025619924,
      "rev_growth_yoy_accel": -0.19999082814742036,
      "op_leverage_ratio": null,
      "fcf_margin_change": -0.1411076257153855
    },
    {
      "date": "2025-12-31T00:00:00",
      "quarter_label": "2025-12 (Q4)",
      "revenue": 107105000,
      "gross_profit": null,
      "operating_income": 44270000,
      "net_income": 51400000,
      "opex": 62835000,
      "cogs": null,
      "rd": 14794000,
      "sga": 41449000,
      "fcf": 75369000,
      "ocf": 77508000,
      "capex": -2139000,
      "gross_margin": null,
      "op_margin": 0.41333271089118157,
      "fcf_margin": 0.7036926380654498,
      "incr_op_margin_yoy": 0.18107227859200803,
      "rev_growth_yoy": 0.1751829622883727,
      "rev_growth_yoy_accel": 0.008689242032173472,
      "op_leverage_ratio": 0.8376575661590407,
      "fcf_margin_change": 0.3156047035051226
    }
  ],
  "signals": [
    {
      "quarter": "2025-12 (Q4)",
      "signal": "FCF MARGIN EXPANSION",
      "detail": "FCF margin: +38.8% -> +70.4% (+31.6%)",
      "severity": "MEDIUM"
    },
    {
      "quarter": "2025-09 (Q3)",
      "signal": "YoY REVENUE GROWTH DECELERATION",
      "detail": "YoY growth: +16.6% vs prior quarter YoY: +36.6% (decel: -20.0%)",
      "severity": "WARNING"
    },
    {
      "quarter": "2025-09 (Q3)",
      "signal": "INCREMENTAL MARGIN (YoY)",
      "detail": "YoY Incr OPM: +135.7% vs year-ago OPM: +26.8%",
      "severity": "HIGH"
    },
    {
      "quarter": "2025-06 (Q2)",
      "signal": "FCF MARGIN EXPANSION",
      "detail": "FCF margin: +28.1% -> +52.9% (+24.8%)",
      "severity": "MEDIUM"
    },
    {
      "quarter": "2025-06 (Q2)",
      "signal": "YoY REVENUE GROWTH DECELERATION",
      "detail": "YoY growth: +36.6% vs prior quarter YoY: +94.9% (decel: -58.2%)",
      "severity": "WARNING"
    },
    {
      "quarter": "2025-06 (Q2)",
      "signal": "INCREMENTAL MARGIN (YoY)",
      "detail": "YoY Incr OPM: +119.3% vs year-ago OPM: +12.2%",
      "severity": "HIGH"
    },
    {
      "quarter": "2025-03 (Q1)",
      "signal": "YoY REVENUE GROWTH DECELERATION",
      "detail": "YoY growth: +94.9% vs prior quarter YoY: +116.3% (decel: -21.4%)",
      "severity": "WARNING"
    },
    {
      "quarter": "2025-03 (Q1)",
      "signal": "OP MARGIN TURNED POSITIVE (YoY)",
      "detail": "Op margin: -14.8% (year-ago) -> +41.0%",
      "severity": "HIGH"
    },
    {
      "quarter": "2024-12 (Q4)",
      "signal": "YoY REVENUE GROWTH DECELERATION",
      "detail": "YoY growth: +116.3% vs prior quarter YoY: +879.9% (decel: -763.6%)",
      "severity": "WARNING"
    },
    {
      "quarter": "2024-12 (Q4)",
      "signal": "INCREMENTAL MARGIN (YoY)",
      "detail": "YoY Incr OPM: +78.0% vs year-ago OPM: +7.4%",
      "severity": "HIGH"
    },
    {
      "quarter": "2024-09 (Q3)",
      "signal": "FCF TURNED POSITIVE",
      "detail": "FCF margin: -7.5% -> +69.0%",
      "severity": "HIGH"
    },
    {
      "quarter": "2024-09 (Q3)",
      "signal": "OP MARGIN TURNED POSITIVE (YoY)",
      "detail": "Op margin: -303.8% (year-ago) -> +26.8%",
      "severity": "HIGH"
    },
    {
      "quarter": "2024-06 (Q2)",
      "signal": "OPERATING LEVERAGE",
      "detail": "Rev growth +55.3% vs OpEx growth +18.8% (leverage: 2.9x)",
      "severity": "MEDIUM"
    },
    {
      "quarter": "2024-06 (Q2)",
      "signal": "OP MARGIN TURNED POSITIVE (QoQ)",
      "detail": "Op margin: -14.8% -> +12.2%",
      "severity": "HIGH"
    },
    {
      "quarter": "2024-03 (Q1)",
      "signal": "FCF TURNED POSITIVE",
      "detail": "FCF margin: -21.5% -> +32.3%",
      "severity": "HIGH"
    },
    {
      "quarter": "2023-12 (Q4)",
      "signal": "FCF MARGIN EXPANSION",
      "detail": "FCF margin: -268.9% -> -21.5% (+247.4%)",
      "severity": "MEDIUM"
    },
    {
      "quarter": "2023-12 (Q4)",
      "signal": "OPERATING LEVERAGE",
      "detail": "Rev growth +392.6% vs OpEx growth +12.9% (leverage: 30.4x)",
      "severity": "MEDIUM"
    },
    {
      "quarter": "2023-12 (Q4)",
      "signal": "OP MARGIN TURNED POSITIVE (QoQ)",
      "detail": "Op margin: -303.8% -> +7.4%",
      "severity": "HIGH"
    }
  ],
  "data_quality": {
    "n_quarters": 14,
    "coverage": {
      "revenue": [
        14,
        14
      ],
      "gross_profit": [
        0,
        14
      ],
      "op_income": [
        14,
        14
      ],
      "fcf": [
        14,
        14
      ]
    },
    "gaps": [],
    "warnings": [
      "gross_profit: no data"
    ]
  },
  "market_cap": null,
  "source": "SEC EDGAR",
  "last_updated": "2026-02-24T10:37:09.222666"
}