{
  "ticker": "KSS",
  "name": "KOHL'S CORP",
  "quarters": [
    {
      "date": "2021-01-30T00:00:00",
      "quarter_label": "2021-01 (Q1)",
      "revenue": 6141000000,
      "gross_profit": 2141000000,
      "operating_income": 316000000,
      "net_income": 343000000,
      "opex": 1825000000,
      "cogs": 4000000000,
      "rd": null,
      "sga": 1603000000,
      "fcf": 428000000,
      "ocf": 428000000,
      "capex": null,
      "gross_margin": 0.3486402865982739,
      "op_margin": 0.051457417358736365,
      "fcf_margin": 0.06969548933398469
    },
    {
      "date": "2021-05-01T00:00:00",
      "quarter_label": "2021-05 (Q2)",
      "revenue": 3887000000,
      "gross_profit": 1654000000,
      "operating_income": 273000000,
      "net_income": 14000000,
      "opex": 1381000000,
      "cogs": 2233000000,
      "rd": null,
      "sga": 1170000000,
      "fcf": 278000000,
      "ocf": 278000000,
      "capex": null,
      "gross_margin": 0.4255209673269874,
      "op_margin": 0.07023411371237458,
      "fcf_margin": 0.0715204527913558,
      "fcf_margin_change": 0.001824963457371112
    },
    {
      "date": "2021-07-31T00:00:00",
      "quarter_label": "2021-07 (Q3)",
      "revenue": 4447000000,
      "gross_profit": 2021000000,
      "operating_income": 570000000,
      "net_income": 382000000,
      "opex": 1451000000,
      "cogs": 2426000000,
      "rd": null,
      "sga": 1241000000,
      "fcf": 1414000000,
      "ocf": 1414000000,
      "capex": null,
      "gross_margin": 0.45446368338205534,
      "op_margin": 0.12817629862828872,
      "fcf_margin": 0.3179671688778952,
      "op_leverage_ratio": 2.8422948289169025,
      "fcf_margin_change": 0.24644671608653942
    },
    {
      "date": "2021-10-30T00:00:00",
      "quarter_label": "2021-10 (Q4)",
      "revenue": 4600000000,
      "gross_profit": 1977000000,
      "operating_income": 387000000,
      "net_income": 243000000,
      "opex": 1590000000,
      "cogs": 2623000000,
      "rd": null,
      "sga": 1380000000,
      "fcf": 82000000,
      "ocf": 82000000,
      "capex": null,
      "gross_margin": 0.42978260869565216,
      "op_margin": 0.08413043478260869,
      "fcf_margin": 0.017826086956521738,
      "op_leverage_ratio": 0.3591508623548654,
      "fcf_margin_change": -0.3001410819213735
    },
    {
      "date": "2022-01-29T00:00:00",
      "quarter_label": "2022-01 (Q1)",
      "revenue": 6499000000,
      "gross_profit": 2344000000,
      "operating_income": 450000000,
      "net_income": 299000000,
      "opex": 1894000000,
      "cogs": 4155000000,
      "rd": null,
      "sga": 1687000000,
      "fcf": 497000000,
      "ocf": 497000000,
      "capex": null,
      "gross_margin": 0.36067087244191415,
      "op_margin": 0.06924142175719342,
      "fcf_margin": 0.07647330358516695,
      "incr_op_margin_yoy": 0.3743016759776536,
      "rev_growth_yoy": 0.05829669434945449,
      "op_leverage_ratio": 2.1591890732265444,
      "fcf_margin_change": 0.05864721662864521
    },
    {
      "date": "2022-04-30T00:00:00",
      "quarter_label": "2022-04 (Q2)",
      "revenue": 3715000000,
      "gross_profit": 1575000000,
      "operating_income": 82000000,
      "net_income": 14000000,
      "opex": 1493000000,
      "cogs": 2140000000,
      "rd": null,
      "sga": 1293000000,
      "fcf": -460000000,
      "ocf": -460000000,
      "capex": null,
      "gross_margin": 0.423956931359354,
      "op_margin": 0.022072678331090174,
      "fcf_margin": -0.12382234185733512,
      "incr_op_margin_yoy": 1.1104651162790697,
      "rev_growth_yoy": -0.04425006431695395,
      "rev_growth_yoy_accel": -0.10254675866640844,
      "fcf_margin_change": -0.20029564544250206
    },
    {
      "date": "2022-07-30T00:00:00",
      "quarter_label": "2022-07 (Q3)",
      "revenue": 4087000000,
      "gross_profit": 1755000000,
      "operating_income": 266000000,
      "net_income": 143000000,
      "opex": 1489000000,
      "cogs": 2332000000,
      "rd": null,
      "sga": 1283000000,
      "fcf": -86000000,
      "ocf": -86000000,
      "capex": null,
      "gross_margin": 0.42941032542206997,
      "op_margin": 0.0650844139955958,
      "fcf_margin": -0.021042329336921947,
      "incr_op_margin_yoy": 0.8444444444444444,
      "rev_growth_yoy": -0.080953451765235,
      "rev_growth_yoy_accel": -0.03670338744828105,
      "op_leverage_ratio": Infinity,
      "fcf_margin_change": 0.10278001252041317
    },
    {
      "date": "2022-10-29T00:00:00",
      "quarter_label": "2022-10 (Q4)",
      "revenue": 4277000000,
      "gross_profit": 1736000000,
      "operating_income": 200000000,
      "net_income": 97000000,
      "opex": 1536000000,
      "cogs": 2541000000,
      "rd": null,
      "sga": 1334000000,
      "fcf": 121000000,
      "ocf": 121000000,
      "capex": null,
      "gross_margin": 0.40589198036006546,
      "op_margin": 0.04676174888940846,
      "fcf_margin": 0.02829085807809212,
      "incr_op_margin_yoy": 0.5789473684210527,
      "rev_growth_yoy": -0.07021739130434783,
      "rev_growth_yoy_accel": 0.010736060460887167,
      "op_leverage_ratio": 1.472806875979364,
      "fcf_margin_change": 0.049333187415014065
    },
    {
      "date": "2023-01-28T00:00:00",
      "quarter_label": "2023-01 (Q1)",
      "revenue": 6019000000,
      "gross_profit": 1575000000,
      "operating_income": -302000000,
      "net_income": -273000000,
      "opex": 1877000000,
      "cogs": 4444000000,
      "rd": null,
      "sga": 1677000000,
      "fcf": 707000000,
      "ocf": 707000000,
      "capex": null,
      "gross_margin": 0.2616713739823891,
      "op_margin": -0.05017444758265493,
      "fcf_margin": 0.11746137232098355,
      "incr_op_margin_yoy": 1.5666666666666667,
      "rev_growth_yoy": -0.07385751654100631,
      "rev_growth_yoy_accel": -0.0036401252366584785,
      "op_leverage_ratio": 1.8346183672196026,
      "fcf_margin_change": 0.08917051424289144
    },
    {
      "date": "2023-04-29T00:00:00",
      "quarter_label": "2023-04 (Q2)",
      "revenue": 3571000000,
      "gross_profit": 1524000000,
      "operating_income": 98000000,
      "net_income": 14000000,
      "opex": 1426000000,
      "cogs": 2047000000,
      "rd": null,
      "sga": 1238000000,
      "fcf": -202000000,
      "ocf": -202000000,
      "capex": null,
      "gross_margin": 0.4267712125455055,
      "op_margin": 0.027443293195183422,
      "fcf_margin": -0.05656678801456175,
      "incr_op_margin_yoy": -0.1111111111111111,
      "rev_growth_yoy": -0.03876177658142665,
      "rev_growth_yoy_accel": 0.03509573995957966,
      "fcf_margin_change": -0.1740281603355453
    },
    {
      "date": "2023-07-29T00:00:00",
      "quarter_label": "2023-07 (Q3)",
      "revenue": 3895000000,
      "gross_profit": 1653000000,
      "operating_income": 163000000,
      "net_income": 58000000,
      "opex": 1490000000,
      "cogs": 2242000000,
      "rd": null,
      "sga": 1304000000,
      "fcf": 430000000,
      "ocf": 430000000,
      "capex": null,
      "gross_margin": 0.424390243902439,
      "op_margin": 0.04184852374839538,
      "fcf_margin": 0.110397946084724,
      "incr_op_margin_yoy": 0.5364583333333334,
      "rev_growth_yoy": -0.04697822363591877,
      "rev_growth_yoy_accel": -0.008216447054492121,
      "op_leverage_ratio": 2.0215975917110054,
      "fcf_margin_change": 0.16696473409928575
    },
    {
      "date": "2023-10-28T00:00:00",
      "quarter_label": "2023-10 (Q4)",
      "revenue": 4054000000,
      "gross_profit": 1705000000,
      "operating_income": 157000000,
      "net_income": 59000000,
      "opex": 1548000000,
      "cogs": 2349000000,
      "rd": null,
      "sga": 1360000000,
      "fcf": 151000000,
      "ocf": 151000000,
      "capex": null,
      "gross_margin": 0.4205722742969906,
      "op_margin": 0.038727183029107055,
      "fcf_margin": 0.03724716329551061,
      "incr_op_margin_yoy": 0.19282511210762332,
      "rev_growth_yoy": -0.052139350011690434,
      "rev_growth_yoy_accel": -0.005161126375771666,
      "op_leverage_ratio": 1.048691956974016,
      "fcf_margin_change": -0.07315078278921339
    },
    {
      "date": "2024-02-03T00:00:00",
      "quarter_label": "2024-02 (Q1)",
      "revenue": 5956000000,
      "gross_profit": 2096000000,
      "operating_income": 299000000,
      "net_income": 186000000,
      "opex": 1797000000,
      "cogs": 3860000000,
      "rd": null,
      "sga": 1610000000,
      "fcf": 789000000,
      "ocf": 789000000,
      "capex": null,
      "gross_margin": 0.3519140362659503,
      "op_margin": 0.05020147750167898,
      "fcf_margin": 0.13247145735392882,
      "incr_op_margin_yoy": -9.53968253968254,
      "rev_growth_yoy": -0.010466854959295564,
      "rev_growth_yoy_accel": 0.04167249505239487,
      "op_leverage_ratio": 2.916744432094436,
      "fcf_margin_change": 0.0952242940584182
    },
    {
      "date": "2024-05-04T00:00:00",
      "quarter_label": "2024-05 (Q2)",
      "revenue": 3382000000,
      "gross_profit": 1459000000,
      "operating_income": 43000000,
      "net_income": -27000000,
      "opex": 1416000000,
      "cogs": 1923000000,
      "rd": null,
      "sga": 1228000000,
      "fcf": -7000000,
      "ocf": -7000000,
      "capex": null,
      "gross_margin": 0.43140153755174454,
      "op_margin": 0.0127143701951508,
      "fcf_margin": -0.0020697811945594325,
      "incr_op_margin_yoy": 0.291005291005291,
      "rev_growth_yoy": -0.05292635116213946,
      "rev_growth_yoy_accel": -0.042459496202843894,
      "fcf_margin_change": -0.13454123854848826
    },
    {
      "date": "2024-08-03T00:00:00",
      "quarter_label": "2024-08 (Q3)",
      "revenue": 3732000000,
      "gross_profit": 1604000000,
      "operating_income": 166000000,
      "net_income": 66000000,
      "opex": 1438000000,
      "cogs": 2128000000,
      "rd": null,
      "sga": 1250000000,
      "fcf": 254000000,
      "ocf": 254000000,
      "capex": null,
      "gross_margin": 0.42979635584137194,
      "op_margin": 0.04448017148981779,
      "fcf_margin": 0.06806002143622722,
      "incr_op_margin_yoy": -0.018404907975460124,
      "rev_growth_yoy": -0.04184852374839538,
      "rev_growth_yoy_accel": 0.011077827413744079,
      "op_leverage_ratio": 6.660932207945809,
      "fcf_margin_change": 0.07012980263078665
    },
    {
      "date": "2024-11-02T00:00:00",
      "quarter_label": "2024-11 (Q4)",
      "revenue": 3710000000,
      "gross_profit": 1573000000,
      "operating_income": 98000000,
      "net_income": 22000000,
      "opex": 1475000000,
      "cogs": 2137000000,
      "rd": null,
      "sga": 1291000000,
      "fcf": -195000000,
      "ocf": -195000000,
      "capex": null,
      "gross_margin": 0.42398921832884096,
      "op_margin": 0.026415094339622643,
      "fcf_margin": -0.05256064690026954,
      "incr_op_margin_yoy": 0.17151162790697674,
      "rev_growth_yoy": -0.08485446472619634,
      "rev_growth_yoy_accel": -0.043005940977800965,
      "fcf_margin_change": -0.12062066833649676
    },
    {
      "date": "2025-02-01T00:00:00",
      "quarter_label": "2025-02 (Q1)",
      "revenue": 5397000000,
      "gross_profit": 1924000000,
      "operating_income": 126000000,
      "net_income": 48000000,
      "opex": 1798000000,
      "cogs": 3473000000,
      "rd": null,
      "sga": 1539000000,
      "fcf": 596000000,
      "ocf": 596000000,
      "capex": null,
      "gross_margin": 0.35649434871224756,
      "op_margin": 0.023346303501945526,
      "fcf_margin": 0.11043172132666296,
      "incr_op_margin_yoy": 0.3094812164579606,
      "rev_growth_yoy": -0.09385493619879114,
      "rev_growth_yoy_accel": -0.009000471472594793,
      "op_leverage_ratio": 2.076493954086103,
      "fcf_margin_change": 0.1629923682269325
    },
    {
      "date": "2025-05-03T00:00:00",
      "quarter_label": "2025-05 (Q2)",
      "revenue": 3233000000,
      "gross_profit": 1399000000,
      "operating_income": 60000000,
      "net_income": -15000000,
      "opex": 1339000000,
      "cogs": 1834000000,
      "rd": null,
      "sga": 1164000000,
      "fcf": -92000000,
      "ocf": -92000000,
      "capex": null,
      "gross_margin": 0.4327250231982679,
      "op_margin": 0.018558614290133002,
      "fcf_margin": -0.02845654191153727,
      "incr_op_margin_yoy": -0.11409395973154363,
      "rev_growth_yoy": -0.044056771141336486,
      "rev_growth_yoy_accel": 0.04979816505745465,
      "fcf_margin_change": -0.13888826323820022
    },
    {
      "date": "2025-08-02T00:00:00",
      "quarter_label": "2025-08 (Q3)",
      "revenue": 3546000000,
      "gross_profit": 1535000000,
      "operating_income": 279000000,
      "net_income": 153000000,
      "opex": 1256000000,
      "cogs": 2011000000,
      "rd": null,
      "sga": 1199000000,
      "fcf": 598000000,
      "ocf": 598000000,
      "capex": null,
      "gross_margin": 0.4328821206993796,
      "op_margin": 0.07868020304568528,
      "fcf_margin": 0.16864072194021432,
      "incr_op_margin_yoy": -0.6075268817204301,
      "rev_growth_yoy": -0.04983922829581994,
      "rev_growth_yoy_accel": -0.005782457154483452,
      "op_leverage_ratio": Infinity,
      "fcf_margin_change": 0.19709726385175158
    },
    {
      "date": "2025-11-01T00:00:00",
      "quarter_label": "2025-11 (Q4)",
      "revenue": 3575000000,
      "gross_profit": 1516000000,
      "operating_income": 73000000,
      "net_income": 8000000,
      "opex": 1443000000,
      "cogs": 2059000000,
      "rd": null,
      "sga": 1263000000,
      "fcf": 124000000,
      "ocf": 124000000,
      "capex": null,
      "gross_margin": 0.42405594405594405,
      "op_margin": 0.02041958041958042,
      "fcf_margin": 0.03468531468531469,
      "incr_op_margin_yoy": 0.18518518518518517,
      "rev_growth_yoy": -0.03638814016172507,
      "rev_growth_yoy_accel": 0.013451088134094867,
      "fcf_margin_change": -0.13395540725489963
    }
  ],
  "signals": [
    {
      "quarter": "2025-11 (Q4)",
      "signal": "INCREMENTAL MARGIN (YoY)",
      "detail": "YoY Incr OPM: +18.5% vs year-ago OPM: +2.6%",
      "severity": "MEDIUM"
    },
    {
      "quarter": "2025-08 (Q3)",
      "signal": "FCF TURNED POSITIVE",
      "detail": "FCF margin: -2.8% -> +16.9%",
      "severity": "HIGH"
    },
    {
      "quarter": "2025-05 (Q2)",
      "signal": "GROSS MARGIN INFLECTION",
      "detail": "GM: +42.4% -> +35.6% -> +43.3% (reversal +7.6%)",
      "severity": "HIGH"
    },
    {
      "quarter": "2025-02 (Q1)",
      "signal": "FCF TURNED POSITIVE",
      "detail": "FCF margin: -5.3% -> +11.0%",
      "severity": "HIGH"
    },
    {
      "quarter": "2025-02 (Q1)",
      "signal": "OPERATING LEVERAGE",
      "detail": "Rev growth +45.5% vs OpEx growth +21.9% (leverage: 2.1x)",
      "severity": "MEDIUM"
    },
    {
      "quarter": "2025-02 (Q1)",
      "signal": "INCREMENTAL MARGIN (YoY)",
      "detail": "YoY Incr OPM: +30.9% vs year-ago OPM: +5.0%",
      "severity": "HIGH"
    },
    {
      "quarter": "2024-11 (Q4)",
      "signal": "INCREMENTAL MARGIN (YoY)",
      "detail": "YoY Incr OPM: +17.2% vs year-ago OPM: +3.9%",
      "severity": "MEDIUM"
    },
    {
      "quarter": "2024-08 (Q3)",
      "signal": "FCF TURNED POSITIVE",
      "detail": "FCF margin: -0.2% -> +6.8%",
      "severity": "HIGH"
    },
    {
      "quarter": "2024-08 (Q3)",
      "signal": "OPERATING LEVERAGE",
      "detail": "Rev growth +10.3% vs OpEx growth +1.6% (leverage: 6.7x)",
      "severity": "MEDIUM"
    },
    {
      "quarter": "2024-05 (Q2)",
      "signal": "GROSS MARGIN INFLECTION",
      "detail": "GM: +42.1% -> +35.2% -> +43.1% (reversal +7.9%)",
      "severity": "HIGH"
    },
    {
      "quarter": "2024-05 (Q2)",
      "signal": "INCREMENTAL MARGIN (YoY)",
      "detail": "YoY Incr OPM: +29.1% vs year-ago OPM: +2.7%",
      "severity": "HIGH"
    },
    {
      "quarter": "2024-02 (Q1)",
      "signal": "FCF MARGIN EXPANSION",
      "detail": "FCF margin: +3.7% -> +13.2% (+9.5%)",
      "severity": "MEDIUM"
    },
    {
      "quarter": "2024-02 (Q1)",
      "signal": "OPERATING LEVERAGE",
      "detail": "Rev growth +46.9% vs OpEx growth +16.1% (leverage: 2.9x)",
      "severity": "MEDIUM"
    },
    {
      "quarter": "2024-02 (Q1)",
      "signal": "OP MARGIN TURNED POSITIVE (YoY)",
      "detail": "Op margin: -5.0% (year-ago) -> +5.0%",
      "severity": "HIGH"
    },
    {
      "quarter": "2023-10 (Q4)",
      "signal": "INCREMENTAL MARGIN (YoY)",
      "detail": "YoY Incr OPM: +19.3% vs year-ago OPM: +4.7%",
      "severity": "MEDIUM"
    },
    {
      "quarter": "2023-07 (Q3)",
      "signal": "FCF TURNED POSITIVE",
      "detail": "FCF margin: -5.7% -> +11.0%",
      "severity": "HIGH"
    },
    {
      "quarter": "2023-07 (Q3)",
      "signal": "OPERATING LEVERAGE",
      "detail": "Rev growth +9.1% vs OpEx growth +4.5% (leverage: 2.0x)",
      "severity": "MEDIUM"
    },
    {
      "quarter": "2023-07 (Q3)",
      "signal": "INCREMENTAL MARGIN (YoY)",
      "detail": "YoY Incr OPM: +53.6% vs year-ago OPM: +6.5%",
      "severity": "HIGH"
    },
    {
      "quarter": "2023-04 (Q2)",
      "signal": "GROSS MARGIN INFLECTION",
      "detail": "GM: +40.6% -> +26.2% -> +42.7% (reversal +16.5%)",
      "severity": "HIGH"
    },
    {
      "quarter": "2023-04 (Q2)",
      "signal": "OP MARGIN TURNED POSITIVE (QoQ)",
      "detail": "Op margin: -5.0% -> +2.7%",
      "severity": "HIGH"
    },
    {
      "quarter": "2023-01 (Q1)",
      "signal": "FCF MARGIN EXPANSION",
      "detail": "FCF margin: +2.8% -> +11.7% (+8.9%)",
      "severity": "MEDIUM"
    },
    {
      "quarter": "2023-01 (Q1)",
      "signal": "OPERATING LEVERAGE",
      "detail": "Rev growth +40.7% vs OpEx growth +22.2% (leverage: 1.8x)",
      "severity": "MEDIUM"
    },
    {
      "quarter": "2022-10 (Q4)",
      "signal": "FCF TURNED POSITIVE",
      "detail": "FCF margin: -2.1% -> +2.8%",
      "severity": "HIGH"
    },
    {
      "quarter": "2022-10 (Q4)",
      "signal": "INCREMENTAL MARGIN (YoY)",
      "detail": "YoY Incr OPM: +57.9% vs year-ago OPM: +8.4%",
      "severity": "HIGH"
    },
    {
      "quarter": "2022-07 (Q3)",
      "signal": "FCF MARGIN EXPANSION",
      "detail": "FCF margin: -12.4% -> -2.1% (+10.3%)",
      "severity": "MEDIUM"
    },
    {
      "quarter": "2022-07 (Q3)",
      "signal": "INCREMENTAL MARGIN (YoY)",
      "detail": "YoY Incr OPM: +84.4% vs year-ago OPM: +12.8%",
      "severity": "HIGH"
    },
    {
      "quarter": "2022-04 (Q2)",
      "signal": "GROSS MARGIN INFLECTION",
      "detail": "GM: +43.0% -> +36.1% -> +42.4% (reversal +6.3%)",
      "severity": "HIGH"
    },
    {
      "quarter": "2022-04 (Q2)",
      "signal": "YoY REVENUE GROWTH DECELERATION",
      "detail": "YoY growth: -4.4% vs prior quarter YoY: +5.8% (decel: -10.3%)",
      "severity": "WARNING"
    },
    {
      "quarter": "2022-04 (Q2)",
      "signal": "INCREMENTAL MARGIN (YoY)",
      "detail": "YoY Incr OPM: +111.0% vs year-ago OPM: +7.0%",
      "severity": "HIGH"
    },
    {
      "quarter": "2022-01 (Q1)",
      "signal": "FCF MARGIN EXPANSION",
      "detail": "FCF margin: +1.8% -> +7.6% (+5.9%)",
      "severity": "MEDIUM"
    },
    {
      "quarter": "2022-01 (Q1)",
      "signal": "OPERATING LEVERAGE",
      "detail": "Rev growth +41.3% vs OpEx growth +19.1% (leverage: 2.2x)",
      "severity": "MEDIUM"
    },
    {
      "quarter": "2022-01 (Q1)",
      "signal": "INCREMENTAL MARGIN (YoY)",
      "detail": "YoY Incr OPM: +37.4% vs year-ago OPM: +5.1%",
      "severity": "HIGH"
    },
    {
      "quarter": "2021-07 (Q3)",
      "signal": "FCF MARGIN EXPANSION",
      "detail": "FCF margin: +7.2% -> +31.8% (+24.6%)",
      "severity": "MEDIUM"
    },
    {
      "quarter": "2021-07 (Q3)",
      "signal": "OPERATING LEVERAGE",
      "detail": "Rev growth +14.4% vs OpEx growth +5.1% (leverage: 2.8x)",
      "severity": "MEDIUM"
    }
  ],
  "data_quality": {
    "n_quarters": 20,
    "coverage": {
      "revenue": [
        20,
        20
      ],
      "gross_profit": [
        20,
        20
      ],
      "op_income": [
        20,
        20
      ],
      "fcf": [
        20,
        20
      ]
    },
    "gaps": [],
    "warnings": []
  },
  "market_cap": null,
  "source": "SEC EDGAR",
  "last_updated": "2026-02-02T21:37:02.401101"
}