{
  "ticker": "KTB",
  "name": "KONTOOR BRANDS, INC.",
  "quarters": [
    {
      "date": "2021-01-02T00:00:00",
      "quarter_label": "2021-01 (Q1)",
      "revenue": 660865000,
      "gross_profit": 280849000,
      "operating_income": 62929000,
      "net_income": 43112000,
      "opex": 597936000,
      "cogs": 380016000,
      "rd": null,
      "sga": 217920000,
      "fcf": 110586000,
      "ocf": 112287000,
      "capex": -1701000,
      "gross_margin": 0.424971817239527,
      "op_margin": 0.09522217094262822,
      "fcf_margin": 0.16733523488155674
    },
    {
      "date": "2021-04-03T00:00:00",
      "quarter_label": "2021-04 (Q2)",
      "revenue": 651762000,
      "gross_profit": 300580000,
      "operating_income": 93176000,
      "net_income": 64463000,
      "opex": 558586000,
      "cogs": 351182000,
      "rd": null,
      "sga": 207404000,
      "fcf": 116393000,
      "ocf": 118385000,
      "capex": -1992000,
      "gross_margin": 0.46118061500977353,
      "op_margin": 0.14296016030391462,
      "fcf_margin": 0.17858205909519118,
      "fcf_margin_change": 0.011246824213634432
    },
    {
      "date": "2021-07-03T00:00:00",
      "quarter_label": "2021-07 (Q3)",
      "revenue": 490765000,
      "gross_profit": 226124000,
      "operating_income": 35177000,
      "net_income": 23637000,
      "opex": 455588000,
      "cogs": 264641000,
      "rd": null,
      "sga": 190947000,
      "fcf": 452000,
      "ocf": 1780000,
      "capex": -1328000,
      "gross_margin": 0.4607582040284046,
      "op_margin": 0.07167789064012307,
      "fcf_margin": 0.0009210110745468809,
      "fcf_margin_change": -0.1776610480206443
    },
    {
      "date": "2021-10-02T00:00:00",
      "quarter_label": "2021-10 (Q4)",
      "revenue": 652298000,
      "gross_profit": 289563000,
      "operating_income": 85980000,
      "net_income": 63413000,
      "opex": 566318000,
      "cogs": 362735000,
      "rd": null,
      "sga": 203583000,
      "fcf": 85865000,
      "ocf": 89187000,
      "capex": -3322000,
      "gross_margin": 0.44391213831714954,
      "op_margin": 0.1318109207754738,
      "fcf_margin": 0.1316346209861137,
      "op_leverage_ratio": 1.3542369302919626,
      "fcf_margin_change": 0.13071360991156683
    },
    {
      "date": "2022-01-01T00:00:00",
      "quarter_label": "2022-01 (Q1)",
      "revenue": 681091000,
      "gross_profit": 291459000,
      "operating_income": 68646000,
      "net_income": 43910000,
      "opex": 612445000,
      "cogs": 389632000,
      "rd": null,
      "sga": 222813000,
      "fcf": 70601000,
      "ocf": 74510000,
      "capex": -3909000,
      "gross_margin": 0.42792960118398277,
      "op_margin": 0.10078829407524105,
      "fcf_margin": 0.10365868878020705,
      "incr_op_margin_yoy": 0.28265598734302383,
      "rev_growth_yoy": 0.03060534299743518,
      "op_leverage_ratio": 0.5419335347651437,
      "fcf_margin_change": -0.027975932205906648
    },
    {
      "date": "2022-04-02T00:00:00",
      "quarter_label": "2022-04 (Q2)",
      "revenue": 679743000,
      "gross_profit": 304621000,
      "operating_income": 108221000,
      "net_income": 80810000,
      "opex": 571522000,
      "cogs": 375122000,
      "rd": null,
      "sga": 196400000,
      "fcf": 71948000,
      "ocf": 74833000,
      "capex": -2885000,
      "gross_margin": 0.44814142992277967,
      "op_margin": 0.15920870093550063,
      "fcf_margin": 0.10584588587157205,
      "incr_op_margin_yoy": 0.5376862871234052,
      "rev_growth_yoy": 0.042931315418818526,
      "rev_growth_yoy_accel": 0.012325972421383346,
      "fcf_margin_change": 0.0021871970913650007
    },
    {
      "date": "2022-07-02T00:00:00",
      "quarter_label": "2022-07 (Q3)",
      "revenue": 613572000,
      "gross_profit": 266964000,
      "operating_income": 88745000,
      "net_income": 61995000,
      "opex": 524827000,
      "cogs": 346608000,
      "rd": null,
      "sga": 178219000,
      "fcf": 20445000,
      "ocf": 24555000,
      "capex": -4110000,
      "gross_margin": 0.43509808139876005,
      "op_margin": 0.14463665225922956,
      "fcf_margin": 0.03332127280905908,
      "incr_op_margin_yoy": 0.43619663374237627,
      "rev_growth_yoy": 0.2502358562652186,
      "rev_growth_yoy_accel": 0.20730454084640007,
      "fcf_margin_change": -0.07252461306251297
    },
    {
      "date": "2022-10-01T00:00:00",
      "quarter_label": "2022-10 (Q4)",
      "revenue": 606521000,
      "gross_profit": 264061000,
      "operating_income": 75066000,
      "net_income": 51083000,
      "opex": 531455000,
      "cogs": 342460000,
      "rd": null,
      "sga": 188995000,
      "fcf": -92755000,
      "ocf": -86659000,
      "capex": -6096000,
      "gross_margin": 0.43536992123933055,
      "op_margin": 0.12376488200738309,
      "fcf_margin": -0.1529295770467964,
      "incr_op_margin_yoy": 0.2384166721279245,
      "rev_growth_yoy": -0.07017804745683721,
      "rev_growth_yoy_accel": -0.3204139037220558,
      "fcf_margin_change": -0.1862508498558555
    },
    {
      "date": "2022-12-31T00:00:00",
      "quarter_label": "2022-12 (Q4)",
      "revenue": 731608000,
      "gross_profit": 298722000,
      "operating_income": 84633000,
      "net_income": 51605000,
      "opex": 646975000,
      "cogs": 432886000,
      "rd": null,
      "sga": 214089000,
      "fcf": 65572000,
      "ocf": 70856000,
      "capex": -5284000,
      "gross_margin": 0.40830882111731964,
      "op_margin": 0.11568080174082296,
      "fcf_margin": 0.08962723206963291,
      "incr_op_margin_yoy": 0.31646772373656396,
      "rev_growth_yoy": 0.07417070552980438,
      "rev_growth_yoy_accel": 0.1443487529866416,
      "op_leverage_ratio": 0.9488021312702777,
      "fcf_margin_change": 0.24255680911642932
    },
    {
      "date": "2023-04-01T00:00:00",
      "quarter_label": "2023-04 (Q2)",
      "revenue": 667123000,
      "gross_profit": 286701000,
      "operating_income": 94949000,
      "net_income": 66296000,
      "opex": 572174000,
      "cogs": 380422000,
      "rd": null,
      "sga": 191752000,
      "fcf": -19085000,
      "ocf": -12622000,
      "capex": -6463000,
      "gross_margin": 0.4297573311068574,
      "op_margin": 0.14232607779974607,
      "fcf_margin": -0.028607917880210994,
      "incr_op_margin_yoy": 1.0516640253565768,
      "rev_growth_yoy": -0.01856584032494634,
      "rev_growth_yoy_accel": -0.09273654585475072,
      "fcf_margin_change": -0.11823514994984391
    },
    {
      "date": "2023-07-01T00:00:00",
      "quarter_label": "2023-07 (Q3)",
      "revenue": 616009000,
      "gross_profit": 250261000,
      "operating_income": 63397000,
      "net_income": 36396000,
      "opex": 552612000,
      "cogs": 365748000,
      "rd": null,
      "sga": 186864000,
      "fcf": 117484000,
      "ocf": 124298000,
      "capex": -6814000,
      "gross_margin": 0.4062619214979002,
      "op_margin": 0.10291570415367308,
      "fcf_margin": 0.19071799275659934,
      "incr_op_margin_yoy": -10.401313089864587,
      "rev_growth_yoy": 0.003971824007614429,
      "rev_growth_yoy_accel": 0.02253766433256077,
      "fcf_margin_change": 0.21932591063681034
    },
    {
      "date": "2023-09-30T00:00:00",
      "quarter_label": "2023-09 (Q3)",
      "revenue": 654540000,
      "gross_profit": 271465000,
      "operating_income": 85482000,
      "net_income": 59531000,
      "opex": 569058000,
      "cogs": 383075000,
      "rd": null,
      "sga": 185983000,
      "fcf": 27574000,
      "ocf": 35850000,
      "capex": -8276000,
      "gross_margin": 0.41474165062486634,
      "op_margin": 0.13059858832156934,
      "fcf_margin": 0.042127295505240324,
      "incr_op_margin_yoy": 0.21691413815364752,
      "rev_growth_yoy": 0.07917120759215263,
      "rev_growth_yoy_accel": 0.0751993835845382,
      "op_leverage_ratio": 2.1017606106807016,
      "fcf_margin_change": -0.148590697251359
    },
    {
      "date": "2023-12-30T00:00:00",
      "quarter_label": "2023-12 (Q4)",
      "revenue": 669800000,
      "gross_profit": 279410000,
      "operating_income": 75441000,
      "net_income": 68771000,
      "opex": 594359000,
      "cogs": 390390000,
      "rd": null,
      "sga": 203969000,
      "fcf": 203210000,
      "ocf": 209023000,
      "capex": -5813000,
      "gross_margin": 0.41715437444013137,
      "op_margin": 0.11263212899372947,
      "fcf_margin": 0.3033890713645864,
      "incr_op_margin_yoy": 0.14871861247734922,
      "rev_growth_yoy": -0.08448240041114914,
      "rev_growth_yoy_accel": -0.16365360800330175,
      "op_leverage_ratio": 0.5243692163239735,
      "fcf_margin_change": 0.2612617758593461
    },
    {
      "date": "2024-03-30T00:00:00",
      "quarter_label": "2024-03 (Q1)",
      "revenue": 631202000,
      "gross_profit": 285144000,
      "operating_income": 84430000,
      "net_income": 59507000,
      "opex": 546772000,
      "cogs": 346058000,
      "rd": null,
      "sga": 200714000,
      "fcf": 51977000,
      "ocf": 56468000,
      "capex": -4491000,
      "gross_margin": 0.4517476180366982,
      "op_margin": 0.13376066615758506,
      "fcf_margin": 0.08234606354225747,
      "incr_op_margin_yoy": 0.2928370591019181,
      "rev_growth_yoy": -0.05384464334163265,
      "rev_growth_yoy_accel": 0.03063775706951649,
      "fcf_margin_change": -0.22104300782232894
    },
    {
      "date": "2024-06-29T00:00:00",
      "quarter_label": "2024-06 (Q2)",
      "revenue": 606898000,
      "gross_profit": 271360000,
      "operating_income": 75243000,
      "net_income": 51769000,
      "opex": 531655000,
      "cogs": 335538000,
      "rd": null,
      "sga": 196117000,
      "fcf": 92572000,
      "ocf": 96203000,
      "capex": -3631000,
      "gross_margin": 0.44712620572155454,
      "op_margin": 0.12397964732129617,
      "fcf_margin": 0.15253304509159693,
      "incr_op_margin_yoy": -1.3001865876413128,
      "rev_growth_yoy": -0.014790368322540742,
      "rev_growth_yoy_accel": 0.03905427501909191,
      "fcf_margin_change": 0.07018698154933946
    },
    {
      "date": "2024-09-28T00:00:00",
      "quarter_label": "2024-09 (Q3)",
      "revenue": 670194000,
      "gross_profit": 299510000,
      "operating_income": 98321000,
      "net_income": 70548000,
      "opex": 571873000,
      "cogs": 370684000,
      "rd": null,
      "sga": 201189000,
      "fcf": 129868000,
      "ocf": 133587000,
      "capex": -3719000,
      "gross_margin": 0.44690044972052867,
      "op_margin": 0.14670528235108043,
      "fcf_margin": 0.19377672733566698,
      "incr_op_margin_yoy": 0.8201737575060687,
      "rev_growth_yoy": 0.02391603263360528,
      "rev_growth_yoy_accel": 0.038706400956146025,
      "op_leverage_ratio": 1.3787006873328174,
      "fcf_margin_change": 0.041243682244070046
    },
    {
      "date": "2024-12-28T00:00:00",
      "quarter_label": "2024-12 (Q4)",
      "revenue": 699284000,
      "gross_profit": 305556000,
      "operating_income": 84295000,
      "net_income": 63978000,
      "opex": 614989000,
      "cogs": 393728000,
      "rd": null,
      "sga": 221261000,
      "fcf": 75025000,
      "ocf": 81972000,
      "capex": -6947000,
      "gross_margin": 0.4369555144976862,
      "op_margin": 0.12054472860811916,
      "fcf_margin": 0.10728831204489163,
      "incr_op_margin_yoy": 0.3002984669651336,
      "rev_growth_yoy": 0.044019110182143925,
      "rev_growth_yoy_accel": 0.020103077548538646,
      "op_leverage_ratio": 0.5757107184434334,
      "fcf_margin_change": -0.08648841529077535
    },
    {
      "date": "2025-03-29T00:00:00",
      "quarter_label": "2025-03 (Q1)",
      "revenue": 622901000,
      "gross_profit": 295636000,
      "operating_income": 73299000,
      "net_income": 42882000,
      "opex": 549602000,
      "cogs": 327265000,
      "rd": null,
      "sga": 222337000,
      "fcf": 74893000,
      "ocf": 77625000,
      "capex": -2732000,
      "gross_margin": 0.4746115353804216,
      "op_margin": 0.11767359500145289,
      "fcf_margin": 0.1202325891273252,
      "incr_op_margin_yoy": 1.3409227803879051,
      "rev_growth_yoy": -0.013151099014261678,
      "rev_growth_yoy_accel": -0.0571702091964056,
      "fcf_margin_change": 0.012944277082433578
    },
    {
      "date": "2025-06-28T00:00:00",
      "quarter_label": "2025-06 (Q2)",
      "revenue": 658259000,
      "gross_profit": 304837000,
      "operating_income": 78537000,
      "net_income": 73869000,
      "opex": 579722000,
      "cogs": 353422000,
      "rd": null,
      "sga": 226300000,
      "fcf": 22350000,
      "ocf": 25683000,
      "capex": -3333000,
      "gross_margin": 0.46309583309912966,
      "op_margin": 0.1193101803393497,
      "fcf_margin": 0.033953200791785605,
      "incr_op_margin_yoy": 0.06413426529857284,
      "rev_growth_yoy": 0.08462871849964904,
      "rev_growth_yoy_accel": 0.09777981751391071,
      "op_leverage_ratio": 1.0357668335969001,
      "fcf_margin_change": -0.08627938833553961
    },
    {
      "date": "2025-09-27T00:00:00",
      "quarter_label": "2025-09 (Q3)",
      "revenue": 853215000,
      "gross_profit": 352161000,
      "operating_income": 63852000,
      "net_income": 36944000,
      "opex": 789363000,
      "cogs": 501054000,
      "rd": null,
      "sga": 288309000,
      "fcf": 55760000,
      "ocf": 64146000,
      "capex": -8386000,
      "gross_margin": 0.41274590812397816,
      "op_margin": 0.07483694027882773,
      "fcf_margin": 0.06535281259705936,
      "incr_op_margin_yoy": -0.1883335792067577,
      "rev_growth_yoy": 0.27308659880571895,
      "rev_growth_yoy_accel": 0.1884578803060699,
      "op_leverage_ratio": 0.8189989767352844,
      "fcf_margin_change": 0.03139961180527375
    }
  ],
  "signals": [
    {
      "quarter": "2025-09 (Q3)",
      "signal": "YoY REVENUE GROWTH ACCELERATION",
      "detail": "YoY growth: +27.3% vs prior quarter YoY: +8.5% (accel: +18.8%)",
      "severity": "HIGH"
    },
    {
      "quarter": "2025-06 (Q2)",
      "signal": "YoY REVENUE GROWTH ACCELERATION",
      "detail": "YoY growth: +8.5% vs prior quarter YoY: -1.3% (accel: +9.8%)",
      "severity": "MEDIUM"
    },
    {
      "quarter": "2025-03 (Q1)",
      "signal": "GROSS MARGIN INFLECTION",
      "detail": "GM: +44.7% -> +43.7% -> +47.5% (reversal +3.8%)",
      "severity": "MEDIUM"
    },
    {
      "quarter": "2025-03 (Q1)",
      "signal": "YoY REVENUE GROWTH DECELERATION",
      "detail": "YoY growth: -1.3% vs prior quarter YoY: +4.4% (decel: -5.7%)",
      "severity": "WARNING"
    },
    {
      "quarter": "2025-03 (Q1)",
      "signal": "INCREMENTAL MARGIN (YoY)",
      "detail": "YoY Incr OPM: +134.1% vs year-ago OPM: +13.4%",
      "severity": "HIGH"
    },
    {
      "quarter": "2024-12 (Q4)",
      "signal": "INCREMENTAL MARGIN (YoY)",
      "detail": "YoY Incr OPM: +30.0% vs year-ago OPM: +11.3%",
      "severity": "MEDIUM"
    },
    {
      "quarter": "2024-09 (Q3)",
      "signal": "INCREMENTAL MARGIN (YoY)",
      "detail": "YoY Incr OPM: +82.0% vs year-ago OPM: +13.1%",
      "severity": "HIGH"
    },
    {
      "quarter": "2024-06 (Q2)",
      "signal": "FCF MARGIN EXPANSION",
      "detail": "FCF margin: +8.2% -> +15.3% (+7.0%)",
      "severity": "MEDIUM"
    },
    {
      "quarter": "2024-03 (Q1)",
      "signal": "INCREMENTAL MARGIN (YoY)",
      "detail": "YoY Incr OPM: +29.3% vs year-ago OPM: +14.2%",
      "severity": "MEDIUM"
    },
    {
      "quarter": "2023-12 (Q4)",
      "signal": "FCF MARGIN EXPANSION",
      "detail": "FCF margin: +4.2% -> +30.3% (+26.1%)",
      "severity": "MEDIUM"
    },
    {
      "quarter": "2023-12 (Q4)",
      "signal": "YoY REVENUE GROWTH DECELERATION",
      "detail": "YoY growth: -8.4% vs prior quarter YoY: +7.9% (decel: -16.4%)",
      "severity": "WARNING"
    },
    {
      "quarter": "2023-09 (Q3)",
      "signal": "OPERATING LEVERAGE",
      "detail": "Rev growth +6.3% vs OpEx growth +3.0% (leverage: 2.1x)",
      "severity": "MEDIUM"
    },
    {
      "quarter": "2023-09 (Q3)",
      "signal": "YoY REVENUE GROWTH ACCELERATION",
      "detail": "YoY growth: +7.9% vs prior quarter YoY: +0.4% (accel: +7.5%)",
      "severity": "MEDIUM"
    },
    {
      "quarter": "2023-07 (Q3)",
      "signal": "FCF TURNED POSITIVE",
      "detail": "FCF margin: -2.9% -> +19.1%",
      "severity": "HIGH"
    },
    {
      "quarter": "2023-04 (Q2)",
      "signal": "GROSS MARGIN INFLECTION",
      "detail": "GM: +43.5% -> +40.8% -> +43.0% (reversal +2.1%)",
      "severity": "MEDIUM"
    },
    {
      "quarter": "2023-04 (Q2)",
      "signal": "YoY REVENUE GROWTH DECELERATION",
      "detail": "YoY growth: -1.9% vs prior quarter YoY: +7.4% (decel: -9.3%)",
      "severity": "WARNING"
    },
    {
      "quarter": "2023-04 (Q2)",
      "signal": "INCREMENTAL MARGIN (YoY)",
      "detail": "YoY Incr OPM: +105.2% vs year-ago OPM: +15.9%",
      "severity": "HIGH"
    },
    {
      "quarter": "2022-12 (Q4)",
      "signal": "FCF TURNED POSITIVE",
      "detail": "FCF margin: -15.3% -> +9.0%",
      "severity": "HIGH"
    },
    {
      "quarter": "2022-12 (Q4)",
      "signal": "YoY REVENUE GROWTH ACCELERATION",
      "detail": "YoY growth: +7.4% vs prior quarter YoY: -7.0% (accel: +14.4%)",
      "severity": "MEDIUM"
    },
    {
      "quarter": "2022-12 (Q4)",
      "signal": "INCREMENTAL MARGIN (YoY)",
      "detail": "YoY Incr OPM: +31.6% vs year-ago OPM: +10.1%",
      "severity": "HIGH"
    },
    {
      "quarter": "2022-10 (Q4)",
      "signal": "YoY REVENUE GROWTH DECELERATION",
      "detail": "YoY growth: -7.0% vs prior quarter YoY: +25.0% (decel: -32.0%)",
      "severity": "WARNING"
    },
    {
      "quarter": "2022-10 (Q4)",
      "signal": "INCREMENTAL MARGIN (YoY)",
      "detail": "YoY Incr OPM: +23.8% vs year-ago OPM: +13.2%",
      "severity": "MEDIUM"
    },
    {
      "quarter": "2022-07 (Q3)",
      "signal": "YoY REVENUE GROWTH ACCELERATION",
      "detail": "YoY growth: +25.0% vs prior quarter YoY: +4.3% (accel: +20.7%)",
      "severity": "HIGH"
    },
    {
      "quarter": "2022-07 (Q3)",
      "signal": "INCREMENTAL MARGIN (YoY)",
      "detail": "YoY Incr OPM: +43.6% vs year-ago OPM: +7.2%",
      "severity": "HIGH"
    },
    {
      "quarter": "2022-04 (Q2)",
      "signal": "GROSS MARGIN INFLECTION",
      "detail": "GM: +44.4% -> +42.8% -> +44.8% (reversal +2.0%)",
      "severity": "MEDIUM"
    },
    {
      "quarter": "2022-04 (Q2)",
      "signal": "INCREMENTAL MARGIN (YoY)",
      "detail": "YoY Incr OPM: +53.8% vs year-ago OPM: +14.3%",
      "severity": "HIGH"
    },
    {
      "quarter": "2022-01 (Q1)",
      "signal": "INCREMENTAL MARGIN (YoY)",
      "detail": "YoY Incr OPM: +28.3% vs year-ago OPM: +9.5%",
      "severity": "MEDIUM"
    },
    {
      "quarter": "2021-10 (Q4)",
      "signal": "FCF MARGIN EXPANSION",
      "detail": "FCF margin: +0.1% -> +13.2% (+13.1%)",
      "severity": "MEDIUM"
    }
  ],
  "data_quality": {
    "n_quarters": 20,
    "coverage": {
      "revenue": [
        20,
        20
      ],
      "gross_profit": [
        20,
        20
      ],
      "op_income": [
        20,
        20
      ],
      "fcf": [
        20,
        20
      ]
    },
    "gaps": [],
    "warnings": []
  },
  "market_cap": null,
  "source": "SEC EDGAR",
  "last_updated": "2026-02-02T21:19:52.151874"
}