{
  "ticker": "KTCC",
  "name": "KEY TRONIC CORPORATION",
  "sector": "Technology",
  "industry": "Computer Hardware",
  "quarters": [
    {
      "date": "2021-04-03T00:00:00",
      "quarter_label": "2021-04 (Q2)",
      "revenue": 134600000,
      "gross_profit": 11096000,
      "operating_income": 2576000,
      "net_income": 867000,
      "opex": 8520000,
      "cogs": 123504000,
      "rd": 2655000,
      "sga": 5865000,
      "fcf": -3553000,
      "ocf": -861000,
      "capex": -2692000,
      "gross_margin": 0.0824368499257058,
      "op_margin": 0.019138187221396732,
      "fcf_margin": -0.026396731054977713
    },
    {
      "date": "2021-07-03T00:00:00",
      "quarter_label": "2021-07 (Q3)",
      "revenue": 132629000,
      "gross_profit": 10306000,
      "operating_income": 1434000,
      "net_income": 175000,
      "opex": 8872000,
      "cogs": 122323000,
      "rd": 2498000,
      "sga": 6374000,
      "fcf": 1685000,
      "ocf": 2632000,
      "capex": -947000,
      "gross_margin": 0.07770547919384146,
      "op_margin": 0.010812114997474156,
      "fcf_margin": 0.012704612113489508,
      "fcf_margin_change": 0.03910134316846722
    },
    {
      "date": "2021-10-02T00:00:00",
      "quarter_label": "2021-10 (Q4)",
      "revenue": 132762000,
      "gross_profit": 10138000,
      "operating_income": 2094000,
      "net_income": 815000,
      "opex": 8044000,
      "cogs": 122624000,
      "rd": 2449000,
      "sga": 5595000,
      "fcf": -16417000,
      "ocf": -14626000,
      "capex": -1791000,
      "gross_margin": 0.07636221207875747,
      "op_margin": 0.01577258552899173,
      "fcf_margin": -0.12365737183832723,
      "fcf_margin_change": -0.13636198395181673
    },
    {
      "date": "2022-01-01T00:00:00",
      "quarter_label": "2022-01 (Q1)",
      "revenue": 134456000,
      "gross_profit": 9808000,
      "operating_income": 1651000,
      "net_income": 587000,
      "opex": 8157000,
      "cogs": 124648000,
      "rd": 2498000,
      "sga": 5659000,
      "fcf": 3123000,
      "ocf": 4098000,
      "capex": -975000,
      "gross_margin": 0.0729457963943595,
      "op_margin": 0.012279109894686738,
      "fcf_margin": 0.023226929255667283,
      "op_leverage_ratio": 0.90830820686109,
      "fcf_margin_change": 0.1468843010939945
    },
    {
      "date": "2022-04-02T00:00:00",
      "quarter_label": "2022-04 (Q2)",
      "revenue": 138391000,
      "gross_profit": 11508000,
      "operating_income": 2789000,
      "net_income": 1007000,
      "opex": 8719000,
      "cogs": 126883000,
      "rd": 2526000,
      "sga": 6193000,
      "fcf": -2418000,
      "ocf": -1108000,
      "capex": -1310000,
      "gross_margin": 0.08315569654096003,
      "op_margin": 0.020153044634405416,
      "fcf_margin": -0.017472234466114126,
      "incr_op_margin_yoy": 0.056185702980743865,
      "rev_growth_yoy": 0.028164933135215453,
      "op_leverage_ratio": 0.42477475333845605,
      "fcf_margin_change": -0.04069916372178141
    },
    {
      "date": "2022-07-02T00:00:00",
      "quarter_label": "2022-07 (Q3)",
      "revenue": 126206000,
      "gross_profit": 11760000,
      "operating_income": 2261000,
      "net_income": 968000,
      "opex": 9499000,
      "cogs": 122166000,
      "rd": 2348000,
      "sga": 7151000,
      "fcf": 3992000,
      "ocf": 6729000,
      "capex": -2737000,
      "gross_margin": 0.09318098981031013,
      "op_margin": 0.017915154588529863,
      "fcf_margin": 0.03163082579275153,
      "incr_op_margin_yoy": -0.1287560330063833,
      "rev_growth_yoy": -0.04842832261420956,
      "rev_growth_yoy_accel": -0.07659325574942502,
      "fcf_margin_change": 0.049103060258865655
    },
    {
      "date": "2022-10-01T00:00:00",
      "quarter_label": "2022-10 (Q4)",
      "revenue": 137263000,
      "gross_profit": 10379000,
      "operating_income": 3361000,
      "net_income": 1152000,
      "opex": 7018000,
      "cogs": 126884000,
      "rd": 2296000,
      "sga": 5656000,
      "fcf": -8363000,
      "ocf": -5837000,
      "capex": -2526000,
      "gross_margin": 0.07561396734735508,
      "op_margin": 0.024485841049663785,
      "fcf_margin": -0.060926833888229164,
      "incr_op_margin_yoy": 0.28149300155520995,
      "rev_growth_yoy": 0.03390277338395023,
      "rev_growth_yoy_accel": 0.0823310959981598,
      "op_leverage_ratio": null,
      "fcf_margin_change": -0.0925576596809807
    },
    {
      "date": "2022-12-31T00:00:00",
      "quarter_label": "2022-12 (Q4)",
      "revenue": 123708000,
      "gross_profit": 8920000,
      "operating_income": 3608000,
      "net_income": 967000,
      "opex": 5312000,
      "cogs": 114788000,
      "rd": 2287000,
      "sga": 5735000,
      "fcf": -5527000,
      "ocf": -4194000,
      "capex": -1333000,
      "gross_margin": 0.07210528017589808,
      "op_margin": 0.029165454133928282,
      "fcf_margin": -0.044677789633653445,
      "incr_op_margin_yoy": -0.18208038704875326,
      "rev_growth_yoy": -0.07993693104063783,
      "rev_growth_yoy_accel": -0.11383970442458806,
      "fcf_margin_change": 0.01624904425457572
    },
    {
      "date": "2023-04-01T00:00:00",
      "quarter_label": "2023-04 (Q2)",
      "revenue": 164553000,
      "gross_profit": 14276000,
      "operating_income": 5131000,
      "net_income": 1976000,
      "opex": 9145000,
      "cogs": 150277000,
      "rd": 2580000,
      "sga": 6961000,
      "fcf": -8076000,
      "ocf": -7068000,
      "capex": -1008000,
      "gross_margin": 0.08675624266953505,
      "op_margin": 0.031181443060898314,
      "fcf_margin": -0.0490784124263915,
      "incr_op_margin_yoy": 0.08951914991208623,
      "rev_growth_yoy": 0.18904408523675673,
      "rev_growth_yoy_accel": 0.26898101627739457,
      "op_leverage_ratio": 0.45757297017590837,
      "fcf_margin_change": -0.004400622792738056
    },
    {
      "date": "2023-07-01T00:00:00",
      "quarter_label": "2023-07 (Q3)",
      "revenue": 168994000,
      "gross_profit": 13898000,
      "operating_income": 4223000,
      "net_income": 1062000,
      "opex": 9675000,
      "cogs": 155096000,
      "rd": 2573000,
      "sga": 7363000,
      "fcf": 884000,
      "ocf": 5788000,
      "capex": -4904000,
      "gross_margin": 0.08223960613986295,
      "op_margin": 0.024989052865782218,
      "fcf_margin": 0.005230954945145982,
      "incr_op_margin_yoy": 0.04585397775077124,
      "rev_growth_yoy": 0.33903300952411136,
      "rev_growth_yoy_accel": 0.14998892428735464,
      "op_leverage_ratio": 0.46567487747538816,
      "fcf_margin_change": 0.05430936737153748
    },
    {
      "date": "2023-09-30T00:00:00",
      "quarter_label": "2023-09 (Q3)",
      "revenue": 147763000,
      "gross_profit": 10862000,
      "operating_income": 3268000,
      "net_income": 335000,
      "opex": 7594000,
      "cogs": 136901000,
      "rd": 2241000,
      "sga": 5784000,
      "fcf": 5096000,
      "ocf": 5623000,
      "capex": -527000,
      "gross_margin": 0.07350960659975772,
      "op_margin": 0.022116497364022117,
      "fcf_margin": 0.03448765929224502,
      "incr_op_margin_yoy": -0.008857142857142857,
      "rev_growth_yoy": 0.07649548676628079,
      "rev_growth_yoy_accel": -0.2625375227578306,
      "fcf_margin_change": 0.029256704347099035
    },
    {
      "date": "2023-12-30T00:00:00",
      "quarter_label": "2023-12 (Q4)",
      "revenue": 145417000,
      "gross_profit": 11763000,
      "operating_income": 3948000,
      "net_income": 1084000,
      "opex": 7815000,
      "cogs": 133654000,
      "rd": 1758000,
      "sga": 6057000,
      "fcf": 1375000,
      "ocf": 3457000,
      "capex": -2082000,
      "gross_margin": 0.08089150511975904,
      "op_margin": 0.027149507966743917,
      "fcf_margin": 0.009455565717900934,
      "incr_op_margin_yoy": 0.015661707126076743,
      "rev_growth_yoy": 0.1754858214505125,
      "rev_growth_yoy_accel": 0.09899033468423171,
      "fcf_margin_change": -0.025032093574344084
    },
    {
      "date": "2024-03-30T00:00:00",
      "quarter_label": "2024-03 (Q1)",
      "revenue": 140527000,
      "gross_profit": 8081000,
      "operating_income": -575000,
      "net_income": -2221000,
      "opex": 8656000,
      "cogs": 132446000,
      "rd": 2234000,
      "sga": 6422000,
      "fcf": -3788000,
      "ocf": -2999000,
      "capex": -789000,
      "gross_margin": 0.057504963458979416,
      "op_margin": -0.004091740377294043,
      "fcf_margin": -0.02695567399859102,
      "incr_op_margin_yoy": 0.23749271622409057,
      "rev_growth_yoy": -0.1460076692615753,
      "rev_growth_yoy_accel": -0.32149349071208777,
      "fcf_margin_change": -0.036411239716491954
    },
    {
      "date": "2024-06-29T00:00:00",
      "quarter_label": "2024-06 (Q2)",
      "revenue": 126556000,
      "gross_profit": 9173000,
      "operating_income": 117000,
      "net_income": -1985000,
      "opex": 9056000,
      "cogs": 117383000,
      "rd": 2100000,
      "sga": 6956000,
      "fcf": 7135000,
      "ocf": 7695000,
      "capex": -560000,
      "gross_margin": 0.07248174721072094,
      "op_margin": 0.0009244919245235311,
      "fcf_margin": 0.05637820411517431,
      "incr_op_margin_yoy": 0.09675291012771572,
      "rev_growth_yoy": -0.25112134158609184,
      "rev_growth_yoy_accel": -0.10511367232451654,
      "fcf_margin_change": 0.08333387811376533
    },
    {
      "date": "2024-09-28T00:00:00",
      "quarter_label": "2024-09 (Q3)",
      "revenue": 131558000,
      "gross_profit": 13303000,
      "operating_income": 4444000,
      "net_income": 1124000,
      "opex": 8859000,
      "cogs": 118255000,
      "rd": 2289000,
      "sga": 6570000,
      "fcf": 9570000,
      "ocf": 9947000,
      "capex": -377000,
      "gross_margin": 0.10111889812858207,
      "op_margin": 0.03377977774061631,
      "fcf_margin": 0.07274358077805987,
      "incr_op_margin_yoy": -0.07257019438444924,
      "rev_growth_yoy": -0.1096688616230044,
      "rev_growth_yoy_accel": 0.14145247996308744,
      "op_leverage_ratio": null,
      "fcf_margin_change": 0.01636537666288556
    },
    {
      "date": "2024-12-28T00:00:00",
      "quarter_label": "2024-12 (Q4)",
      "revenue": 113853000,
      "gross_profit": 7706000,
      "operating_income": -1121000,
      "net_income": -4914000,
      "opex": 8827000,
      "cogs": 106147000,
      "rd": 2320000,
      "sga": 6507000,
      "fcf": 1146000,
      "ocf": 1590000,
      "capex": -444000,
      "gross_margin": 0.06768376766532283,
      "op_margin": -0.009846029529305333,
      "fcf_margin": 0.010065610919343364,
      "incr_op_margin_yoy": 0.16059434799138259,
      "rev_growth_yoy": -0.21705852823260005,
      "rev_growth_yoy_accel": -0.10738966660959565,
      "fcf_margin_change": -0.0626779698587165
    },
    {
      "date": "2025-03-29T00:00:00",
      "quarter_label": "2025-03 (Q1)",
      "revenue": 111974000,
      "gross_profit": 8607000,
      "operating_income": -459000,
      "net_income": -604000,
      "opex": 9066000,
      "cogs": 103367000,
      "rd": 2308000,
      "sga": 6758000,
      "fcf": -3618000,
      "ocf": -1419000,
      "capex": -2199000,
      "gross_margin": 0.07686605819208031,
      "op_margin": -0.004099165877793059,
      "fcf_margin": -0.03231107221319235,
      "incr_op_margin_yoy": -0.004062620390151647,
      "rev_growth_yoy": -0.2031851530310901,
      "rev_growth_yoy_accel": 0.013873375201509941,
      "fcf_margin_change": -0.04237668313253572
    },
    {
      "date": "2025-06-28T00:00:00",
      "quarter_label": "2025-06 (Q2)",
      "revenue": 110486000,
      "gross_profit": 6811000,
      "operating_income": -2302000,
      "net_income": -3924000,
      "opex": 9113000,
      "cogs": 103675000,
      "rd": 2246000,
      "sga": 6867000,
      "fcf": 7736000,
      "ocf": 8811000,
      "capex": -1075000,
      "gross_margin": 0.06164581937983093,
      "op_margin": -0.02083521894176638,
      "fcf_margin": 0.07001792082254765,
      "incr_op_margin_yoy": 0.1505289359054138,
      "rev_growth_yoy": -0.12697936091532602,
      "rev_growth_yoy_accel": 0.07620579211576409,
      "fcf_margin_change": 0.10232899303574
    },
    {
      "date": "2025-09-27T00:00:00",
      "quarter_label": "2025-09 (Q3)",
      "revenue": 98750000,
      "gross_profit": 8254000,
      "operating_income": -584000,
      "net_income": -2255000,
      "opex": 8838000,
      "cogs": 90496000,
      "rd": 2079000,
      "sga": 6759000,
      "fcf": 4422000,
      "ocf": 7604000,
      "capex": -3182000,
      "gross_margin": 0.08358481012658228,
      "op_margin": -0.005913924050632911,
      "fcf_margin": 0.044779746835443036,
      "incr_op_margin_yoy": 0.15325530358449158,
      "rev_growth_yoy": -0.24938050137581902,
      "rev_growth_yoy_accel": -0.122401140460493,
      "fcf_margin_change": -0.025238173987104616
    },
    {
      "date": "2025-12-27T00:00:00",
      "quarter_label": "2025-12 (Q4)",
      "revenue": 96319000,
      "gross_profit": 560000,
      "operating_income": -10258000,
      "net_income": -8570000,
      "opex": 10818000,
      "cogs": 95759000,
      "rd": 1844000,
      "sga": 8974000,
      "fcf": 3073000,
      "ocf": 6378000,
      "capex": -3305000,
      "gross_margin": 0.005814013849811564,
      "op_margin": -0.1065002751274411,
      "fcf_margin": 0.03190440100084096,
      "incr_op_margin_yoy": 0.5211018592448956,
      "rev_growth_yoy": -0.15400560371707378,
      "rev_growth_yoy_accel": 0.09537489765874524,
      "fcf_margin_change": -0.012875345834602078
    }
  ],
  "signals": [
    {
      "quarter": "2025-12 (Q4)",
      "signal": "YoY REVENUE GROWTH ACCELERATION",
      "detail": "YoY growth: -15.4% vs prior quarter YoY: -24.9% (accel: +9.5%)",
      "severity": "MEDIUM"
    },
    {
      "quarter": "2025-09 (Q3)",
      "signal": "GROSS MARGIN INFLECTION",
      "detail": "GM: +7.7% -> +6.2% -> +8.4% (reversal +2.2%)",
      "severity": "MEDIUM"
    },
    {
      "quarter": "2025-09 (Q3)",
      "signal": "YoY REVENUE GROWTH DECELERATION",
      "detail": "YoY growth: -24.9% vs prior quarter YoY: -12.7% (decel: -12.2%)",
      "severity": "WARNING"
    },
    {
      "quarter": "2025-06 (Q2)",
      "signal": "FCF TURNED POSITIVE",
      "detail": "FCF margin: -3.2% -> +7.0%",
      "severity": "HIGH"
    },
    {
      "quarter": "2025-06 (Q2)",
      "signal": "YoY REVENUE GROWTH ACCELERATION",
      "detail": "YoY growth: -12.7% vs prior quarter YoY: -20.3% (accel: +7.6%)",
      "severity": "MEDIUM"
    },
    {
      "quarter": "2024-12 (Q4)",
      "signal": "YoY REVENUE GROWTH DECELERATION",
      "detail": "YoY growth: -21.7% vs prior quarter YoY: -11.0% (decel: -10.7%)",
      "severity": "WARNING"
    },
    {
      "quarter": "2024-09 (Q3)",
      "signal": "YoY REVENUE GROWTH ACCELERATION",
      "detail": "YoY growth: -11.0% vs prior quarter YoY: -25.1% (accel: +14.1%)",
      "severity": "MEDIUM"
    },
    {
      "quarter": "2024-06 (Q2)",
      "signal": "FCF TURNED POSITIVE",
      "detail": "FCF margin: -2.7% -> +5.6%",
      "severity": "HIGH"
    },
    {
      "quarter": "2024-06 (Q2)",
      "signal": "YoY REVENUE GROWTH DECELERATION",
      "detail": "YoY growth: -25.1% vs prior quarter YoY: -14.6% (decel: -10.5%)",
      "severity": "WARNING"
    },
    {
      "quarter": "2024-06 (Q2)",
      "signal": "OP MARGIN TURNED POSITIVE (QoQ)",
      "detail": "Op margin: -0.4% -> +0.1%",
      "severity": "HIGH"
    },
    {
      "quarter": "2024-03 (Q1)",
      "signal": "YoY REVENUE GROWTH DECELERATION",
      "detail": "YoY growth: -14.6% vs prior quarter YoY: +17.5% (decel: -32.1%)",
      "severity": "WARNING"
    },
    {
      "quarter": "2023-12 (Q4)",
      "signal": "YoY REVENUE GROWTH ACCELERATION",
      "detail": "YoY growth: +17.5% vs prior quarter YoY: +7.6% (accel: +9.9%)",
      "severity": "MEDIUM"
    },
    {
      "quarter": "2023-09 (Q3)",
      "signal": "YoY REVENUE GROWTH DECELERATION",
      "detail": "YoY growth: +7.6% vs prior quarter YoY: +33.9% (decel: -26.3%)",
      "severity": "WARNING"
    },
    {
      "quarter": "2023-07 (Q3)",
      "signal": "FCF TURNED POSITIVE",
      "detail": "FCF margin: -4.9% -> +0.5%",
      "severity": "HIGH"
    },
    {
      "quarter": "2023-07 (Q3)",
      "signal": "YoY REVENUE GROWTH ACCELERATION",
      "detail": "YoY growth: +33.9% vs prior quarter YoY: +18.9% (accel: +15.0%)",
      "severity": "MEDIUM"
    },
    {
      "quarter": "2023-04 (Q2)",
      "signal": "YoY REVENUE GROWTH ACCELERATION",
      "detail": "YoY growth: +18.9% vs prior quarter YoY: -8.0% (accel: +26.9%)",
      "severity": "HIGH"
    },
    {
      "quarter": "2022-12 (Q4)",
      "signal": "YoY REVENUE GROWTH DECELERATION",
      "detail": "YoY growth: -8.0% vs prior quarter YoY: +3.4% (decel: -11.4%)",
      "severity": "WARNING"
    },
    {
      "quarter": "2022-10 (Q4)",
      "signal": "YoY REVENUE GROWTH ACCELERATION",
      "detail": "YoY growth: +3.4% vs prior quarter YoY: -4.8% (accel: +8.2%)",
      "severity": "MEDIUM"
    },
    {
      "quarter": "2022-10 (Q4)",
      "signal": "INCREMENTAL MARGIN (YoY)",
      "detail": "YoY Incr OPM: +28.1% vs year-ago OPM: +1.6%",
      "severity": "HIGH"
    },
    {
      "quarter": "2022-07 (Q3)",
      "signal": "FCF TURNED POSITIVE",
      "detail": "FCF margin: -1.7% -> +3.2%",
      "severity": "HIGH"
    },
    {
      "quarter": "2022-07 (Q3)",
      "signal": "YoY REVENUE GROWTH DECELERATION",
      "detail": "YoY growth: -4.8% vs prior quarter YoY: +2.8% (decel: -7.7%)",
      "severity": "WARNING"
    },
    {
      "quarter": "2022-01 (Q1)",
      "signal": "FCF TURNED POSITIVE",
      "detail": "FCF margin: -12.4% -> +2.3%",
      "severity": "HIGH"
    },
    {
      "quarter": "2021-07 (Q3)",
      "signal": "FCF TURNED POSITIVE",
      "detail": "FCF margin: -2.6% -> +1.3%",
      "severity": "HIGH"
    }
  ],
  "data_quality": {
    "n_quarters": 20,
    "coverage": {
      "revenue": [
        20,
        20
      ],
      "gross_profit": [
        20,
        20
      ],
      "op_income": [
        20,
        20
      ],
      "fcf": [
        20,
        20
      ]
    },
    "gaps": [],
    "warnings": []
  },
  "market_cap": null,
  "source": "SEC EDGAR",
  "last_updated": "2026-02-24T11:07:59.128724"
}