{
  "ticker": "KUBR",
  "name": "KUBER RESOURCES CORPORATION",
  "quarters": [
    {
      "date": "2013-09-30T00:00:00",
      "quarter_label": "2013-09 (Q3)",
      "revenue": 0,
      "gross_profit": 0,
      "operating_income": null,
      "net_income": null,
      "opex": null,
      "cogs": 0,
      "rd": null,
      "sga": null,
      "fcf": null,
      "ocf": null,
      "capex": null,
      "gross_margin": null,
      "op_margin": null,
      "fcf_margin": null
    },
    {
      "date": "2014-03-31T00:00:00",
      "quarter_label": "2014-03 (Q1)",
      "revenue": 0,
      "gross_profit": 0,
      "operating_income": null,
      "net_income": null,
      "opex": null,
      "cogs": 0,
      "rd": null,
      "sga": null,
      "fcf": null,
      "ocf": null,
      "capex": null,
      "gross_margin": null,
      "op_margin": null,
      "fcf_margin": null
    },
    {
      "date": "2014-06-30T00:00:00",
      "quarter_label": "2014-06 (Q2)",
      "revenue": 0,
      "gross_profit": 0,
      "operating_income": null,
      "net_income": null,
      "opex": null,
      "cogs": 0,
      "rd": null,
      "sga": null,
      "fcf": null,
      "ocf": null,
      "capex": null,
      "gross_margin": null,
      "op_margin": null,
      "fcf_margin": null
    },
    {
      "date": "2014-09-30T00:00:00",
      "quarter_label": "2014-09 (Q3)",
      "revenue": 0,
      "gross_profit": 0,
      "operating_income": null,
      "net_income": null,
      "opex": null,
      "cogs": 0,
      "rd": null,
      "sga": null,
      "fcf": null,
      "ocf": null,
      "capex": null,
      "gross_margin": null,
      "op_margin": null,
      "fcf_margin": null
    },
    {
      "date": "2015-03-31T00:00:00",
      "quarter_label": "2015-03 (Q1)",
      "revenue": 0,
      "gross_profit": null,
      "operating_income": null,
      "net_income": null,
      "opex": null,
      "cogs": null,
      "rd": null,
      "sga": null,
      "fcf": null,
      "ocf": null,
      "capex": null,
      "gross_margin": null,
      "op_margin": null,
      "fcf_margin": null
    },
    {
      "date": "2022-03-31T00:00:00",
      "quarter_label": "2022-03 (Q1)",
      "revenue": 155000,
      "gross_profit": 31000,
      "operating_income": -1964,
      "net_income": -1964,
      "opex": 32964,
      "cogs": 124000,
      "rd": null,
      "sga": null,
      "fcf": 411171,
      "ocf": 411171,
      "capex": null,
      "gross_margin": 0.2,
      "op_margin": -0.012670967741935484,
      "fcf_margin": 2.652716129032258
    },
    {
      "date": "2022-06-30T00:00:00",
      "quarter_label": "2022-06 (Q2)",
      "revenue": 720002,
      "gross_profit": 119002,
      "operating_income": 104404,
      "net_income": 104404,
      "opex": 14598,
      "cogs": 601000,
      "rd": null,
      "sga": null,
      "fcf": -371945,
      "ocf": -371945,
      "capex": null,
      "gross_margin": 0.16528009644417654,
      "op_margin": 0.14500515276346454,
      "fcf_margin": -0.5165888428087699,
      "op_leverage_ratio": Infinity,
      "fcf_margin_change": -3.169304971841028
    },
    {
      "date": "2022-09-30T00:00:00",
      "quarter_label": "2022-09 (Q3)",
      "revenue": 687627,
      "gross_profit": 676416,
      "operating_income": 662011,
      "net_income": 662011,
      "opex": 14405,
      "cogs": 11211,
      "rd": null,
      "sga": null,
      "fcf": -18506,
      "ocf": -18506,
      "capex": null,
      "gross_margin": 0.983696102683577,
      "op_margin": 0.9627472452361527,
      "fcf_margin": -0.026912846645056113,
      "fcf_margin_change": 0.4896759961637138
    },
    {
      "date": "2022-12-31T00:00:00",
      "quarter_label": "2022-12 (Q4)",
      "revenue": 0,
      "gross_profit": 0,
      "operating_income": -6322,
      "net_income": -6320,
      "opex": 6321,
      "cogs": 0,
      "rd": null,
      "sga": null,
      "fcf": -8159,
      "ocf": -8159,
      "capex": null,
      "gross_margin": null,
      "op_margin": null,
      "fcf_margin": null
    },
    {
      "date": "2023-03-31T00:00:00",
      "quarter_label": "2023-03 (Q1)",
      "revenue": 33182,
      "gross_profit": 33182,
      "operating_income": -8024,
      "net_income": -9397,
      "opex": 41206,
      "cogs": null,
      "rd": null,
      "sga": null,
      "fcf": 20056,
      "ocf": 20056,
      "capex": null,
      "gross_margin": 1.0,
      "op_margin": -0.24181785305286,
      "fcf_margin": 0.6044240853474776,
      "rev_growth_yoy": -0.7859225806451613
    },
    {
      "date": "2023-06-30T00:00:00",
      "quarter_label": "2023-06 (Q2)",
      "revenue": 22978,
      "gross_profit": 22978,
      "operating_income": -7672,
      "net_income": -10196,
      "opex": 30650,
      "cogs": null,
      "rd": null,
      "sga": null,
      "fcf": 24419,
      "ocf": 24419,
      "capex": null,
      "gross_margin": 1.0,
      "op_margin": -0.3338845852554617,
      "fcf_margin": 1.0627121594568718,
      "rev_growth_yoy": -0.9680861997605562,
      "rev_growth_yoy_accel": -0.18216361911539491,
      "fcf_margin_change": 0.4582880741093942
    },
    {
      "date": "2023-09-30T00:00:00",
      "quarter_label": "2023-09 (Q3)",
      "revenue": 12773,
      "gross_profit": 12773,
      "operating_income": -30661,
      "net_income": -32538,
      "opex": 43434,
      "cogs": null,
      "rd": null,
      "sga": null,
      "fcf": -6891,
      "ocf": -6891,
      "capex": null,
      "gross_margin": 1.0,
      "op_margin": -2.4004540828309717,
      "fcf_margin": -0.5394973772802004,
      "rev_growth_yoy": -0.9814245223064249,
      "rev_growth_yoy_accel": -0.013338322545868642,
      "fcf_margin_change": -1.6022095367370723
    },
    {
      "date": "2023-12-31T00:00:00",
      "quarter_label": "2023-12 (Q4)",
      "revenue": 2180355,
      "gross_profit": 1980999,
      "operating_income": 1737113,
      "net_income": null,
      "opex": 243886,
      "cogs": null,
      "rd": null,
      "sga": null,
      "fcf": 163598,
      "ocf": 163598,
      "capex": null,
      "gross_margin": 0.9085671828670102,
      "op_margin": 0.7967110860387414,
      "fcf_margin": 0.07503273549490794,
      "incr_op_margin_yoy": 0.7996106138679252,
      "op_leverage_ratio": 36.77071349635286,
      "fcf_margin_change": 0.6145301127751084
    },
    {
      "date": "2024-03-31T00:00:00",
      "quarter_label": "2024-03 (Q1)",
      "revenue": 1262073,
      "gross_profit": 1140570,
      "operating_income": 832287,
      "net_income": 610657,
      "opex": 308283,
      "cogs": 121503,
      "rd": null,
      "sga": null,
      "fcf": -295630,
      "ocf": -295630,
      "capex": null,
      "gross_margin": 0.9037274389040888,
      "op_margin": 0.6594602689384845,
      "fcf_margin": -0.23424160092165824,
      "incr_op_margin_yoy": 0.6837962032434122,
      "rev_growth_yoy": 37.034868302091496,
      "fcf_margin_change": -0.3092743364165662
    },
    {
      "date": "2024-06-30T00:00:00",
      "quarter_label": "2024-06 (Q2)",
      "revenue": 305020,
      "gross_profit": 257417,
      "operating_income": 14522,
      "net_income": -10698,
      "opex": 242895,
      "cogs": 47603,
      "rd": null,
      "sga": null,
      "fcf": 4843413,
      "ocf": 4843413,
      "capex": null,
      "gross_margin": 0.8439348239459707,
      "op_margin": 0.0476099927873582,
      "fcf_margin": 15.879001376958888,
      "rev_growth_yoy": 12.274436417442772,
      "rev_growth_yoy_accel": -24.760431884648725,
      "fcf_margin_change": 16.113242977880546
    },
    {
      "date": "2024-09-30T00:00:00",
      "quarter_label": "2024-09 (Q3)",
      "revenue": 671760,
      "gross_profit": 596353,
      "operating_income": 459037,
      "net_income": -120165,
      "opex": 137316,
      "cogs": 75407,
      "rd": null,
      "sga": null,
      "fcf": -595276,
      "ocf": -595276,
      "capex": null,
      "gross_margin": 0.8877471120638323,
      "op_margin": 0.6833348219602239,
      "fcf_margin": -0.8861438609027034,
      "rev_growth_yoy": 51.59218664370156,
      "rev_growth_yoy_accel": 39.31775022625879,
      "op_leverage_ratio": Infinity,
      "fcf_margin_change": -16.765145237861592
    },
    {
      "date": "2024-12-31T00:00:00",
      "quarter_label": "2024-12 (Q4)",
      "revenue": 1681370,
      "gross_profit": 1499296,
      "operating_income": -334874,
      "net_income": null,
      "opex": 1834170,
      "cogs": 182074,
      "rd": null,
      "sga": null,
      "fcf": -4035163,
      "ocf": -4035163,
      "capex": null,
      "gross_margin": 0.8917109262089843,
      "op_margin": -0.19916734567644243,
      "fcf_margin": -2.399925655863968,
      "rev_growth_yoy": -0.22885493417356348,
      "rev_growth_yoy_accel": -51.82104157787512,
      "op_leverage_ratio": 0.12162312857293799,
      "fcf_margin_change": -1.5137817949612646
    },
    {
      "date": "2025-03-31T00:00:00",
      "quarter_label": "2025-03 (Q1)",
      "revenue": 6173411,
      "gross_profit": 4006286,
      "operating_income": 2949801,
      "net_income": 2700217,
      "opex": 1056485,
      "cogs": 2167125,
      "rd": null,
      "sga": null,
      "fcf": -14748,
      "ocf": -14748,
      "capex": null,
      "gross_margin": 0.6489582501472848,
      "op_margin": 0.47782352414248785,
      "fcf_margin": -0.0023889548257843194,
      "incr_op_margin_yoy": 0.43114809039817664,
      "rev_growth_yoy": 3.8914848824117145,
      "rev_growth_yoy_accel": 4.120339816585278,
      "op_leverage_ratio": Infinity,
      "fcf_margin_change": 2.3975367010381836
    },
    {
      "date": "2025-06-30T00:00:00",
      "quarter_label": "2025-06 (Q2)",
      "revenue": 3321882,
      "gross_profit": 1793696,
      "operating_income": 304842,
      "net_income": 387163,
      "opex": 1488854,
      "cogs": 1528186,
      "rd": null,
      "sga": null,
      "fcf": -76626,
      "ocf": -76626,
      "capex": null,
      "gross_margin": 0.539963791609696,
      "op_margin": 0.09176785930385245,
      "fcf_margin": -0.023067044524760362,
      "incr_op_margin_yoy": 0.09623244284955693,
      "rev_growth_yoy": 9.89070224903285,
      "rev_growth_yoy_accel": 5.999217366621136,
      "fcf_margin_change": -0.020678089698976044
    },
    {
      "date": "2025-09-30T00:00:00",
      "quarter_label": "2025-09 (Q3)",
      "revenue": 775247,
      "gross_profit": 312011,
      "operating_income": 20818,
      "net_income": null,
      "opex": 291193,
      "cogs": 463236,
      "rd": null,
      "sga": null,
      "fcf": -12839,
      "ocf": -12839,
      "capex": null,
      "gross_margin": 0.4024665687193888,
      "op_margin": 0.02685337705273287,
      "fcf_margin": -0.0165611734066691,
      "rev_growth_yoy": 0.15405353102298439,
      "rev_growth_yoy_accel": -9.736648718009866,
      "fcf_margin_change": 0.006505871118091262
    }
  ],
  "signals": [
    {
      "quarter": "2025-09 (Q3)",
      "signal": "YoY REVENUE GROWTH DECELERATION",
      "detail": "YoY growth: +15.4% vs prior quarter YoY: +989.1% (decel: -973.7%)",
      "severity": "WARNING"
    },
    {
      "quarter": "2025-06 (Q2)",
      "signal": "YoY REVENUE GROWTH ACCELERATION",
      "detail": "YoY growth: +989.1% vs prior quarter YoY: +389.1% (accel: +599.9%)",
      "severity": "HIGH"
    },
    {
      "quarter": "2025-03 (Q1)",
      "signal": "FCF MARGIN EXPANSION",
      "detail": "FCF margin: -240.0% -> -0.2% (+239.8%)",
      "severity": "MEDIUM"
    },
    {
      "quarter": "2025-03 (Q1)",
      "signal": "YoY REVENUE GROWTH ACCELERATION",
      "detail": "YoY growth: +389.1% vs prior quarter YoY: -22.9% (accel: +412.0%)",
      "severity": "HIGH"
    },
    {
      "quarter": "2025-03 (Q1)",
      "signal": "OP MARGIN TURNED POSITIVE (QoQ)",
      "detail": "Op margin: -19.9% -> +47.8%",
      "severity": "HIGH"
    },
    {
      "quarter": "2024-12 (Q4)",
      "signal": "YoY REVENUE GROWTH DECELERATION",
      "detail": "YoY growth: -22.9% vs prior quarter YoY: +5159.2% (decel: -5182.1%)",
      "severity": "WARNING"
    },
    {
      "quarter": "2024-09 (Q3)",
      "signal": "GROSS MARGIN INFLECTION",
      "detail": "GM: +90.4% -> +84.4% -> +88.8% (reversal +4.4%)",
      "severity": "MEDIUM"
    },
    {
      "quarter": "2024-09 (Q3)",
      "signal": "YoY REVENUE GROWTH ACCELERATION",
      "detail": "YoY growth: +5159.2% vs prior quarter YoY: +1227.4% (accel: +3931.8%)",
      "severity": "HIGH"
    },
    {
      "quarter": "2024-09 (Q3)",
      "signal": "OP MARGIN TURNED POSITIVE (YoY)",
      "detail": "Op margin: -240.0% (year-ago) -> +68.3%",
      "severity": "HIGH"
    },
    {
      "quarter": "2024-06 (Q2)",
      "signal": "FCF TURNED POSITIVE",
      "detail": "FCF margin: -23.4% -> +1587.9%",
      "severity": "HIGH"
    },
    {
      "quarter": "2024-06 (Q2)",
      "signal": "YoY REVENUE GROWTH DECELERATION",
      "detail": "YoY growth: +1227.4% vs prior quarter YoY: +3703.5% (decel: -2476.0%)",
      "severity": "WARNING"
    },
    {
      "quarter": "2024-06 (Q2)",
      "signal": "OP MARGIN TURNED POSITIVE (YoY)",
      "detail": "Op margin: -33.4% (year-ago) -> +4.8%",
      "severity": "HIGH"
    },
    {
      "quarter": "2024-03 (Q1)",
      "signal": "OP MARGIN TURNED POSITIVE (YoY)",
      "detail": "Op margin: -24.2% (year-ago) -> +65.9%",
      "severity": "HIGH"
    },
    {
      "quarter": "2023-12 (Q4)",
      "signal": "FCF TURNED POSITIVE",
      "detail": "FCF margin: -53.9% -> +7.5%",
      "severity": "HIGH"
    },
    {
      "quarter": "2023-12 (Q4)",
      "signal": "OPERATING LEVERAGE",
      "detail": "Rev growth +16970.0% vs OpEx growth +461.5% (leverage: 36.8x)",
      "severity": "MEDIUM"
    },
    {
      "quarter": "2023-12 (Q4)",
      "signal": "OP MARGIN TURNED POSITIVE (QoQ)",
      "detail": "Op margin: -240.0% -> +79.7%",
      "severity": "HIGH"
    },
    {
      "quarter": "2023-06 (Q2)",
      "signal": "FCF MARGIN EXPANSION",
      "detail": "FCF margin: +60.4% -> +106.3% (+45.8%)",
      "severity": "MEDIUM"
    },
    {
      "quarter": "2023-06 (Q2)",
      "signal": "YoY REVENUE GROWTH DECELERATION",
      "detail": "YoY growth: -96.8% vs prior quarter YoY: -78.6% (decel: -18.2%)",
      "severity": "WARNING"
    },
    {
      "quarter": "2022-09 (Q3)",
      "signal": "FCF MARGIN EXPANSION",
      "detail": "FCF margin: -51.7% -> -2.7% (+49.0%)",
      "severity": "MEDIUM"
    },
    {
      "quarter": "2022-09 (Q3)",
      "signal": "GROSS MARGIN INFLECTION",
      "detail": "GM: +20.0% -> +16.5% -> +98.4% (reversal +81.8%)",
      "severity": "HIGH"
    },
    {
      "quarter": "2022-06 (Q2)",
      "signal": "OP MARGIN TURNED POSITIVE (QoQ)",
      "detail": "Op margin: -1.3% -> +14.5%",
      "severity": "HIGH"
    }
  ],
  "data_quality": {
    "n_quarters": 20,
    "coverage": {
      "revenue": [
        20,
        20
      ],
      "gross_profit": [
        19,
        20
      ],
      "op_income": [
        15,
        20
      ],
      "fcf": [
        15,
        20
      ]
    },
    "gaps": [
      [
        "2013-09 (Q3)",
        "2014-03 (Q1)",
        182
      ],
      [
        "2014-09 (Q3)",
        "2015-03 (Q1)",
        182
      ],
      [
        "2015-03 (Q1)",
        "2022-03 (Q1)",
        2557
      ]
    ],
    "warnings": [
      "op_income: 15/20Q",
      "fcf: 15/20Q",
      "gap: 1Q missing between 2013-09 (Q3) and 2014-03 (Q1)",
      "gap: 1Q missing between 2014-09 (Q3) and 2015-03 (Q1)",
      "gap: 27Q missing between 2015-03 (Q1) and 2022-03 (Q1)"
    ]
  },
  "market_cap": null,
  "source": "SEC EDGAR",
  "last_updated": "2026-02-02T22:36:58.235333",
  "sector": "Industrials",
  "industry": "Specialty Business Services"
}