{
  "ticker": "KULR",
  "name": "KULR TECHNOLOGY GROUP, INC.",
  "quarters": [
    {
      "date": "2020-12-31T00:00:00",
      "quarter_label": "2020-12 (Q4)",
      "revenue": 208488,
      "gross_profit": 167778,
      "operating_income": -677105,
      "net_income": -858599,
      "opex": 844883,
      "cogs": 40710,
      "rd": 68248,
      "sga": 776635,
      "fcf": -654218,
      "ocf": -654218,
      "capex": null,
      "gross_margin": 0.8047369632784621,
      "op_margin": -3.247692912781551,
      "fcf_margin": -3.1379168105598403
    },
    {
      "date": "2021-03-31T00:00:00",
      "quarter_label": "2021-03 (Q1)",
      "revenue": 417905,
      "gross_profit": 142637,
      "operating_income": -1473157,
      "net_income": -1714723,
      "opex": 1615794,
      "cogs": 275268,
      "rd": 122983,
      "sga": 1492811,
      "fcf": -1663385,
      "ocf": -1663385,
      "capex": null,
      "gross_margin": 0.3413144135628911,
      "op_margin": -3.5251002021990643,
      "fcf_margin": -3.980294564554145,
      "op_leverage_ratio": 1.1008374602967914,
      "fcf_margin_change": -0.8423777539943047
    },
    {
      "date": "2021-06-30T00:00:00",
      "quarter_label": "2021-06 (Q2)",
      "revenue": 628244,
      "gross_profit": 189038,
      "operating_income": -2887006,
      "net_income": -3027143,
      "opex": 3076044,
      "cogs": 439206,
      "rd": 352741,
      "sga": 2723303,
      "fcf": -2454672,
      "ocf": -2418180,
      "capex": -36492,
      "gross_margin": 0.30089901375898537,
      "op_margin": -4.595357854591528,
      "fcf_margin": -3.9071952935483667,
      "op_leverage_ratio": 0.556930514545286,
      "fcf_margin_change": 0.07309927100577829
    },
    {
      "date": "2021-09-30T00:00:00",
      "quarter_label": "2021-09 (Q3)",
      "revenue": 600921,
      "gross_profit": 445783,
      "operating_income": -3140482,
      "net_income": -3095932,
      "opex": 3586265,
      "cogs": 155138,
      "rd": 481855,
      "sga": 3104410,
      "fcf": -1633938,
      "ocf": -1313371,
      "capex": -320567,
      "gross_margin": 0.7418329530836832,
      "op_margin": -5.226114580785161,
      "fcf_margin": -2.7190562486583096,
      "fcf_margin_change": 1.188139044890057
    },
    {
      "date": "2021-12-31T00:00:00",
      "quarter_label": "2021-12 (Q4)",
      "revenue": 765798,
      "gross_profit": 533372,
      "operating_income": -4012770,
      "net_income": -4073353,
      "opex": 4546142,
      "cogs": 232426,
      "rd": 704604,
      "sga": 3841538,
      "fcf": -1436964,
      "ocf": -1410738,
      "capex": -26226,
      "gross_margin": 0.696491764146681,
      "op_margin": -5.239984956868521,
      "fcf_margin": -1.8764269428752751,
      "rev_growth_yoy": 2.673103487970531,
      "op_leverage_ratio": 1.0251076810275626,
      "fcf_margin_change": 0.8426293057830345
    },
    {
      "date": "2022-03-31T00:00:00",
      "quarter_label": "2022-03 (Q1)",
      "revenue": 200499,
      "gross_profit": 77581,
      "operating_income": -4178689,
      "net_income": -4136555,
      "opex": 4256270,
      "cogs": 122918,
      "rd": 721347,
      "sga": 3534923,
      "fcf": -4595841,
      "ocf": -4574490,
      "capex": -21351,
      "gross_margin": 0.38693958573359466,
      "op_margin": -20.841445593244853,
      "fcf_margin": -22.922014573638773,
      "rev_growth_yoy": -0.5202282815472415,
      "rev_growth_yoy_accel": -3.1933317695177723,
      "fcf_margin_change": -21.0455876307635
    },
    {
      "date": "2022-06-30T00:00:00",
      "quarter_label": "2022-06 (Q2)",
      "revenue": 587546,
      "gross_profit": 163874,
      "operating_income": -5161772,
      "net_income": -5254685,
      "opex": 5325646,
      "cogs": 423672,
      "rd": 999484,
      "sga": 4326162,
      "fcf": -4532630,
      "ocf": -4436205,
      "capex": -96425,
      "gross_margin": 0.2789126298196226,
      "op_margin": -8.785307022769281,
      "fcf_margin": -7.714510863830236,
      "rev_growth_yoy": -0.06478056296598136,
      "rev_growth_yoy_accel": 0.4554477185812602,
      "op_leverage_ratio": 7.6833431817883255,
      "fcf_margin_change": 15.207503709808536
    },
    {
      "date": "2022-09-30T00:00:00",
      "quarter_label": "2022-09 (Q3)",
      "revenue": 1393185,
      "gross_profit": 460821,
      "operating_income": -4958404,
      "net_income": -5586585,
      "opex": 5419225,
      "cogs": 932364,
      "rd": 1069852,
      "sga": 4349373,
      "fcf": -4811478,
      "ocf": -4355312,
      "capex": -456166,
      "gross_margin": 0.3307679884581014,
      "op_margin": -3.5590420511274528,
      "fcf_margin": -3.4535815415755984,
      "rev_growth_yoy": 1.318416231085284,
      "rev_growth_yoy_accel": 1.3831967940512655,
      "op_leverage_ratio": 78.03555131698428,
      "fcf_margin_change": 4.260929322254638
    },
    {
      "date": "2022-12-31T00:00:00",
      "quarter_label": "2022-12 (Q4)",
      "revenue": 1813404,
      "gross_profit": 1661831,
      "operating_income": -3987117,
      "net_income": -4458654,
      "opex": 5648948,
      "cogs": 151573,
      "rd": 1186880,
      "sga": 4462068,
      "fcf": -6097146,
      "ocf": -3988118,
      "capex": -2109028,
      "gross_margin": 0.9164152058780062,
      "op_margin": -2.1986920730295068,
      "fcf_margin": -3.3622656617058304,
      "incr_op_margin_yoy": 0.024487259523141333,
      "rev_growth_yoy": 1.3679926037936898,
      "rev_growth_yoy_accel": 0.04957637270840576,
      "op_leverage_ratio": 7.115404574311679,
      "fcf_margin_change": 0.09131587986976797
    },
    {
      "date": "2023-03-31T00:00:00",
      "quarter_label": "2023-03 (Q1)",
      "revenue": 1759802,
      "gross_profit": 643388,
      "operating_income": -6260718,
      "net_income": -6602861,
      "opex": 6904106,
      "cogs": 1116414,
      "rd": 1388215,
      "sga": 5515891,
      "fcf": -5057529,
      "ocf": -4759039,
      "capex": -298490,
      "gross_margin": 0.3656024939169293,
      "op_margin": -3.557626369330186,
      "fcf_margin": -2.873919338652871,
      "incr_op_margin_yoy": -1.3352305485207172,
      "rev_growth_yoy": 7.777111107786074,
      "rev_growth_yoy_accel": 6.409118503992384,
      "fcf_margin_change": 0.48834632305295944
    },
    {
      "date": "2023-06-30T00:00:00",
      "quarter_label": "2023-06 (Q2)",
      "revenue": 2695506,
      "gross_profit": 1002188,
      "operating_income": -5997407,
      "net_income": -6334992,
      "opex": 6999595,
      "cogs": 1693318,
      "rd": 1408079,
      "sga": 5591516,
      "fcf": -4993802,
      "ocf": -5099648,
      "capex": 105846,
      "gross_margin": 0.37179958048692896,
      "op_margin": -2.224965182789428,
      "fcf_margin": -1.8526399125062234,
      "incr_op_margin_yoy": -0.396418812501186,
      "rev_growth_yoy": 3.5877361091727287,
      "rev_growth_yoy_accel": -4.189374998613346,
      "op_leverage_ratio": 38.44401910435525,
      "fcf_margin_change": 1.0212794261466476
    },
    {
      "date": "2023-09-30T00:00:00",
      "quarter_label": "2023-09 (Q3)",
      "revenue": 3041007,
      "gross_profit": 1337454,
      "operating_income": -5097028,
      "net_income": -5562274,
      "opex": 6434482,
      "cogs": 1703553,
      "rd": 1640959,
      "sga": 4793523,
      "fcf": -1079311,
      "ocf": -1034363,
      "capex": -44948,
      "gross_margin": 0.4398062878513598,
      "op_margin": -1.6760987396609084,
      "fcf_margin": -0.35491894625694714,
      "incr_op_margin_yoy": -0.08412559123497562,
      "rev_growth_yoy": 1.182773285672757,
      "rev_growth_yoy_accel": -2.4049628234999716,
      "op_leverage_ratio": Infinity,
      "fcf_margin_change": 1.4977209662492763
    },
    {
      "date": "2023-12-31T00:00:00",
      "quarter_label": "2023-12 (Q4)",
      "revenue": 2333851,
      "gross_profit": 682826,
      "operating_income": -4974220,
      "net_income": -5193429,
      "opex": 5657046,
      "cogs": 1651025,
      "rd": 1321559,
      "sga": 4335487,
      "fcf": -1100895,
      "ocf": -1072337,
      "capex": -28558,
      "gross_margin": 0.29257480447552137,
      "op_margin": -2.1313357193754014,
      "fcf_margin": -0.4717074911808852,
      "rev_growth_yoy": 0.28700002867535307,
      "rev_growth_yoy_accel": -0.895773256997404,
      "fcf_margin_change": -0.11678854492393803
    },
    {
      "date": "2024-03-31T00:00:00",
      "quarter_label": "2024-03 (Q1)",
      "revenue": 1749104,
      "gross_profit": 510789,
      "operating_income": -4656734,
      "net_income": -5008876,
      "opex": 5167523,
      "cogs": 1238315,
      "rd": 954625,
      "sga": 4212898,
      "fcf": -3920806,
      "ocf": -3907406,
      "capex": -13400,
      "gross_margin": 0.2920289473924935,
      "op_margin": -2.6623539823818367,
      "fcf_margin": -2.2416082748653023,
      "rev_growth_yoy": -0.006079092988870338,
      "rev_growth_yoy_accel": -0.2930791216642234,
      "fcf_margin_change": -1.7699007836844172
    },
    {
      "date": "2024-06-30T00:00:00",
      "quarter_label": "2024-06 (Q2)",
      "revenue": 2432005,
      "gross_profit": 572628,
      "operating_income": -5327058,
      "net_income": -5890528,
      "opex": 5899686,
      "cogs": 1859377,
      "rd": 1305186,
      "sga": 4594500,
      "fcf": -5413014,
      "ocf": -5291047,
      "capex": -121967,
      "gross_margin": 0.23545510802814962,
      "op_margin": -2.1903976348732836,
      "fcf_margin": -2.225741312209473,
      "rev_growth_yoy": -0.0977556718478831,
      "rev_growth_yoy_accel": -0.09167657885901276,
      "op_leverage_ratio": 2.7556036799535346,
      "fcf_margin_change": 0.01586696265582921
    },
    {
      "date": "2024-09-30T00:00:00",
      "quarter_label": "2024-09 (Q3)",
      "revenue": 3185778,
      "gross_profit": 2257452,
      "operating_income": -1710300,
      "net_income": -2003764,
      "opex": 3967752,
      "cogs": 928326,
      "rd": 1232333,
      "sga": 2735419,
      "fcf": -3353265,
      "ocf": -3300365,
      "capex": -52900,
      "gross_margin": 0.7086030476699883,
      "op_margin": -0.5368547337573428,
      "fcf_margin": -1.052573343151971,
      "rev_growth_yoy": 0.0476062698967809,
      "rev_growth_yoy_accel": 0.145361941744664,
      "op_leverage_ratio": Infinity,
      "fcf_margin_change": 1.173167969057502
    },
    {
      "date": "2024-12-31T00:00:00",
      "quarter_label": "2024-12 (Q4)",
      "revenue": 3370594,
      "gross_profit": 2142329,
      "operating_income": -3540864,
      "net_income": -4620461,
      "opex": 5683193,
      "cogs": 1228265,
      "rd": 1246161,
      "sga": 4437032,
      "fcf": -5228034,
      "ocf": -4842857,
      "capex": -385177,
      "gross_margin": 0.6355939042198496,
      "op_margin": -1.0505163184886699,
      "fcf_margin": -1.5510720068925536,
      "incr_op_margin_yoy": 1.3825567184924326,
      "rev_growth_yoy": 0.4442198752191121,
      "rev_growth_yoy_accel": 0.3966136053223312,
      "op_leverage_ratio": 0.1341815459303314,
      "fcf_margin_change": -0.4984986637405826
    },
    {
      "date": "2025-03-31T00:00:00",
      "quarter_label": "2025-03 (Q1)",
      "revenue": 2448606,
      "gross_profit": 206345,
      "operating_income": -9443805,
      "net_income": -18806658,
      "opex": 9650150,
      "cogs": 2242261,
      "rd": 2449900,
      "sga": 7200250,
      "fcf": -9892180,
      "ocf": -9771951,
      "capex": -120229,
      "gross_margin": 0.08427039711574667,
      "op_margin": -3.8568087311719403,
      "fcf_margin": -4.039923123605839,
      "rev_growth_yoy": 0.39992018770753485,
      "rev_growth_yoy_accel": -0.04429968751157726,
      "fcf_margin_change": -2.4888511167132856
    },
    {
      "date": "2025-06-30T00:00:00",
      "quarter_label": "2025-06 (Q2)",
      "revenue": 3972997,
      "gross_profit": 713710,
      "operating_income": -9451040,
      "net_income": 8142149,
      "opex": 10164750,
      "cogs": 3259287,
      "rd": 2436754,
      "sga": 6941599,
      "fcf": -12163185,
      "ocf": -11948766,
      "capex": -214419,
      "gross_margin": 0.17964020612147455,
      "op_margin": -2.378818811088959,
      "fcf_margin": -3.0614634242109924,
      "incr_op_margin_yoy": -2.676186508430933,
      "rev_growth_yoy": 0.6336302762535438,
      "rev_growth_yoy_accel": 0.233710088546009,
      "op_leverage_ratio": 11.674592991546046,
      "fcf_margin_change": 0.9784596993948469
    },
    {
      "date": "2025-09-30T00:00:00",
      "quarter_label": "2025-09 (Q3)",
      "revenue": 6884840,
      "gross_profit": 628880,
      "operating_income": -8738576,
      "net_income": -6973915,
      "opex": 9367456,
      "cogs": 6255960,
      "rd": 2323010,
      "sga": 6263803,
      "fcf": -9565876,
      "ocf": -9318822,
      "capex": -247054,
      "gross_margin": 0.09134271820405412,
      "op_margin": -1.269248958581463,
      "fcf_margin": -1.3894115186409561,
      "incr_op_margin_yoy": -1.90001573371844,
      "rev_growth_yoy": 1.1611173157702765,
      "rev_growth_yoy_accel": 0.5274870395167327,
      "op_leverage_ratio": Infinity,
      "fcf_margin_change": 1.6720519055700362
    }
  ],
  "signals": [
    {
      "quarter": "2025-09 (Q3)",
      "signal": "FCF MARGIN EXPANSION",
      "detail": "FCF margin: -306.1% -> -138.9% (+167.2%)",
      "severity": "MEDIUM"
    },
    {
      "quarter": "2025-09 (Q3)",
      "signal": "YoY REVENUE GROWTH ACCELERATION",
      "detail": "YoY growth: +116.1% vs prior quarter YoY: +63.4% (accel: +52.7%)",
      "severity": "HIGH"
    },
    {
      "quarter": "2025-06 (Q2)",
      "signal": "FCF MARGIN EXPANSION",
      "detail": "FCF margin: -404.0% -> -306.1% (+97.8%)",
      "severity": "MEDIUM"
    },
    {
      "quarter": "2025-06 (Q2)",
      "signal": "OPERATING LEVERAGE",
      "detail": "Rev growth +62.3% vs OpEx growth +5.3% (leverage: 11.7x)",
      "severity": "MEDIUM"
    },
    {
      "quarter": "2025-06 (Q2)",
      "signal": "GROSS MARGIN INFLECTION",
      "detail": "GM: +63.6% -> +8.4% -> +18.0% (reversal +9.5%)",
      "severity": "HIGH"
    },
    {
      "quarter": "2025-06 (Q2)",
      "signal": "YoY REVENUE GROWTH ACCELERATION",
      "detail": "YoY growth: +63.4% vs prior quarter YoY: +40.0% (accel: +23.4%)",
      "severity": "HIGH"
    },
    {
      "quarter": "2024-12 (Q4)",
      "signal": "YoY REVENUE GROWTH ACCELERATION",
      "detail": "YoY growth: +44.4% vs prior quarter YoY: +4.8% (accel: +39.7%)",
      "severity": "HIGH"
    },
    {
      "quarter": "2024-09 (Q3)",
      "signal": "FCF MARGIN EXPANSION",
      "detail": "FCF margin: -222.6% -> -105.3% (+117.3%)",
      "severity": "MEDIUM"
    },
    {
      "quarter": "2024-09 (Q3)",
      "signal": "GROSS MARGIN INFLECTION",
      "detail": "GM: +29.2% -> +23.5% -> +70.9% (reversal +47.3%)",
      "severity": "HIGH"
    },
    {
      "quarter": "2024-09 (Q3)",
      "signal": "YoY REVENUE GROWTH ACCELERATION",
      "detail": "YoY growth: +4.8% vs prior quarter YoY: -9.8% (accel: +14.5%)",
      "severity": "MEDIUM"
    },
    {
      "quarter": "2024-06 (Q2)",
      "signal": "OPERATING LEVERAGE",
      "detail": "Rev growth +39.0% vs OpEx growth +14.2% (leverage: 2.8x)",
      "severity": "MEDIUM"
    },
    {
      "quarter": "2024-06 (Q2)",
      "signal": "YoY REVENUE GROWTH DECELERATION",
      "detail": "YoY growth: -9.8% vs prior quarter YoY: -0.6% (decel: -9.2%)",
      "severity": "WARNING"
    },
    {
      "quarter": "2024-03 (Q1)",
      "signal": "YoY REVENUE GROWTH DECELERATION",
      "detail": "YoY growth: -0.6% vs prior quarter YoY: +28.7% (decel: -29.3%)",
      "severity": "WARNING"
    },
    {
      "quarter": "2023-12 (Q4)",
      "signal": "YoY REVENUE GROWTH DECELERATION",
      "detail": "YoY growth: +28.7% vs prior quarter YoY: +118.3% (decel: -89.6%)",
      "severity": "WARNING"
    },
    {
      "quarter": "2023-09 (Q3)",
      "signal": "FCF MARGIN EXPANSION",
      "detail": "FCF margin: -185.3% -> -35.5% (+149.8%)",
      "severity": "MEDIUM"
    },
    {
      "quarter": "2023-09 (Q3)",
      "signal": "YoY REVENUE GROWTH DECELERATION",
      "detail": "YoY growth: +118.3% vs prior quarter YoY: +358.8% (decel: -240.5%)",
      "severity": "WARNING"
    },
    {
      "quarter": "2023-06 (Q2)",
      "signal": "FCF MARGIN EXPANSION",
      "detail": "FCF margin: -287.4% -> -185.3% (+102.1%)",
      "severity": "MEDIUM"
    },
    {
      "quarter": "2023-06 (Q2)",
      "signal": "OPERATING LEVERAGE",
      "detail": "Rev growth +53.2% vs OpEx growth +1.4% (leverage: 38.4x)",
      "severity": "MEDIUM"
    },
    {
      "quarter": "2023-06 (Q2)",
      "signal": "YoY REVENUE GROWTH DECELERATION",
      "detail": "YoY growth: +358.8% vs prior quarter YoY: +777.7% (decel: -418.9%)",
      "severity": "WARNING"
    },
    {
      "quarter": "2023-03 (Q1)",
      "signal": "FCF MARGIN EXPANSION",
      "detail": "FCF margin: -336.2% -> -287.4% (+48.8%)",
      "severity": "MEDIUM"
    },
    {
      "quarter": "2023-03 (Q1)",
      "signal": "YoY REVENUE GROWTH ACCELERATION",
      "detail": "YoY growth: +777.7% vs prior quarter YoY: +136.8% (accel: +640.9%)",
      "severity": "HIGH"
    },
    {
      "quarter": "2022-12 (Q4)",
      "signal": "FCF MARGIN EXPANSION",
      "detail": "FCF margin: -345.4% -> -336.2% (+9.1%)",
      "severity": "MEDIUM"
    },
    {
      "quarter": "2022-12 (Q4)",
      "signal": "OPERATING LEVERAGE",
      "detail": "Rev growth +30.2% vs OpEx growth +4.2% (leverage: 7.1x)",
      "severity": "MEDIUM"
    },
    {
      "quarter": "2022-09 (Q3)",
      "signal": "FCF MARGIN EXPANSION",
      "detail": "FCF margin: -771.5% -> -345.4% (+426.1%)",
      "severity": "MEDIUM"
    },
    {
      "quarter": "2022-09 (Q3)",
      "signal": "OPERATING LEVERAGE",
      "detail": "Rev growth +137.1% vs OpEx growth +1.8% (leverage: 78.0x)",
      "severity": "MEDIUM"
    },
    {
      "quarter": "2022-09 (Q3)",
      "signal": "GROSS MARGIN INFLECTION",
      "detail": "GM: +38.7% -> +27.9% -> +33.1% (reversal +5.2%)",
      "severity": "HIGH"
    },
    {
      "quarter": "2022-09 (Q3)",
      "signal": "YoY REVENUE GROWTH ACCELERATION",
      "detail": "YoY growth: +131.8% vs prior quarter YoY: -6.5% (accel: +138.3%)",
      "severity": "HIGH"
    },
    {
      "quarter": "2022-06 (Q2)",
      "signal": "FCF MARGIN EXPANSION",
      "detail": "FCF margin: -2292.2% -> -771.5% (+1520.8%)",
      "severity": "MEDIUM"
    },
    {
      "quarter": "2022-06 (Q2)",
      "signal": "OPERATING LEVERAGE",
      "detail": "Rev growth +193.0% vs OpEx growth +25.1% (leverage: 7.7x)",
      "severity": "MEDIUM"
    },
    {
      "quarter": "2022-06 (Q2)",
      "signal": "YoY REVENUE GROWTH ACCELERATION",
      "detail": "YoY growth: -6.5% vs prior quarter YoY: -52.0% (accel: +45.5%)",
      "severity": "HIGH"
    },
    {
      "quarter": "2022-03 (Q1)",
      "signal": "YoY REVENUE GROWTH DECELERATION",
      "detail": "YoY growth: -52.0% vs prior quarter YoY: +267.3% (decel: -319.3%)",
      "severity": "WARNING"
    },
    {
      "quarter": "2021-12 (Q4)",
      "signal": "FCF MARGIN EXPANSION",
      "detail": "FCF margin: -271.9% -> -187.6% (+84.3%)",
      "severity": "MEDIUM"
    },
    {
      "quarter": "2021-09 (Q3)",
      "signal": "FCF MARGIN EXPANSION",
      "detail": "FCF margin: -390.7% -> -271.9% (+118.8%)",
      "severity": "MEDIUM"
    },
    {
      "quarter": "2021-09 (Q3)",
      "signal": "GROSS MARGIN INFLECTION",
      "detail": "GM: +34.1% -> +30.1% -> +74.2% (reversal +44.1%)",
      "severity": "HIGH"
    },
    {
      "quarter": "2021-06 (Q2)",
      "signal": "FCF MARGIN EXPANSION",
      "detail": "FCF margin: -398.0% -> -390.7% (+7.3%)",
      "severity": "MEDIUM"
    }
  ],
  "data_quality": {
    "n_quarters": 20,
    "coverage": {
      "revenue": [
        20,
        20
      ],
      "gross_profit": [
        20,
        20
      ],
      "op_income": [
        20,
        20
      ],
      "fcf": [
        20,
        20
      ]
    },
    "gaps": [],
    "warnings": []
  },
  "market_cap": null,
  "source": "SEC EDGAR",
  "last_updated": "2026-02-02T23:04:05.479184",
  "sector": "Technology",
  "industry": "Electronic Components"
}