{
  "ticker": "KUST",
  "name": "Digital Ally, Inc",
  "quarters": [
    {
      "date": "2020-12-31T00:00:00",
      "quarter_label": "2020-12 (Q4)",
      "revenue": 2768292,
      "gross_profit": 1182158,
      "operating_income": -1749175,
      "net_income": -321319,
      "opex": 2931333,
      "cogs": 1586134,
      "rd": 592272,
      "sga": 2931333,
      "fcf": -3181521,
      "ocf": -3159110,
      "capex": -22411,
      "gross_margin": 0.42703515380602913,
      "op_margin": -0.6318607285647613,
      "fcf_margin": -1.1492721866045923
    },
    {
      "date": "2021-03-31T00:00:00",
      "quarter_label": "2021-03 (Q1)",
      "revenue": 2535829,
      "gross_profit": 811882,
      "operating_income": -2865693,
      "net_income": 21721858,
      "opex": 3677575,
      "cogs": 1723947,
      "rd": 448965,
      "sga": 3677575,
      "fcf": -3283855,
      "ocf": -3206844,
      "capex": -77011,
      "gross_margin": 0.32016433284736473,
      "op_margin": -1.1300813264616818,
      "fcf_margin": -1.2949828241573071,
      "fcf_margin_change": -0.14571063755271485
    },
    {
      "date": "2021-06-30T00:00:00",
      "quarter_label": "2021-06 (Q2)",
      "revenue": 2493671,
      "gross_profit": 1260800,
      "operating_income": -2616884,
      "net_income": -5382487,
      "opex": 3877684,
      "cogs": 1232871,
      "rd": 460999,
      "sga": 3877684,
      "fcf": -8318647,
      "ocf": -2942929,
      "capex": -5375718,
      "gross_margin": 0.5055999769015239,
      "op_margin": -1.0494102870827788,
      "fcf_margin": -3.335903974501849,
      "fcf_margin_change": -2.040921150344542
    },
    {
      "date": "2021-09-30T00:00:00",
      "quarter_label": "2021-09 (Q3)",
      "revenue": 4639822,
      "gross_profit": 1400570,
      "operating_income": -3598973,
      "net_income": 8068799,
      "opex": 4999543,
      "cogs": 3239252,
      "rd": 492221,
      "sga": 4999543,
      "fcf": -6203300,
      "ocf": -6081008,
      "capex": -122292,
      "gross_margin": 0.30185856267761996,
      "op_margin": -0.7756704890834174,
      "fcf_margin": -1.3369693923603103,
      "op_leverage_ratio": 2.9747827784598377,
      "fcf_margin_change": 1.9989345821415387
    },
    {
      "date": "2021-12-31T00:00:00",
      "quarter_label": "2021-12 (Q4)",
      "revenue": 11744111,
      "gross_profit": 2190521,
      "operating_income": -5679357,
      "net_income": 1066338,
      "opex": 7869878,
      "cogs": 9553590,
      "rd": 528599,
      "sga": 7869878,
      "fcf": -6447531,
      "ocf": -5594327,
      "capex": -853204,
      "gross_margin": 0.18652080178738092,
      "op_margin": -0.48359190406153346,
      "fcf_margin": -0.5490011972809181,
      "incr_op_margin_yoy": -0.43786333035458935,
      "rev_growth_yoy": 3.242367134680879,
      "op_leverage_ratio": 2.6669631905705673,
      "fcf_margin_change": 0.7879681950793922
    },
    {
      "date": "2022-03-31T00:00:00",
      "quarter_label": "2022-03 (Q1)",
      "revenue": 10294781,
      "gross_profit": 1939619,
      "operating_income": -6803338,
      "net_income": -6600148,
      "opex": 8742957,
      "cogs": 8355162,
      "rd": 498000,
      "sga": 8742957,
      "fcf": -7830264,
      "ocf": -6055672,
      "capex": -1774592,
      "gross_margin": 0.18840799041766892,
      "op_margin": -0.6608531060544173,
      "fcf_margin": -0.7606052037435279,
      "incr_op_margin_yoy": -0.5074970176384646,
      "rev_growth_yoy": 3.059729973905969,
      "rev_growth_yoy_accel": -0.18263716077491,
      "fcf_margin_change": -0.2116040064626098
    },
    {
      "date": "2022-06-30T00:00:00",
      "quarter_label": "2022-06 (Q2)",
      "revenue": 9351457,
      "gross_profit": 1719078,
      "operating_income": -6661252,
      "net_income": -1065513,
      "opex": 8380330,
      "cogs": 7632379,
      "rd": 540222,
      "sga": 8380330,
      "fcf": -5025752,
      "ocf": -4876843,
      "capex": -148909,
      "gross_margin": 0.18382996360887935,
      "op_margin": -0.7123223685891942,
      "fcf_margin": -0.5374298357999187,
      "incr_op_margin_yoy": -0.5897483531857075,
      "rev_growth_yoy": 2.750076493651328,
      "rev_growth_yoy_accel": -0.30965348025464134,
      "fcf_margin_change": 0.22317536794360926
    },
    {
      "date": "2022-09-30T00:00:00",
      "quarter_label": "2022-09 (Q3)",
      "revenue": 8484153,
      "gross_profit": 595500,
      "operating_income": -6567023,
      "net_income": -1902475,
      "opex": 7162523,
      "cogs": 7888653,
      "rd": 616174,
      "sga": 7162523,
      "fcf": -6889103,
      "ocf": -6865477,
      "capex": -23626,
      "gross_margin": 0.07018968186924493,
      "op_margin": -0.774034013766607,
      "fcf_margin": -0.8119965540461139,
      "incr_op_margin_yoy": -0.7720589095996157,
      "rev_growth_yoy": 0.8285513970147993,
      "rev_growth_yoy_accel": -1.9215250966365285,
      "fcf_margin_change": -0.2745667182461953
    },
    {
      "date": "2022-12-31T00:00:00",
      "quarter_label": "2022-12 (Q4)",
      "revenue": 8869608,
      "gross_profit": -1932257,
      "operating_income": -9701648,
      "net_income": -9305624,
      "opex": 7769391,
      "cogs": 10811760,
      "rd": 635898,
      "sga": 7769391,
      "fcf": -903774,
      "ocf": -782393,
      "capex": -121381,
      "gross_margin": -0.2178514540890646,
      "op_margin": -1.0938079788870039,
      "fcf_margin": -0.10189559673888632,
      "incr_op_margin_yoy": 1.3992996354500238,
      "rev_growth_yoy": -0.24476122543460294,
      "rev_growth_yoy_accel": -1.0733126224494023,
      "op_leverage_ratio": 0.5362125612181188,
      "fcf_margin_change": 0.7101009573072277
    },
    {
      "date": "2023-03-31T00:00:00",
      "quarter_label": "2023-03 (Q1)",
      "revenue": 7697190,
      "gross_profit": 1544792,
      "operating_income": -6172806,
      "net_income": -6105818,
      "opex": 7717598,
      "cogs": 6152398,
      "rd": 934939,
      "sga": 7717598,
      "fcf": -1240533,
      "ocf": -1216876,
      "capex": -23657,
      "gross_margin": 0.2006955785163157,
      "op_margin": -0.8019557786672799,
      "fcf_margin": -0.16116699730680936,
      "incr_op_margin_yoy": -0.24273721305625096,
      "rev_growth_yoy": -0.252321151853546,
      "rev_growth_yoy_accel": -0.0075599264189430415,
      "fcf_margin_change": -0.059271400567923044
    },
    {
      "date": "2023-06-30T00:00:00",
      "quarter_label": "2023-06 (Q2)",
      "revenue": 8279632,
      "gross_profit": 2737040,
      "operating_income": -4940704,
      "net_income": -8393304,
      "opex": 7677744,
      "cogs": 5542592,
      "rd": 540276,
      "sga": 7677744,
      "fcf": -1893110,
      "ocf": -1893110,
      "capex": null,
      "gross_margin": 0.3305750786991499,
      "op_margin": -0.596729902971533,
      "fcf_margin": -0.2286466355026407,
      "incr_op_margin_yoy": -1.6052508571828423,
      "rev_growth_yoy": -0.11461582938359231,
      "rev_growth_yoy_accel": 0.13770532246995365,
      "op_leverage_ratio": Infinity,
      "fcf_margin_change": -0.06747963819583133
    },
    {
      "date": "2023-09-30T00:00:00",
      "quarter_label": "2023-09 (Q3)",
      "revenue": 6337699,
      "gross_profit": 1226149,
      "operating_income": -5148043,
      "net_income": -3708673,
      "opex": 6374192,
      "cogs": 5111550,
      "rd": 564146,
      "sga": 6374192,
      "fcf": -2732172,
      "ocf": -2732172,
      "capex": null,
      "gross_margin": 0.19346911237027822,
      "op_margin": -0.8122889711234313,
      "fcf_margin": -0.4310984160024009,
      "incr_op_margin_yoy": -0.6610810201383305,
      "rev_growth_yoy": -0.25299567322748656,
      "rev_growth_yoy_accel": -0.13837984384389423,
      "fcf_margin_change": -0.2024517804997602
    },
    {
      "date": "2023-12-31T00:00:00",
      "quarter_label": "2023-12 (Q4)",
      "revenue": 5933825,
      "gross_profit": 254506,
      "operating_income": -5978999,
      "net_income": null,
      "opex": 6233505,
      "cogs": 5679319,
      "rd": 579385,
      "sga": 6233505,
      "fcf": -4051680,
      "ocf": -4051680,
      "capex": null,
      "gross_margin": 0.0428907155165513,
      "op_margin": -1.0076129646560186,
      "fcf_margin": -0.6828108344954561,
      "incr_op_margin_yoy": -1.2680259406093706,
      "rev_growth_yoy": -0.33099354559976046,
      "rev_growth_yoy_accel": -0.0779978723722739,
      "fcf_margin_change": -0.2517124184930552
    },
    {
      "date": "2024-03-31T00:00:00",
      "quarter_label": "2024-03 (Q1)",
      "revenue": 5529351,
      "gross_profit": 1523699,
      "operating_income": -3639034,
      "net_income": -3931020,
      "opex": 5162733,
      "cogs": 4005652,
      "rd": 487466,
      "sga": 5162733,
      "fcf": -937012,
      "ocf": -918545,
      "capex": -18467,
      "gross_margin": 0.27556561339658125,
      "op_margin": -0.6581304026458078,
      "fcf_margin": -0.16946147929476715,
      "incr_op_margin_yoy": -1.1688008196180621,
      "rev_growth_yoy": -0.2816403128934066,
      "rev_growth_yoy_accel": 0.04935323270635389,
      "fcf_margin_change": 0.5133493552006889
    },
    {
      "date": "2024-06-30T00:00:00",
      "quarter_label": "2024-06 (Q2)",
      "revenue": 5616235,
      "gross_profit": 242392,
      "operating_income": -3914221,
      "net_income": null,
      "opex": 4156613,
      "cogs": 5373843,
      "rd": 545776,
      "sga": 4156613,
      "fcf": -2496627,
      "ocf": -2490212,
      "capex": -6415,
      "gross_margin": 0.04315916267748768,
      "op_margin": -0.6969475102092416,
      "fcf_margin": -0.4445374881927127,
      "incr_op_margin_yoy": -0.3854036780847917,
      "rev_growth_yoy": -0.3216806012634378,
      "rev_growth_yoy_accel": -0.04004028837003121,
      "op_leverage_ratio": Infinity,
      "fcf_margin_change": -0.2750760088979456
    },
    {
      "date": "2024-09-30T00:00:00",
      "quarter_label": "2024-09 (Q3)",
      "revenue": 4051711,
      "gross_profit": 1739974,
      "operating_income": -7382299,
      "net_income": null,
      "opex": 9122273,
      "cogs": 2311737,
      "rd": 210818,
      "sga": 9122273,
      "fcf": -676205,
      "ocf": -677266,
      "capex": 1061,
      "gross_margin": 0.4294417839771889,
      "op_margin": -1.822020129273781,
      "fcf_margin": -0.16689369009783767,
      "incr_op_margin_yoy": 0.9773699599472964,
      "rev_growth_yoy": -0.3606968396574214,
      "rev_growth_yoy_accel": -0.039016238393983604,
      "fcf_margin_change": 0.27764379809487505
    },
    {
      "date": "2024-12-31T00:00:00",
      "quarter_label": "2024-12 (Q4)",
      "revenue": 4453505,
      "gross_profit": 1985528,
      "operating_income": -266048,
      "net_income": null,
      "opex": 2251576,
      "cogs": 2467977,
      "rd": 95613,
      "sga": 2251576,
      "fcf": -1028695,
      "ocf": -1028695,
      "capex": null,
      "gross_margin": 0.4458349098069947,
      "op_margin": -0.05973901455146003,
      "fcf_margin": -0.23098548222130658,
      "incr_op_margin_yoy": -3.8592675907911804,
      "rev_growth_yoy": -0.2494714623366884,
      "rev_growth_yoy_accel": 0.11122537732073298,
      "op_leverage_ratio": Infinity,
      "fcf_margin_change": -0.06409179212346891
    },
    {
      "date": "2025-03-31T00:00:00",
      "quarter_label": "2025-03 (Q1)",
      "revenue": 4475264,
      "gross_profit": 1601499,
      "operating_income": -974680,
      "net_income": null,
      "opex": 2576179,
      "cogs": 2873765,
      "rd": 84417,
      "sga": 2576179,
      "fcf": -5797235,
      "ocf": -5754761,
      "capex": -42474,
      "gross_margin": 0.357855760017733,
      "op_margin": -0.21779273803735377,
      "fcf_margin": -1.2953950873065811,
      "incr_op_margin_yoy": -2.5276414565401146,
      "rev_growth_yoy": -0.19063485027447163,
      "rev_growth_yoy_accel": 0.05883661206221677,
      "fcf_margin_change": -1.0644096050852745
    },
    {
      "date": "2025-06-30T00:00:00",
      "quarter_label": "2025-06 (Q2)",
      "revenue": 5632039,
      "gross_profit": -632625,
      "operating_income": -4095073,
      "net_income": null,
      "opex": 3462448,
      "cogs": 6264664,
      "rd": 183811,
      "sga": 3462448,
      "fcf": -3067022,
      "ocf": -2889345,
      "capex": -177677,
      "gross_margin": -0.11232610427591144,
      "op_margin": -0.7271030971198885,
      "fcf_margin": -0.5445668966425836,
      "rev_growth_yoy": 0.002813984813669656,
      "rev_growth_yoy_accel": 0.19344883508814129,
      "op_leverage_ratio": 0.7513472674071563,
      "fcf_margin_change": 0.7508281906639975
    },
    {
      "date": "2025-09-30T00:00:00",
      "quarter_label": "2025-09 (Q3)",
      "revenue": 4537157,
      "gross_profit": 1371575,
      "operating_income": -1121782,
      "net_income": null,
      "opex": 2493357,
      "cogs": 3165582,
      "rd": 137755,
      "sga": 2493357,
      "fcf": -395144,
      "ocf": -352325,
      "capex": -42819,
      "gross_margin": 0.3022983335158999,
      "op_margin": -0.24724337288747117,
      "fcf_margin": -0.08709066051714763,
      "rev_growth_yoy": 0.11981259275402416,
      "rev_growth_yoy_accel": 0.11699860794035451,
      "fcf_margin_change": 0.457476236125436
    }
  ],
  "signals": [
    {
      "quarter": "2025-09 (Q3)",
      "signal": "FCF MARGIN EXPANSION",
      "detail": "FCF margin: -54.5% -> -8.7% (+45.7%)",
      "severity": "MEDIUM"
    },
    {
      "quarter": "2025-09 (Q3)",
      "signal": "GROSS MARGIN INFLECTION",
      "detail": "GM: +35.8% -> -11.2% -> +30.2% (reversal +41.5%)",
      "severity": "HIGH"
    },
    {
      "quarter": "2025-09 (Q3)",
      "signal": "YoY REVENUE GROWTH ACCELERATION",
      "detail": "YoY growth: +12.0% vs prior quarter YoY: +0.3% (accel: +11.7%)",
      "severity": "MEDIUM"
    },
    {
      "quarter": "2025-06 (Q2)",
      "signal": "FCF MARGIN EXPANSION",
      "detail": "FCF margin: -129.5% -> -54.5% (+75.1%)",
      "severity": "MEDIUM"
    },
    {
      "quarter": "2025-06 (Q2)",
      "signal": "YoY REVENUE GROWTH ACCELERATION",
      "detail": "YoY growth: +0.3% vs prior quarter YoY: -19.1% (accel: +19.3%)",
      "severity": "HIGH"
    },
    {
      "quarter": "2025-03 (Q1)",
      "signal": "YoY REVENUE GROWTH ACCELERATION",
      "detail": "YoY growth: -19.1% vs prior quarter YoY: -24.9% (accel: +5.9%)",
      "severity": "MEDIUM"
    },
    {
      "quarter": "2024-12 (Q4)",
      "signal": "YoY REVENUE GROWTH ACCELERATION",
      "detail": "YoY growth: -24.9% vs prior quarter YoY: -36.1% (accel: +11.1%)",
      "severity": "MEDIUM"
    },
    {
      "quarter": "2024-09 (Q3)",
      "signal": "FCF MARGIN EXPANSION",
      "detail": "FCF margin: -44.5% -> -16.7% (+27.8%)",
      "severity": "MEDIUM"
    },
    {
      "quarter": "2024-09 (Q3)",
      "signal": "GROSS MARGIN INFLECTION",
      "detail": "GM: +27.6% -> +4.3% -> +42.9% (reversal +38.6%)",
      "severity": "HIGH"
    },
    {
      "quarter": "2024-03 (Q1)",
      "signal": "FCF MARGIN EXPANSION",
      "detail": "FCF margin: -68.3% -> -16.9% (+51.3%)",
      "severity": "MEDIUM"
    },
    {
      "quarter": "2024-03 (Q1)",
      "signal": "GROSS MARGIN INFLECTION",
      "detail": "GM: +19.3% -> +4.3% -> +27.6% (reversal +23.3%)",
      "severity": "HIGH"
    },
    {
      "quarter": "2023-12 (Q4)",
      "signal": "YoY REVENUE GROWTH DECELERATION",
      "detail": "YoY growth: -33.1% vs prior quarter YoY: -25.3% (decel: -7.8%)",
      "severity": "WARNING"
    },
    {
      "quarter": "2023-09 (Q3)",
      "signal": "YoY REVENUE GROWTH DECELERATION",
      "detail": "YoY growth: -25.3% vs prior quarter YoY: -11.5% (decel: -13.8%)",
      "severity": "WARNING"
    },
    {
      "quarter": "2023-06 (Q2)",
      "signal": "YoY REVENUE GROWTH ACCELERATION",
      "detail": "YoY growth: -11.5% vs prior quarter YoY: -25.2% (accel: +13.8%)",
      "severity": "MEDIUM"
    },
    {
      "quarter": "2023-03 (Q1)",
      "signal": "GROSS MARGIN INFLECTION",
      "detail": "GM: +7.0% -> -21.8% -> +20.1% (reversal +41.9%)",
      "severity": "HIGH"
    },
    {
      "quarter": "2022-12 (Q4)",
      "signal": "FCF MARGIN EXPANSION",
      "detail": "FCF margin: -81.2% -> -10.2% (+71.0%)",
      "severity": "MEDIUM"
    },
    {
      "quarter": "2022-12 (Q4)",
      "signal": "YoY REVENUE GROWTH DECELERATION",
      "detail": "YoY growth: -24.5% vs prior quarter YoY: +82.9% (decel: -107.3%)",
      "severity": "WARNING"
    },
    {
      "quarter": "2022-09 (Q3)",
      "signal": "YoY REVENUE GROWTH DECELERATION",
      "detail": "YoY growth: +82.9% vs prior quarter YoY: +275.0% (decel: -192.2%)",
      "severity": "WARNING"
    },
    {
      "quarter": "2022-06 (Q2)",
      "signal": "FCF MARGIN EXPANSION",
      "detail": "FCF margin: -76.1% -> -53.7% (+22.3%)",
      "severity": "MEDIUM"
    },
    {
      "quarter": "2022-06 (Q2)",
      "signal": "YoY REVENUE GROWTH DECELERATION",
      "detail": "YoY growth: +275.0% vs prior quarter YoY: +306.0% (decel: -31.0%)",
      "severity": "WARNING"
    },
    {
      "quarter": "2022-03 (Q1)",
      "signal": "YoY REVENUE GROWTH DECELERATION",
      "detail": "YoY growth: +306.0% vs prior quarter YoY: +324.2% (decel: -18.3%)",
      "severity": "WARNING"
    },
    {
      "quarter": "2021-12 (Q4)",
      "signal": "FCF MARGIN EXPANSION",
      "detail": "FCF margin: -133.7% -> -54.9% (+78.8%)",
      "severity": "MEDIUM"
    },
    {
      "quarter": "2021-12 (Q4)",
      "signal": "OPERATING LEVERAGE",
      "detail": "Rev growth +153.1% vs OpEx growth +57.4% (leverage: 2.7x)",
      "severity": "MEDIUM"
    },
    {
      "quarter": "2021-09 (Q3)",
      "signal": "FCF MARGIN EXPANSION",
      "detail": "FCF margin: -333.6% -> -133.7% (+199.9%)",
      "severity": "MEDIUM"
    },
    {
      "quarter": "2021-09 (Q3)",
      "signal": "OPERATING LEVERAGE",
      "detail": "Rev growth +86.1% vs OpEx growth +28.9% (leverage: 3.0x)",
      "severity": "MEDIUM"
    },
    {
      "quarter": "2021-06 (Q2)",
      "signal": "GROSS MARGIN INFLECTION",
      "detail": "GM: +42.7% -> +32.0% -> +50.6% (reversal +18.5%)",
      "severity": "HIGH"
    }
  ],
  "data_quality": {
    "n_quarters": 20,
    "coverage": {
      "revenue": [
        20,
        20
      ],
      "gross_profit": [
        20,
        20
      ],
      "op_income": [
        20,
        20
      ],
      "fcf": [
        20,
        20
      ]
    },
    "gaps": [],
    "warnings": []
  },
  "market_cap": null,
  "source": "SEC EDGAR",
  "last_updated": "2026-02-03T00:30:22.942026",
  "sector": "Communication Services",
  "industry": "Entertainment"
}