{
  "ticker": "KVUE",
  "name": "Kenvue Inc.",
  "sector": "Consumer Defensive",
  "industry": "Household & Personal Products",
  "quarters": [
    {
      "date": "2022-04-03T00:00:00",
      "quarter_label": "2022-04 (Q2)",
      "revenue": 3590000000,
      "gross_profit": 1956000000,
      "operating_income": 611000000,
      "net_income": 528000000,
      "opex": 1345000000,
      "cogs": 1634000000,
      "rd": 88000000,
      "sga": 1350000000,
      "fcf": 301000000,
      "ocf": 338000000,
      "capex": -37000000,
      "gross_margin": 0.5448467966573816,
      "op_margin": 0.1701949860724234,
      "fcf_margin": 0.08384401114206128
    },
    {
      "date": "2022-07-03T00:00:00",
      "quarter_label": "2022-07 (Q3)",
      "revenue": 3804000000,
      "gross_profit": 2158000000,
      "operating_income": 770000000,
      "net_income": 604000000,
      "opex": 1388000000,
      "cogs": 1646000000,
      "rd": 94000000,
      "sga": 1375000000,
      "fcf": 731000000,
      "ocf": 807000000,
      "capex": -76000000,
      "gross_margin": 0.5672975814931651,
      "op_margin": 0.2024185068349106,
      "fcf_margin": 0.19216614090431125,
      "op_leverage_ratio": 1.8645462201204894,
      "fcf_margin_change": 0.10832212976224997
    },
    {
      "date": "2022-10-02T00:00:00",
      "quarter_label": "2022-10 (Q4)",
      "revenue": 3789000000,
      "gross_profit": 2125000000,
      "operating_income": 763000000,
      "net_income": 586000000,
      "opex": 1362000000,
      "cogs": 1664000000,
      "rd": 90000000,
      "sga": 1376000000,
      "fcf": 633000000,
      "ocf": 736000000,
      "capex": -103000000,
      "gross_margin": 0.5608339931380312,
      "op_margin": 0.20137239377144364,
      "fcf_margin": 0.16706254948535235,
      "fcf_margin_change": -0.025103591418958904
    },
    {
      "date": "2023-01-01T00:00:00",
      "quarter_label": "2023-01 (Q1)",
      "revenue": 3767000000,
      "gross_profit": 2046000000,
      "operating_income": 531000000,
      "net_income": 361000000,
      "opex": 1515000000,
      "cogs": 1721000000,
      "rd": 103000000,
      "sga": 1532000000,
      "fcf": 485000000,
      "ocf": 644000000,
      "capex": -159000000,
      "gross_margin": 0.5431377754181046,
      "op_margin": 0.1409609769046987,
      "fcf_margin": 0.12874966817095831,
      "fcf_margin_change": -0.03831288131439403
    },
    {
      "date": "2023-04-02T00:00:00",
      "quarter_label": "2023-04 (Q2)",
      "revenue": 3852000000,
      "gross_profit": 2125000000,
      "operating_income": 640000000,
      "net_income": 330000000,
      "opex": 1485000000,
      "cogs": 1727000000,
      "rd": 89000000,
      "sga": 1502000000,
      "fcf": 747000000,
      "ocf": 802000000,
      "capex": -55000000,
      "gross_margin": 0.5516614745586709,
      "op_margin": 0.16614745586708204,
      "fcf_margin": 0.1939252336448598,
      "incr_op_margin_yoy": 0.11068702290076336,
      "rev_growth_yoy": 0.07298050139275766,
      "op_leverage_ratio": null,
      "fcf_margin_change": 0.06517556547390149
    },
    {
      "date": "2023-07-02T00:00:00",
      "quarter_label": "2023-07 (Q3)",
      "revenue": 4011000000,
      "gross_profit": 2225000000,
      "operating_income": 702000000,
      "net_income": 430000000,
      "opex": 1523000000,
      "cogs": 1786000000,
      "rd": 99000000,
      "sga": 1522000000,
      "fcf": 665000000,
      "ocf": 742000000,
      "capex": -77000000,
      "gross_margin": 0.5547245076040888,
      "op_margin": 0.175018698578908,
      "fcf_margin": 0.16579406631762653,
      "incr_op_margin_yoy": -0.3285024154589372,
      "rev_growth_yoy": 0.05441640378548896,
      "rev_growth_yoy_accel": -0.018564097607268702,
      "op_leverage_ratio": 1.6130718150516477,
      "fcf_margin_change": -0.02813116732723328
    },
    {
      "date": "2023-10-01T00:00:00",
      "quarter_label": "2023-10 (Q4)",
      "revenue": 3915000000,
      "gross_profit": 2250000000,
      "operating_income": 710000000,
      "net_income": 438000000,
      "opex": 1540000000,
      "cogs": 1665000000,
      "rd": 78000000,
      "sga": 1531000000,
      "fcf": 560000000,
      "ocf": 674000000,
      "capex": -114000000,
      "gross_margin": 0.5747126436781609,
      "op_margin": 0.18135376756066413,
      "fcf_margin": 0.14303959131545338,
      "incr_op_margin_yoy": -0.42063492063492064,
      "rev_growth_yoy": 0.0332541567695962,
      "rev_growth_yoy_accel": -0.02116224701589276,
      "fcf_margin_change": -0.022754475002173147
    },
    {
      "date": "2023-12-31T00:00:00",
      "quarter_label": "2023-12 (Q4)",
      "revenue": 3666000000,
      "gross_profit": 2043000000,
      "operating_income": 460000000,
      "net_income": 327000000,
      "opex": 1583000000,
      "cogs": 1623000000,
      "rd": 133000000,
      "sga": 1586000000,
      "fcf": 727000000,
      "ocf": 950000000,
      "capex": -223000000,
      "gross_margin": 0.5572831423895254,
      "op_margin": 0.1254773595199127,
      "fcf_margin": 0.1983087834151664,
      "incr_op_margin_yoy": 0.7029702970297029,
      "rev_growth_yoy": -0.02681178656756039,
      "rev_growth_yoy_accel": -0.06006594333715659,
      "fcf_margin_change": 0.05526919209971301
    },
    {
      "date": "2024-03-31T00:00:00",
      "quarter_label": "2024-03 (Q1)",
      "revenue": 3894000000,
      "gross_profit": 2242000000,
      "operating_income": 550000000,
      "net_income": 296000000,
      "opex": 1692000000,
      "cogs": 1652000000,
      "rd": 100000000,
      "sga": 1573000000,
      "fcf": 134000000,
      "ocf": 287000000,
      "capex": -153000000,
      "gross_margin": 0.5757575757575758,
      "op_margin": 0.14124293785310735,
      "fcf_margin": 0.034411915767847974,
      "incr_op_margin_yoy": -2.142857142857143,
      "rev_growth_yoy": 0.010903426791277258,
      "rev_growth_yoy_accel": 0.03771521335883765,
      "op_leverage_ratio": 0.9032267751768045,
      "fcf_margin_change": -0.16389686764731842
    },
    {
      "date": "2024-06-30T00:00:00",
      "quarter_label": "2024-06 (Q2)",
      "revenue": 4000000000,
      "gross_profit": 2365000000,
      "operating_income": 154000000,
      "net_income": 58000000,
      "opex": 2211000000,
      "cogs": 1635000000,
      "rd": 105000000,
      "sga": 1641000000,
      "fcf": 350000000,
      "ocf": 440000000,
      "capex": -90000000,
      "gross_margin": 0.59125,
      "op_margin": 0.0385,
      "fcf_margin": 0.0875,
      "incr_op_margin_yoy": 49.81818181818182,
      "rev_growth_yoy": -0.002742458239840439,
      "rev_growth_yoy_accel": -0.013645885031117697,
      "op_leverage_ratio": 0.08874480080515154,
      "fcf_margin_change": 0.05308808423215202
    },
    {
      "date": "2024-09-29T00:00:00",
      "quarter_label": "2024-09 (Q3)",
      "revenue": 3899000000,
      "gross_profit": 2282000000,
      "operating_income": 654000000,
      "net_income": 383000000,
      "opex": 1628000000,
      "cogs": 1617000000,
      "rd": 97000000,
      "sga": 1590000000,
      "fcf": 190000000,
      "ocf": 249000000,
      "capex": -59000000,
      "gross_margin": 0.585278276481149,
      "op_margin": 0.16773531674788408,
      "fcf_margin": 0.048730443703513725,
      "incr_op_margin_yoy": 3.5,
      "rev_growth_yoy": -0.004086845466155811,
      "rev_growth_yoy_accel": -0.0013443872263153725,
      "fcf_margin_change": -0.03876955629648627
    },
    {
      "date": "2024-12-29T00:00:00",
      "quarter_label": "2024-12 (Q4)",
      "revenue": 3662000000,
      "gross_profit": 2070000000,
      "operating_income": 483000000,
      "net_income": 293000000,
      "opex": 1587000000,
      "cogs": 1592000000,
      "rd": 106000000,
      "sga": 1525000000,
      "fcf": 661000000,
      "ocf": 793000000,
      "capex": -132000000,
      "gross_margin": 0.5652648825778264,
      "op_margin": 0.1318951392681595,
      "fcf_margin": 0.1805024576734025,
      "incr_op_margin_yoy": -5.75,
      "rev_growth_yoy": -0.0010911074740861974,
      "rev_growth_yoy_accel": 0.002995737992069614,
      "fcf_margin_change": 0.13177201396988877
    },
    {
      "date": "2025-03-30T00:00:00",
      "quarter_label": "2025-03 (Q1)",
      "revenue": 3741000000,
      "gross_profit": 2168000000,
      "operating_income": 558000000,
      "net_income": 322000000,
      "opex": 1610000000,
      "cogs": 1573000000,
      "rd": 99000000,
      "sga": 1537000000,
      "fcf": 249000000,
      "ocf": 428000000,
      "capex": -179000000,
      "gross_margin": 0.5795241913926757,
      "op_margin": 0.1491579791499599,
      "fcf_margin": 0.06655974338412189,
      "incr_op_margin_yoy": -0.05228758169934641,
      "rev_growth_yoy": -0.039291217257318954,
      "rev_growth_yoy_accel": -0.03820010978323276,
      "op_leverage_ratio": 1.4885308574549425,
      "fcf_margin_change": -0.11394271428928061
    },
    {
      "date": "2025-06-29T00:00:00",
      "quarter_label": "2025-06 (Q2)",
      "revenue": 3839000000,
      "gross_profit": 2261000000,
      "operating_income": 692000000,
      "net_income": 420000000,
      "opex": 1569000000,
      "cogs": 1578000000,
      "rd": 91000000,
      "sga": 1504000000,
      "fcf": 533000000,
      "ocf": 621000000,
      "capex": -88000000,
      "gross_margin": 0.5889554571502995,
      "op_margin": 0.18025527481114872,
      "fcf_margin": 0.13883823912477208,
      "incr_op_margin_yoy": -3.341614906832298,
      "rev_growth_yoy": -0.04025,
      "rev_growth_yoy_accel": -0.0009587827426810469,
      "op_leverage_ratio": null,
      "fcf_margin_change": 0.07227849574065019
    },
    {
      "date": "2025-09-28T00:00:00",
      "quarter_label": "2025-09 (Q3)",
      "revenue": 3764000000,
      "gross_profit": 2226000000,
      "operating_income": 629000000,
      "net_income": 398000000,
      "opex": 1597000000,
      "cogs": 1538000000,
      "rd": 94000000,
      "sga": 1512000000,
      "fcf": 196000000,
      "ocf": 294000000,
      "capex": -98000000,
      "gross_margin": 0.5913921360255048,
      "op_margin": 0.16710945802337937,
      "fcf_margin": 0.052072263549415514,
      "incr_op_margin_yoy": 0.18518518518518517,
      "rev_growth_yoy": -0.03462426263144396,
      "rev_growth_yoy_accel": 0.0056257373685560386,
      "fcf_margin_change": -0.08676597557535656
    },
    {
      "date": "2025-12-28T00:00:00",
      "quarter_label": "2025-12 (Q4)",
      "revenue": 3780000000,
      "gross_profit": 2137000000,
      "operating_income": 535000000,
      "net_income": 330000000,
      "opex": 1602000000,
      "cogs": 1643000000,
      "rd": 98000000,
      "sga": 1535000000,
      "fcf": 744000000,
      "ocf": 854000000,
      "capex": -110000000,
      "gross_margin": 0.5653439153439154,
      "op_margin": 0.14153439153439154,
      "fcf_margin": 0.19682539682539682,
      "incr_op_margin_yoy": 0.4406779661016949,
      "rev_growth_yoy": 0.03222282905516111,
      "rev_growth_yoy_accel": 0.06684709168660508,
      "fcf_margin_change": 0.1447531332759813
    }
  ],
  "signals": [
    {
      "quarter": "2025-12 (Q4)",
      "signal": "FCF MARGIN EXPANSION",
      "detail": "FCF margin: +5.2% -> +19.7% (+14.5%)",
      "severity": "MEDIUM"
    },
    {
      "quarter": "2025-12 (Q4)",
      "signal": "YoY REVENUE GROWTH ACCELERATION",
      "detail": "YoY growth: +3.2% vs prior quarter YoY: -3.5% (accel: +6.7%)",
      "severity": "MEDIUM"
    },
    {
      "quarter": "2025-12 (Q4)",
      "signal": "INCREMENTAL MARGIN (YoY)",
      "detail": "YoY Incr OPM: +44.1% vs year-ago OPM: +13.2%",
      "severity": "HIGH"
    },
    {
      "quarter": "2025-06 (Q2)",
      "signal": "FCF MARGIN EXPANSION",
      "detail": "FCF margin: +6.7% -> +13.9% (+7.2%)",
      "severity": "MEDIUM"
    },
    {
      "quarter": "2024-12 (Q4)",
      "signal": "FCF MARGIN EXPANSION",
      "detail": "FCF margin: +4.9% -> +18.1% (+13.2%)",
      "severity": "MEDIUM"
    },
    {
      "quarter": "2024-09 (Q3)",
      "signal": "INCREMENTAL MARGIN (YoY)",
      "detail": "YoY Incr OPM: +350.0% vs year-ago OPM: +18.1%",
      "severity": "HIGH"
    },
    {
      "quarter": "2024-06 (Q2)",
      "signal": "FCF MARGIN EXPANSION",
      "detail": "FCF margin: +3.4% -> +8.8% (+5.3%)",
      "severity": "MEDIUM"
    },
    {
      "quarter": "2024-06 (Q2)",
      "signal": "INCREMENTAL MARGIN (YoY)",
      "detail": "YoY Incr OPM: +4981.8% vs year-ago OPM: +17.5%",
      "severity": "HIGH"
    },
    {
      "quarter": "2023-12 (Q4)",
      "signal": "FCF MARGIN EXPANSION",
      "detail": "FCF margin: +14.3% -> +19.8% (+5.5%)",
      "severity": "MEDIUM"
    },
    {
      "quarter": "2023-12 (Q4)",
      "signal": "YoY REVENUE GROWTH DECELERATION",
      "detail": "YoY growth: -2.7% vs prior quarter YoY: +3.3% (decel: -6.0%)",
      "severity": "WARNING"
    },
    {
      "quarter": "2023-12 (Q4)",
      "signal": "INCREMENTAL MARGIN (YoY)",
      "detail": "YoY Incr OPM: +70.3% vs year-ago OPM: +14.1%",
      "severity": "HIGH"
    },
    {
      "quarter": "2023-07 (Q3)",
      "signal": "OPERATING LEVERAGE",
      "detail": "Rev growth +4.1% vs OpEx growth +2.6% (leverage: 1.6x)",
      "severity": "MEDIUM"
    },
    {
      "quarter": "2023-04 (Q2)",
      "signal": "FCF MARGIN EXPANSION",
      "detail": "FCF margin: +12.9% -> +19.4% (+6.5%)",
      "severity": "MEDIUM"
    },
    {
      "quarter": "2022-07 (Q3)",
      "signal": "FCF MARGIN EXPANSION",
      "detail": "FCF margin: +8.4% -> +19.2% (+10.8%)",
      "severity": "MEDIUM"
    },
    {
      "quarter": "2022-07 (Q3)",
      "signal": "OPERATING LEVERAGE",
      "detail": "Rev growth +6.0% vs OpEx growth +3.2% (leverage: 1.9x)",
      "severity": "MEDIUM"
    }
  ],
  "data_quality": {
    "n_quarters": 16,
    "coverage": {
      "revenue": [
        16,
        16
      ],
      "gross_profit": [
        16,
        16
      ],
      "op_income": [
        16,
        16
      ],
      "fcf": [
        16,
        16
      ]
    },
    "gaps": [],
    "warnings": []
  },
  "market_cap": null,
  "source": "SEC EDGAR",
  "last_updated": "2026-02-24T10:15:11.710591"
}