{
  "ticker": "KVYO",
  "name": "Klaviyo, Inc.",
  "quarters": [
    {
      "date": "2022-09-30T00:00:00",
      "quarter_label": "2022-09 (Q3)",
      "revenue": 119168000,
      "gross_profit": 86549000,
      "operating_income": -25663000,
      "net_income": -23873000,
      "opex": 112212000,
      "cogs": 32619000,
      "rd": 30090000,
      "sga": null,
      "fcf": null,
      "ocf": null,
      "capex": null,
      "gross_margin": 0.7262771885069818,
      "op_margin": -0.21535143662728248,
      "fcf_margin": null
    },
    {
      "date": "2022-12-31T00:00:00",
      "quarter_label": "2022-12 (Q4)",
      "revenue": 145235000,
      "gross_profit": 107904000,
      "operating_income": -4077000,
      "net_income": -755000,
      "opex": 111981000,
      "cogs": 37331000,
      "rd": 28712000,
      "sga": null,
      "fcf": 19485000,
      "ocf": 20914000,
      "capex": -1429000,
      "gross_margin": 0.7429614073742555,
      "op_margin": -0.02807174579130375,
      "fcf_margin": 0.134161875580955,
      "op_leverage_ratio": Infinity
    },
    {
      "date": "2023-03-31T00:00:00",
      "quarter_label": "2023-03 (Q1)",
      "revenue": 156088000,
      "gross_profit": 119514000,
      "operating_income": 878000,
      "net_income": 4278000,
      "opex": 118636000,
      "cogs": 36574000,
      "rd": 35032000,
      "sga": null,
      "fcf": 15227000,
      "ocf": 15552000,
      "capex": -325000,
      "gross_margin": 0.7656834606119625,
      "op_margin": 0.005625032033212034,
      "fcf_margin": 0.09755394392906566,
      "op_leverage_ratio": 1.2574038784832178,
      "fcf_margin_change": -0.03660793165188933
    },
    {
      "date": "2023-06-30T00:00:00",
      "quarter_label": "2023-06 (Q2)",
      "revenue": 164586000,
      "gross_profit": 127110000,
      "operating_income": 7032000,
      "net_income": 10887000,
      "opex": 120078000,
      "cogs": 37476000,
      "rd": 33055000,
      "sga": null,
      "fcf": 41030000,
      "ocf": 41474000,
      "capex": -444000,
      "gross_margin": 0.7723014108125843,
      "op_margin": 0.04272538368998578,
      "fcf_margin": 0.2492921633674796,
      "op_leverage_ratio": 4.47917928298351,
      "fcf_margin_change": 0.15173821943841395
    },
    {
      "date": "2023-09-30T00:00:00",
      "quarter_label": "2023-09 (Q3)",
      "revenue": 175807000,
      "gross_profit": 116982000,
      "operating_income": -302203000,
      "net_income": -297104000,
      "opex": 419185000,
      "cogs": 58825000,
      "rd": 141455000,
      "sga": null,
      "fcf": 23647000,
      "ocf": 23701000,
      "capex": -54000,
      "gross_margin": 0.6654001262748355,
      "op_margin": -1.7189474821821658,
      "fcf_margin": 0.13450545200134237,
      "incr_op_margin_yoy": -4.882501456593514,
      "rev_growth_yoy": 0.4752869897959184,
      "op_leverage_ratio": 0.027370046840571028,
      "fcf_margin_change": -0.11478671136613725
    },
    {
      "date": "2023-12-31T00:00:00",
      "quarter_label": "2023-12 (Q4)",
      "revenue": 201618000,
      "gross_profit": 156605000,
      "operating_income": -36330000,
      "net_income": -26295000,
      "opex": 192935000,
      "cogs": 45013000,
      "rd": 52635000,
      "sga": null,
      "fcf": 35814000,
      "ocf": 38644000,
      "capex": -2830000,
      "gross_margin": 0.7767411639833744,
      "op_margin": -0.18019224474005296,
      "fcf_margin": 0.17763294943903818,
      "incr_op_margin_yoy": -0.5720341237607081,
      "rev_growth_yoy": 0.3882190931937894,
      "rev_growth_yoy_accel": -0.08706789660212899,
      "op_leverage_ratio": Infinity,
      "fcf_margin_change": 0.04312749743769581
    },
    {
      "date": "2024-03-31T00:00:00",
      "quarter_label": "2024-03 (Q1)",
      "revenue": 209993000,
      "gross_profit": 165055000,
      "operating_income": -22092000,
      "net_income": -12882000,
      "opex": 187147000,
      "cogs": 44938000,
      "rd": 56097000,
      "sga": null,
      "fcf": 24923000,
      "ocf": 26182000,
      "capex": -1259000,
      "gross_margin": 0.7860023905558756,
      "op_margin": -0.10520350678355946,
      "fcf_margin": 0.11868490854457053,
      "incr_op_margin_yoy": -0.42612002597161674,
      "rev_growth_yoy": 0.34535005894111015,
      "rev_growth_yoy_accel": -0.04286903425267924,
      "op_leverage_ratio": Infinity,
      "fcf_margin_change": -0.058948040894467646
    },
    {
      "date": "2024-06-30T00:00:00",
      "quarter_label": "2024-06 (Q2)",
      "revenue": 222213000,
      "gross_profit": 171942000,
      "operating_income": -14053000,
      "net_income": -4942000,
      "opex": 185995000,
      "cogs": 50271000,
      "rd": 55735000,
      "sga": null,
      "fcf": 40131000,
      "ocf": 40900000,
      "capex": -769000,
      "gross_margin": 0.7737711115011273,
      "op_margin": -0.06324112450666702,
      "fcf_margin": 0.18059699477528318,
      "incr_op_margin_yoy": -0.36588751800371355,
      "rev_growth_yoy": 0.350133061135212,
      "rev_growth_yoy_accel": 0.004783002194101826,
      "op_leverage_ratio": Infinity,
      "fcf_margin_change": 0.06191208623071265
    },
    {
      "date": "2024-09-30T00:00:00",
      "quarter_label": "2024-09 (Q3)",
      "revenue": 235094000,
      "gross_profit": 180737000,
      "operating_income": -13278000,
      "net_income": -1345000,
      "opex": 194015000,
      "cogs": 54357000,
      "rd": 55769000,
      "sga": null,
      "fcf": 37237000,
      "ocf": 38784000,
      "capex": -1547000,
      "gross_margin": 0.7687861025802445,
      "op_margin": -0.05647953584523637,
      "fcf_margin": 0.15839196236399058,
      "incr_op_margin_yoy": 4.873328048307386,
      "rev_growth_yoy": 0.3372277554363592,
      "rev_growth_yoy_accel": -0.012905305698852787,
      "op_leverage_ratio": 1.3443334927701247,
      "fcf_margin_change": -0.022205032411292597
    },
    {
      "date": "2024-12-31T00:00:00",
      "quarter_label": "2024-12 (Q4)",
      "revenue": 270164000,
      "gross_profit": 198426000,
      "operating_income": -34654000,
      "net_income": -26973000,
      "opex": 233080000,
      "cogs": 71738000,
      "rd": 70858000,
      "sga": null,
      "fcf": 57743000,
      "ocf": 60089000,
      "capex": -2346000,
      "gross_margin": 0.7344649916347108,
      "op_margin": -0.12827023585673886,
      "fcf_margin": 0.2137331398705971,
      "incr_op_margin_yoy": 0.02445073381378928,
      "rev_growth_yoy": 0.3399795653165888,
      "rev_growth_yoy_accel": 0.0027518098802296054,
      "op_leverage_ratio": 0.7408694724070553,
      "fcf_margin_change": 0.055341177506606526
    },
    {
      "date": "2025-03-31T00:00:00",
      "quarter_label": "2025-03 (Q1)",
      "revenue": 279827000,
      "gross_profit": 212127000,
      "operating_income": -23750000,
      "net_income": -14089000,
      "opex": 235877000,
      "cogs": 67700000,
      "rd": 69349000,
      "sga": null,
      "fcf": 11677000,
      "ocf": 14362000,
      "capex": -2685000,
      "gross_margin": 0.7580648043255297,
      "op_margin": -0.08487386849732156,
      "fcf_margin": 0.04172935420813574,
      "incr_op_margin_yoy": -0.023742016782656014,
      "rev_growth_yoy": 0.33255394227426627,
      "rev_growth_yoy_accel": -0.007425623042322527,
      "op_leverage_ratio": 2.9805543451018512,
      "fcf_margin_change": -0.17200378566246138
    },
    {
      "date": "2025-06-30T00:00:00",
      "quarter_label": "2025-06 (Q2)",
      "revenue": 293117000,
      "gross_profit": 221881000,
      "operating_income": -31326000,
      "net_income": -24281000,
      "opex": 253207000,
      "cogs": 71236000,
      "rd": 72459000,
      "sga": null,
      "fcf": 53665000,
      "ocf": 55725000,
      "capex": -2060000,
      "gross_margin": 0.7569707659398807,
      "op_margin": -0.10687199991812144,
      "fcf_margin": 0.1830838880037664,
      "incr_op_margin_yoy": -0.24361107976982962,
      "rev_growth_yoy": 0.3190812418715377,
      "rev_growth_yoy_accel": -0.013472700402728577,
      "op_leverage_ratio": 0.6464313307452795,
      "fcf_margin_change": 0.14135453379563068
    },
    {
      "date": "2025-09-30T00:00:00",
      "quarter_label": "2025-09 (Q3)",
      "revenue": 310880000,
      "gross_profit": 234737000,
      "operating_income": -10836000,
      "net_income": -426000,
      "opex": 245573000,
      "cogs": 76143000,
      "rd": 72668000,
      "sga": null,
      "fcf": 52486000,
      "ocf": 54760000,
      "capex": -2274000,
      "gross_margin": 0.7550726968605249,
      "op_margin": -0.03485589294904787,
      "fcf_margin": 0.1688304168811117,
      "incr_op_margin_yoy": 0.03222231018921701,
      "rev_growth_yoy": 0.3223646711528155,
      "rev_growth_yoy_accel": 0.0032834292812777832,
      "op_leverage_ratio": Infinity,
      "fcf_margin_change": -0.01425347112265471
    }
  ],
  "signals": [
    {
      "quarter": "2025-06 (Q2)",
      "signal": "FCF MARGIN EXPANSION",
      "detail": "FCF margin: +4.2% -> +18.3% (+14.1%)",
      "severity": "MEDIUM"
    },
    {
      "quarter": "2025-03 (Q1)",
      "signal": "OPERATING LEVERAGE",
      "detail": "Rev growth +3.6% vs OpEx growth +1.2% (leverage: 3.0x)",
      "severity": "MEDIUM"
    },
    {
      "quarter": "2025-03 (Q1)",
      "signal": "GROSS MARGIN INFLECTION",
      "detail": "GM: +76.9% -> +73.4% -> +75.8% (reversal +2.4%)",
      "severity": "MEDIUM"
    },
    {
      "quarter": "2024-12 (Q4)",
      "signal": "FCF MARGIN EXPANSION",
      "detail": "FCF margin: +15.8% -> +21.4% (+5.5%)",
      "severity": "MEDIUM"
    },
    {
      "quarter": "2024-06 (Q2)",
      "signal": "FCF MARGIN EXPANSION",
      "detail": "FCF margin: +11.9% -> +18.1% (+6.2%)",
      "severity": "MEDIUM"
    },
    {
      "quarter": "2023-12 (Q4)",
      "signal": "GROSS MARGIN INFLECTION",
      "detail": "GM: +77.2% -> +66.5% -> +77.7% (reversal +11.1%)",
      "severity": "HIGH"
    },
    {
      "quarter": "2023-12 (Q4)",
      "signal": "YoY REVENUE GROWTH DECELERATION",
      "detail": "YoY growth: +38.8% vs prior quarter YoY: +47.5% (decel: -8.7%)",
      "severity": "WARNING"
    },
    {
      "quarter": "2023-06 (Q2)",
      "signal": "FCF MARGIN EXPANSION",
      "detail": "FCF margin: +9.8% -> +24.9% (+15.2%)",
      "severity": "MEDIUM"
    },
    {
      "quarter": "2023-06 (Q2)",
      "signal": "OPERATING LEVERAGE",
      "detail": "Rev growth +5.4% vs OpEx growth +1.2% (leverage: 4.5x)",
      "severity": "MEDIUM"
    },
    {
      "quarter": "2023-03 (Q1)",
      "signal": "OP MARGIN TURNED POSITIVE (QoQ)",
      "detail": "Op margin: -2.8% -> +0.6%",
      "severity": "HIGH"
    }
  ],
  "data_quality": {
    "n_quarters": 13,
    "coverage": {
      "revenue": [
        13,
        13
      ],
      "gross_profit": [
        13,
        13
      ],
      "op_income": [
        13,
        13
      ],
      "fcf": [
        12,
        13
      ]
    },
    "gaps": [],
    "warnings": []
  },
  "market_cap": null,
  "source": "SEC EDGAR",
  "last_updated": "2026-02-02T20:47:50.474433"
}