{
  "ticker": "KWR",
  "name": "QUAKER CHEMICAL CORPORATION",
  "quarters": [
    {
      "date": "2020-12-31T00:00:00",
      "quarter_label": "2020-12 (Q4)",
      "revenue": 385852000,
      "gross_profit": 142014000,
      "operating_income": 34707000,
      "net_income": 48470000,
      "opex": 107307000,
      "cogs": 243838000,
      "rd": null,
      "sga": 98347000,
      "fcf": 60624000,
      "ocf": 66341000,
      "capex": -5717000,
      "gross_margin": 0.3680530358790417,
      "op_margin": 0.08994899598809906,
      "fcf_margin": 0.15711723666068855
    },
    {
      "date": "2021-03-31T00:00:00",
      "quarter_label": "2021-03 (Q1)",
      "revenue": 429783000,
      "gross_profit": 156194000,
      "operating_income": 44894000,
      "net_income": 38615000,
      "opex": 111300000,
      "cogs": 273589000,
      "rd": null,
      "sga": 104310000,
      "fcf": -16552000,
      "ocf": -12618000,
      "capex": -3934000,
      "gross_margin": 0.3634252634469023,
      "op_margin": 0.10445736569385015,
      "fcf_margin": -0.03851245861283485,
      "op_leverage_ratio": 3.059701621950664,
      "fcf_margin_change": -0.19562969527352342
    },
    {
      "date": "2021-06-30T00:00:00",
      "quarter_label": "2021-06 (Q2)",
      "revenue": 435262000,
      "gross_profit": 154451000,
      "operating_income": 38816000,
      "net_income": 33570000,
      "opex": 115635000,
      "cogs": 280811000,
      "rd": null,
      "sga": 108679000,
      "fcf": 10000,
      "ocf": 3050000,
      "capex": -3040000,
      "gross_margin": 0.3548460467488547,
      "op_margin": 0.08917847181697461,
      "fcf_margin": 2.297466813091885e-05,
      "op_leverage_ratio": 0.327309137667583,
      "fcf_margin_change": 0.03853543328096577
    },
    {
      "date": "2021-09-30T00:00:00",
      "quarter_label": "2021-09 (Q3)",
      "revenue": 449072000,
      "gross_profit": 145131000,
      "operating_income": 36010000,
      "net_income": 31058000,
      "opex": 109121000,
      "cogs": 303941000,
      "rd": null,
      "sga": 104215000,
      "fcf": 6228000,
      "ocf": 12077000,
      "capex": -5849000,
      "gross_margin": 0.3231798019025902,
      "op_margin": 0.08018758684576192,
      "fcf_margin": 0.013868600135390315,
      "op_leverage_ratio": Infinity,
      "fcf_margin_change": 0.013845625467259396
    },
    {
      "date": "2021-12-31T00:00:00",
      "quarter_label": "2021-12 (Q4)",
      "revenue": 447041000,
      "gross_profit": 138864000,
      "operating_income": 30746000,
      "net_income": 18126000,
      "opex": 108118000,
      "cogs": 308177000,
      "rd": null,
      "sga": 101652000,
      "fcf": 37790000,
      "ocf": 46424000,
      "capex": -8634000,
      "gross_margin": 0.3106292264020526,
      "op_margin": 0.06877668938643211,
      "fcf_margin": 0.08453363338038346,
      "incr_op_margin_yoy": -0.06473385739266861,
      "rev_growth_yoy": 0.15858152866902336,
      "fcf_margin_change": 0.07066503324499314
    },
    {
      "date": "2022-03-31T00:00:00",
      "quarter_label": "2022-03 (Q1)",
      "revenue": 474171000,
      "gross_profit": 146071000,
      "operating_income": 29403000,
      "net_income": 19816000,
      "opex": 116668000,
      "cogs": 328100000,
      "rd": null,
      "sga": 111795000,
      "fcf": -15146000,
      "ocf": -6299000,
      "capex": -8847000,
      "gross_margin": 0.30805553270866415,
      "op_margin": 0.06200927513491968,
      "fcf_margin": -0.0319420630953812,
      "incr_op_margin_yoy": -0.3489907182121294,
      "rev_growth_yoy": 0.1032800273626458,
      "rev_growth_yoy_accel": -0.055301501306377565,
      "op_leverage_ratio": 0.7674221437700333,
      "fcf_margin_change": -0.11647569647576467
    },
    {
      "date": "2022-06-30T00:00:00",
      "quarter_label": "2022-06 (Q2)",
      "revenue": 492388000,
      "gross_profit": 149564000,
      "operating_income": 31903000,
      "net_income": 14343000,
      "opex": 117661000,
      "cogs": 342824000,
      "rd": null,
      "sga": 115830000,
      "fcf": -8415000,
      "ocf": -2124000,
      "capex": -6291000,
      "gross_margin": 0.3037523254019188,
      "op_margin": 0.06479239948983322,
      "fcf_margin": -0.017090180914238366,
      "incr_op_margin_yoy": -0.12101319889367364,
      "rev_growth_yoy": 0.13124508916468702,
      "rev_growth_yoy_accel": 0.027965061802041224,
      "op_leverage_ratio": 4.513821424190235,
      "fcf_margin_change": 0.014851882181142837
    },
    {
      "date": "2022-09-30T00:00:00",
      "quarter_label": "2022-09 (Q3)",
      "revenue": 492218000,
      "gross_profit": 160749000,
      "operating_income": 44609000,
      "net_income": 25867000,
      "opex": 116140000,
      "cogs": 331469000,
      "rd": null,
      "sga": 115456000,
      "fcf": -22962000,
      "ocf": -17870000,
      "capex": -5092000,
      "gross_margin": 0.3265809052086677,
      "op_margin": 0.09062854263761179,
      "fcf_margin": -0.046650061558090115,
      "incr_op_margin_yoy": 0.199300050989663,
      "rev_growth_yoy": 0.09607813446396124,
      "rev_growth_yoy_accel": -0.03516695470072578,
      "fcf_margin_change": -0.02955988064385175
    },
    {
      "date": "2022-12-31T00:00:00",
      "quarter_label": "2022-12 (Q4)",
      "revenue": 484808000,
      "gross_profit": 156270000,
      "operating_income": -53611000,
      "net_income": -75957000,
      "opex": 209881000,
      "cogs": 328538000,
      "rd": null,
      "sga": 112327000,
      "fcf": 59778000,
      "ocf": 68087000,
      "capex": -8309000,
      "gross_margin": 0.3223337898714543,
      "op_margin": -0.11058192109041105,
      "fcf_margin": 0.1233024207521328,
      "incr_op_margin_yoy": -2.233616649455874,
      "rev_growth_yoy": 0.08448218396075528,
      "rev_growth_yoy_accel": -0.011595950503205957,
      "fcf_margin_change": 0.16995248231022292
    },
    {
      "date": "2023-03-31T00:00:00",
      "quarter_label": "2023-03 (Q1)",
      "revenue": 500148000,
      "gross_profit": 173450000,
      "operating_income": 49929000,
      "net_income": 29534000,
      "opex": 123521000,
      "cogs": 326698000,
      "rd": null,
      "sga": 119549000,
      "fcf": 31621000,
      "ocf": 37782000,
      "capex": -6161000,
      "gross_margin": 0.34679734798499645,
      "op_margin": 0.09982845077856954,
      "fcf_margin": 0.06322328590737142,
      "incr_op_margin_yoy": 0.790160526619702,
      "rev_growth_yoy": 0.05478403360812871,
      "rev_growth_yoy_accel": -0.029698150352626573,
      "op_leverage_ratio": Infinity,
      "fcf_margin_change": -0.06007913484476138
    },
    {
      "date": "2023-06-30T00:00:00",
      "quarter_label": "2023-06 (Q2)",
      "revenue": 495444000,
      "gross_profit": 177691000,
      "operating_income": 56795000,
      "net_income": 29346000,
      "opex": 120896000,
      "cogs": 317753000,
      "rd": null,
      "sga": 119853000,
      "fcf": 67391000,
      "ocf": 78270000,
      "capex": -10879000,
      "gross_margin": 0.3586500189728809,
      "op_margin": 0.11463455001978023,
      "fcf_margin": 0.13602142724505695,
      "incr_op_margin_yoy": 8.145287958115183,
      "rev_growth_yoy": 0.00620648756671568,
      "rev_growth_yoy_accel": -0.04857754604141303,
      "fcf_margin_change": 0.07279814133768553
    },
    {
      "date": "2023-09-30T00:00:00",
      "quarter_label": "2023-09 (Q3)",
      "revenue": 490612000,
      "gross_profit": 183347000,
      "operating_income": 59518000,
      "net_income": 33670000,
      "opex": 123829000,
      "cogs": 307265000,
      "rd": null,
      "sga": 122810000,
      "fcf": 74654000,
      "ocf": 83408000,
      "capex": -8754000,
      "gross_margin": 0.3737107938656209,
      "op_margin": 0.12131378767743145,
      "fcf_margin": 0.1521650509975296,
      "incr_op_margin_yoy": -9.283312577833126,
      "rev_growth_yoy": -0.0032627819380843448,
      "rev_growth_yoy_accel": -0.009469269504800024,
      "fcf_margin_change": 0.016143623752472663
    },
    {
      "date": "2023-12-31T00:00:00",
      "quarter_label": "2023-12 (Q4)",
      "revenue": 467109000,
      "gross_profit": 171156000,
      "operating_income": 48253000,
      "net_income": 20198000,
      "opex": 122903000,
      "cogs": 295953000,
      "rd": null,
      "sga": 121349000,
      "fcf": 66554000,
      "ocf": 79560000,
      "capex": -13006000,
      "gross_margin": 0.366415547548859,
      "op_margin": 0.10330137077213242,
      "fcf_margin": 0.14248066297159764,
      "incr_op_margin_yoy": -5.755353409797164,
      "rev_growth_yoy": -0.036507235854193826,
      "rev_growth_yoy_accel": -0.03324445391610948,
      "fcf_margin_change": -0.009684388025931967
    },
    {
      "date": "2024-03-31T00:00:00",
      "quarter_label": "2024-03 (Q1)",
      "revenue": 469759000,
      "gross_profit": 181563000,
      "operating_income": 55526000,
      "net_income": 35227000,
      "opex": 126037000,
      "cogs": 288196000,
      "rd": null,
      "sga": 124180000,
      "fcf": 22771000,
      "ocf": 27231000,
      "capex": -4460000,
      "gross_margin": 0.38650244061316547,
      "op_margin": 0.11820103499879725,
      "fcf_margin": 0.04847379188051746,
      "incr_op_margin_yoy": -0.18417848563624997,
      "rev_growth_yoy": -0.06076001503554948,
      "rev_growth_yoy_accel": -0.024252779181355655,
      "fcf_margin_change": -0.09400687109108019
    },
    {
      "date": "2024-06-30T00:00:00",
      "quarter_label": "2024-06 (Q2)",
      "revenue": 463567000,
      "gross_profit": 175718000,
      "operating_income": 58449000,
      "net_income": 34885000,
      "opex": 117269000,
      "cogs": 287849000,
      "rd": null,
      "sga": 116949000,
      "fcf": 39639000,
      "ocf": 46303000,
      "capex": -6664000,
      "gross_margin": 0.3790563176412471,
      "op_margin": 0.12608533394309776,
      "fcf_margin": 0.08550867512139561,
      "incr_op_margin_yoy": -0.05188694042726731,
      "rev_growth_yoy": -0.06434026852681635,
      "rev_growth_yoy_accel": -0.003580253491266866,
      "fcf_margin_change": 0.03703488324087815
    },
    {
      "date": "2024-09-30T00:00:00",
      "quarter_label": "2024-09 (Q3)",
      "revenue": 462274000,
      "gross_profit": 172549000,
      "operating_income": 51718000,
      "net_income": 32346000,
      "opex": 120831000,
      "cogs": 289725000,
      "rd": null,
      "sga": 118221000,
      "fcf": 59767000,
      "ocf": 67980000,
      "capex": -8213000,
      "gross_margin": 0.3732613125548917,
      "op_margin": 0.11187737142906588,
      "fcf_margin": 0.12928912290113656,
      "incr_op_margin_yoy": 0.2752487825534618,
      "rev_growth_yoy": -0.05776051136132015,
      "rev_growth_yoy_accel": 0.006579757165496199,
      "fcf_margin_change": 0.04378044777974095
    },
    {
      "date": "2024-12-31T00:00:00",
      "quarter_label": "2024-12 (Q4)",
      "revenue": 444086000,
      "gross_profit": 156200000,
      "operating_income": 29013000,
      "net_income": 14186000,
      "opex": 127187000,
      "cogs": 287886000,
      "rd": null,
      "sga": 125444000,
      "fcf": 40607000,
      "ocf": 63064000,
      "capex": -22457000,
      "gross_margin": 0.3517336732074418,
      "op_margin": 0.06533194020977919,
      "fcf_margin": 0.0914394959534865,
      "incr_op_margin_yoy": 0.8356860530773574,
      "rev_growth_yoy": -0.049288281750084026,
      "rev_growth_yoy_accel": 0.008472229611236122,
      "fcf_margin_change": -0.03784962694765007
    },
    {
      "date": "2025-03-31T00:00:00",
      "quarter_label": "2025-03 (Q1)",
      "revenue": 442914000,
      "gross_profit": 161260000,
      "operating_income": 27624000,
      "net_income": 12922000,
      "opex": 133636000,
      "cogs": 281654000,
      "rd": null,
      "sga": 119046000,
      "fcf": -15379000,
      "ocf": -3050000,
      "capex": -12329000,
      "gross_margin": 0.3640887395747256,
      "op_margin": 0.0623687668486433,
      "fcf_margin": -0.034722316296165845,
      "incr_op_margin_yoy": 1.039374185136897,
      "rev_growth_yoy": -0.057146323966118795,
      "rev_growth_yoy_accel": -0.007858042216034769,
      "fcf_margin_change": -0.12616181224965234
    },
    {
      "date": "2025-06-30T00:00:00",
      "quarter_label": "2025-06 (Q2)",
      "revenue": 483400000,
      "gross_profit": 171723000,
      "operating_income": -52510000,
      "net_income": -66580000,
      "opex": 224233000,
      "cogs": 311677000,
      "rd": null,
      "sga": 126600000,
      "fcf": 33612000,
      "ocf": 41572000,
      "capex": -7960000,
      "gross_margin": 0.3552399669011171,
      "op_margin": -0.10862639635912288,
      "fcf_margin": 0.06953247827885808,
      "incr_op_margin_yoy": -5.5946654565622955,
      "rev_growth_yoy": 0.042783459564636826,
      "rev_growth_yoy_accel": 0.09992978353075563,
      "op_leverage_ratio": 0.13483266350749104,
      "fcf_margin_change": 0.10425479457502393
    },
    {
      "date": "2025-09-30T00:00:00",
      "quarter_label": "2025-09 (Q3)",
      "revenue": 493842000,
      "gross_profit": 180865000,
      "operating_income": 46641000,
      "net_income": 30469000,
      "opex": 134224000,
      "cogs": 312977000,
      "rd": null,
      "sga": 126479000,
      "fcf": 38046000,
      "ocf": 51387000,
      "capex": -13341000,
      "gross_margin": 0.36624061946938496,
      "op_margin": 0.094445186922133,
      "fcf_margin": 0.07704083492291057,
      "incr_op_margin_yoy": -0.1608274201723264,
      "rev_growth_yoy": 0.0682885042204407,
      "rev_growth_yoy_accel": 0.025505044655803867,
      "op_leverage_ratio": Infinity,
      "fcf_margin_change": 0.007508356644052486
    }
  ],
  "signals": [
    {
      "quarter": "2025-09 (Q3)",
      "signal": "OP MARGIN TURNED POSITIVE (QoQ)",
      "detail": "Op margin: -10.9% -> +9.4%",
      "severity": "HIGH"
    },
    {
      "quarter": "2025-06 (Q2)",
      "signal": "FCF TURNED POSITIVE",
      "detail": "FCF margin: -3.5% -> +7.0%",
      "severity": "HIGH"
    },
    {
      "quarter": "2025-06 (Q2)",
      "signal": "YoY REVENUE GROWTH ACCELERATION",
      "detail": "YoY growth: +4.3% vs prior quarter YoY: -5.7% (accel: +10.0%)",
      "severity": "MEDIUM"
    },
    {
      "quarter": "2025-03 (Q1)",
      "signal": "INCREMENTAL MARGIN (YoY)",
      "detail": "YoY Incr OPM: +103.9% vs year-ago OPM: +11.8%",
      "severity": "HIGH"
    },
    {
      "quarter": "2024-12 (Q4)",
      "signal": "INCREMENTAL MARGIN (YoY)",
      "detail": "YoY Incr OPM: +83.6% vs year-ago OPM: +10.3%",
      "severity": "HIGH"
    },
    {
      "quarter": "2024-09 (Q3)",
      "signal": "INCREMENTAL MARGIN (YoY)",
      "detail": "YoY Incr OPM: +27.5% vs year-ago OPM: +12.1%",
      "severity": "MEDIUM"
    },
    {
      "quarter": "2024-03 (Q1)",
      "signal": "GROSS MARGIN INFLECTION",
      "detail": "GM: +37.4% -> +36.6% -> +38.7% (reversal +2.0%)",
      "severity": "MEDIUM"
    },
    {
      "quarter": "2023-12 (Q4)",
      "signal": "OP MARGIN TURNED POSITIVE (YoY)",
      "detail": "Op margin: -11.1% (year-ago) -> +10.3%",
      "severity": "HIGH"
    },
    {
      "quarter": "2023-06 (Q2)",
      "signal": "FCF MARGIN EXPANSION",
      "detail": "FCF margin: +6.3% -> +13.6% (+7.3%)",
      "severity": "MEDIUM"
    },
    {
      "quarter": "2023-06 (Q2)",
      "signal": "INCREMENTAL MARGIN (YoY)",
      "detail": "YoY Incr OPM: +814.5% vs year-ago OPM: +6.5%",
      "severity": "HIGH"
    },
    {
      "quarter": "2023-03 (Q1)",
      "signal": "GROSS MARGIN INFLECTION",
      "detail": "GM: +32.7% -> +32.2% -> +34.7% (reversal +2.4%)",
      "severity": "MEDIUM"
    },
    {
      "quarter": "2023-03 (Q1)",
      "signal": "INCREMENTAL MARGIN (YoY)",
      "detail": "YoY Incr OPM: +79.0% vs year-ago OPM: +6.2%",
      "severity": "HIGH"
    },
    {
      "quarter": "2023-03 (Q1)",
      "signal": "OP MARGIN TURNED POSITIVE (QoQ)",
      "detail": "Op margin: -11.1% -> +10.0%",
      "severity": "HIGH"
    },
    {
      "quarter": "2022-12 (Q4)",
      "signal": "FCF TURNED POSITIVE",
      "detail": "FCF margin: -4.7% -> +12.3%",
      "severity": "HIGH"
    },
    {
      "quarter": "2022-09 (Q3)",
      "signal": "GROSS MARGIN INFLECTION",
      "detail": "GM: +30.8% -> +30.4% -> +32.7% (reversal +2.3%)",
      "severity": "MEDIUM"
    },
    {
      "quarter": "2022-09 (Q3)",
      "signal": "INCREMENTAL MARGIN (YoY)",
      "detail": "YoY Incr OPM: +19.9% vs year-ago OPM: +8.0%",
      "severity": "MEDIUM"
    },
    {
      "quarter": "2022-06 (Q2)",
      "signal": "OPERATING LEVERAGE",
      "detail": "Rev growth +3.8% vs OpEx growth +0.9% (leverage: 4.5x)",
      "severity": "MEDIUM"
    },
    {
      "quarter": "2022-03 (Q1)",
      "signal": "YoY REVENUE GROWTH DECELERATION",
      "detail": "YoY growth: +10.3% vs prior quarter YoY: +15.9% (decel: -5.5%)",
      "severity": "WARNING"
    },
    {
      "quarter": "2021-12 (Q4)",
      "signal": "FCF MARGIN EXPANSION",
      "detail": "FCF margin: +1.4% -> +8.5% (+7.1%)",
      "severity": "MEDIUM"
    },
    {
      "quarter": "2021-06 (Q2)",
      "signal": "FCF TURNED POSITIVE",
      "detail": "FCF margin: -3.9% -> +0.0%",
      "severity": "HIGH"
    },
    {
      "quarter": "2021-03 (Q1)",
      "signal": "OPERATING LEVERAGE",
      "detail": "Rev growth +11.4% vs OpEx growth +3.7% (leverage: 3.1x)",
      "severity": "MEDIUM"
    }
  ],
  "data_quality": {
    "n_quarters": 20,
    "coverage": {
      "revenue": [
        20,
        20
      ],
      "gross_profit": [
        20,
        20
      ],
      "op_income": [
        20,
        20
      ],
      "fcf": [
        20,
        20
      ]
    },
    "gaps": [],
    "warnings": []
  },
  "market_cap": null,
  "source": "SEC EDGAR",
  "last_updated": "2026-02-02T21:28:02.065024"
}