{
  "ticker": "KYMR",
  "name": "KYMERA THERAPEUTICS, INC.",
  "quarters": [
    {
      "date": "2020-12-31T00:00:00",
      "quarter_label": "2020-12 (Q4)",
      "revenue": 12785000,
      "gross_profit": null,
      "operating_income": -12782000,
      "net_income": -12685000,
      "opex": 25567000,
      "cogs": null,
      "rd": 20392000,
      "sga": null,
      "fcf": -21505000,
      "ocf": -20068000,
      "capex": -1437000,
      "gross_margin": null,
      "op_margin": -0.9997653500195541,
      "fcf_margin": -1.6820492764958936
    },
    {
      "date": "2021-03-31T00:00:00",
      "quarter_label": "2021-03 (Q1)",
      "revenue": 18702000,
      "gross_profit": null,
      "operating_income": -13169000,
      "net_income": -13075000,
      "opex": 31871000,
      "cogs": null,
      "rd": 25962000,
      "sga": null,
      "fcf": -22987000,
      "ocf": -22823000,
      "capex": -164000,
      "gross_margin": null,
      "op_margin": -0.7041492888461127,
      "fcf_margin": -1.2291198802267138,
      "op_leverage_ratio": 1.8770005672693055,
      "fcf_margin_change": 0.45292939626917983
    },
    {
      "date": "2021-06-30T00:00:00",
      "quarter_label": "2021-06 (Q2)",
      "revenue": 18519000,
      "gross_profit": null,
      "operating_income": -24730000,
      "net_income": -24660000,
      "opex": 43249000,
      "cogs": null,
      "rd": 35220000,
      "sga": null,
      "fcf": -31137000,
      "ocf": -30511000,
      "capex": -626000,
      "gross_margin": null,
      "op_margin": -1.3353852799827204,
      "fcf_margin": -1.6813542847885954,
      "fcf_margin_change": -0.4522344045618816
    },
    {
      "date": "2021-09-30T00:00:00",
      "quarter_label": "2021-09 (Q3)",
      "revenue": 20336000,
      "gross_profit": null,
      "operating_income": -28637000,
      "net_income": -28582000,
      "opex": 48973000,
      "cogs": null,
      "rd": 38306000,
      "sga": null,
      "fcf": -37566000,
      "ocf": -37260000,
      "capex": -306000,
      "gross_margin": null,
      "op_margin": -1.4081923682140047,
      "fcf_margin": -1.8472659323367426,
      "op_leverage_ratio": 0.7413338668288963,
      "fcf_margin_change": -0.16591164754814725
    },
    {
      "date": "2021-12-31T00:00:00",
      "quarter_label": "2021-12 (Q4)",
      "revenue": 15275000,
      "gross_profit": null,
      "operating_income": -33994000,
      "net_income": -33900000,
      "opex": 49269000,
      "cogs": null,
      "rd": 37529000,
      "sga": null,
      "fcf": -38853000,
      "ocf": -38352000,
      "capex": -501000,
      "gross_margin": null,
      "op_margin": -2.225466448445172,
      "fcf_margin": -2.543567921440262,
      "incr_op_margin_yoy": -8.518875502008033,
      "rev_growth_yoy": 0.194759483770043,
      "fcf_margin_change": -0.6963019891035191
    },
    {
      "date": "2022-03-31T00:00:00",
      "quarter_label": "2022-03 (Q1)",
      "revenue": 9622000,
      "gross_profit": null,
      "operating_income": -36933000,
      "net_income": -36684000,
      "opex": 46555000,
      "cogs": null,
      "rd": 35944000,
      "sga": null,
      "fcf": -40777000,
      "ocf": -40295000,
      "capex": -482000,
      "gross_margin": null,
      "op_margin": -3.838391186863438,
      "fcf_margin": -4.237892330076907,
      "incr_op_margin_yoy": 2.617180616740088,
      "rev_growth_yoy": -0.48550957116885896,
      "rev_growth_yoy_accel": -0.680269054938902,
      "fcf_margin_change": -1.694324408636645
    },
    {
      "date": "2022-06-30T00:00:00",
      "quarter_label": "2022-06 (Q2)",
      "revenue": 11514000,
      "gross_profit": null,
      "operating_income": -40810000,
      "net_income": -40257000,
      "opex": 52324000,
      "cogs": null,
      "rd": 41293000,
      "sga": null,
      "fcf": -39720000,
      "ocf": -38985000,
      "capex": -735000,
      "gross_margin": null,
      "op_margin": -3.54438075386486,
      "fcf_margin": -3.4497133923918706,
      "incr_op_margin_yoy": 2.2955032119914347,
      "rev_growth_yoy": -0.3782601652357039,
      "rev_growth_yoy_accel": 0.10724940593315507,
      "op_leverage_ratio": 1.5867977336705883,
      "fcf_margin_change": 0.7881789376850361
    },
    {
      "date": "2022-09-30T00:00:00",
      "quarter_label": "2022-09 (Q3)",
      "revenue": 9551000,
      "gross_profit": null,
      "operating_income": -44882000,
      "net_income": -43002000,
      "opex": 54433000,
      "cogs": null,
      "rd": 43877000,
      "sga": null,
      "fcf": -35515000,
      "ocf": -34269000,
      "capex": -1246000,
      "gross_margin": null,
      "op_margin": -4.699193801696158,
      "fcf_margin": -3.7184588001256413,
      "incr_op_margin_yoy": 1.506258692628651,
      "rev_growth_yoy": -0.5303402832415421,
      "rev_growth_yoy_accel": -0.15208011800583826,
      "fcf_margin_change": -0.26874540773377076
    },
    {
      "date": "2022-12-31T00:00:00",
      "quarter_label": "2022-12 (Q4)",
      "revenue": 16139000,
      "gross_profit": null,
      "operating_income": -38630000,
      "net_income": -34865000,
      "opex": 54769000,
      "cogs": null,
      "rd": 43133000,
      "sga": null,
      "fcf": -39909000,
      "ocf": -39536000,
      "capex": -373000,
      "gross_margin": null,
      "op_margin": -2.393580767085941,
      "fcf_margin": -2.4728297911890453,
      "rev_growth_yoy": 0.056563011456628474,
      "rev_growth_yoy_accel": 0.5869032946981706,
      "op_leverage_ratio": 111.74490704039965,
      "fcf_margin_change": 1.245629008936596
    },
    {
      "date": "2023-03-31T00:00:00",
      "quarter_label": "2023-03 (Q1)",
      "revenue": 9466000,
      "gross_profit": null,
      "operating_income": -45326000,
      "net_income": -40928000,
      "opex": 54792000,
      "cogs": null,
      "rd": 42227000,
      "sga": null,
      "fcf": -47977000,
      "ocf": -43968000,
      "capex": -4009000,
      "gross_margin": null,
      "op_margin": -4.788294950348616,
      "fcf_margin": -5.0683498837946335,
      "rev_growth_yoy": -0.01621284556225317,
      "rev_growth_yoy_accel": -0.07277585701888165,
      "fcf_margin_change": -2.595520092605588
    },
    {
      "date": "2023-06-30T00:00:00",
      "quarter_label": "2023-06 (Q2)",
      "revenue": 16513000,
      "gross_profit": null,
      "operating_income": -43383000,
      "net_income": -38799000,
      "opex": 59896000,
      "cogs": null,
      "rd": 45767000,
      "sga": null,
      "fcf": -46024000,
      "ocf": -35256000,
      "capex": -10768000,
      "gross_margin": null,
      "op_margin": -2.6272028099073457,
      "fcf_margin": -2.78713740689154,
      "incr_op_margin_yoy": -0.5147029405881176,
      "rev_growth_yoy": 0.4341671009206184,
      "rev_growth_yoy_accel": 0.45037994648287155,
      "op_leverage_ratio": 7.9917935962199635,
      "fcf_margin_change": 2.2812124769030935
    },
    {
      "date": "2023-09-30T00:00:00",
      "quarter_label": "2023-09 (Q3)",
      "revenue": 4728000,
      "gross_profit": null,
      "operating_income": -57509000,
      "net_income": -52867000,
      "opex": 62237000,
      "cogs": null,
      "rd": 48117000,
      "sga": null,
      "fcf": -39725000,
      "ocf": -31647000,
      "capex": -8078000,
      "gross_margin": null,
      "op_margin": -12.16349407783418,
      "fcf_margin": -8.402072758037225,
      "incr_op_margin_yoy": 2.618080033174373,
      "rev_growth_yoy": -0.5049733012250026,
      "rev_growth_yoy_accel": -0.939140402145621,
      "fcf_margin_change": -5.614935351145684
    },
    {
      "date": "2023-12-31T00:00:00",
      "quarter_label": "2023-12 (Q4)",
      "revenue": 47885000,
      "gross_profit": null,
      "operating_income": -19312000,
      "net_income": -14368000,
      "opex": 67197000,
      "cogs": null,
      "rd": 52970000,
      "sga": null,
      "fcf": -3580000,
      "ocf": 8045000,
      "capex": -11625000,
      "gross_margin": null,
      "op_margin": -0.4032995718909888,
      "fcf_margin": -0.0747624517072152,
      "incr_op_margin_yoy": 0.6085176085176085,
      "rev_growth_yoy": 1.967036371522399,
      "rev_growth_yoy_accel": 2.4720096727474017,
      "op_leverage_ratio": 114.5356681284455,
      "fcf_margin_change": 8.32731030633001
    },
    {
      "date": "2024-03-31T00:00:00",
      "quarter_label": "2024-03 (Q1)",
      "revenue": 10287000,
      "gross_profit": 0,
      "operating_income": -57831000,
      "net_income": -48557000,
      "opex": 68118000,
      "cogs": 10287000,
      "rd": 48819000,
      "sga": null,
      "fcf": -46993000,
      "ocf": -39591000,
      "capex": -7402000,
      "gross_margin": 0.0,
      "op_margin": -5.621755613881598,
      "fcf_margin": -4.568192864780792,
      "rev_growth_yoy": 0.08673145996196915,
      "rev_growth_yoy_accel": -1.88030491156043,
      "fcf_margin_change": -4.493430413073576
    },
    {
      "date": "2024-06-30T00:00:00",
      "quarter_label": "2024-06 (Q2)",
      "revenue": 25650000,
      "gross_profit": 0,
      "operating_income": -50925000,
      "net_income": -42062000,
      "opex": 76575000,
      "cogs": 25650000,
      "rd": 59202000,
      "sga": null,
      "fcf": -47625000,
      "ocf": -42936000,
      "capex": -4689000,
      "gross_margin": 0.0,
      "op_margin": -1.9853801169590644,
      "fcf_margin": -1.8567251461988303,
      "incr_op_margin_yoy": -0.8254350443252709,
      "rev_growth_yoy": 0.5533216253860594,
      "rev_growth_yoy_accel": 0.46659016542409026,
      "op_leverage_ratio": 12.029092053454297,
      "fcf_margin_change": 2.7114677185819613
    },
    {
      "date": "2024-09-30T00:00:00",
      "quarter_label": "2024-09 (Q3)",
      "revenue": 3741000,
      "gross_profit": 0,
      "operating_income": -72124000,
      "net_income": -62487000,
      "opex": 75865000,
      "cogs": 3741000,
      "rd": 60410000,
      "sga": null,
      "fcf": -50001000,
      "ocf": -50190000,
      "capex": 189000,
      "gross_margin": 0.0,
      "op_margin": -19.279337075648222,
      "fcf_margin": -13.365677626303128,
      "rev_growth_yoy": -0.20875634517766498,
      "rev_growth_yoy_accel": -0.7620779705637244,
      "fcf_margin_change": -11.508952480104298
    },
    {
      "date": "2024-12-31T00:00:00",
      "quarter_label": "2024-12 (Q4)",
      "revenue": 7394000,
      "gross_profit": 0,
      "operating_income": -80755000,
      "net_income": -70752000,
      "opex": 88149000,
      "cogs": 7394000,
      "rd": 71817000,
      "sga": null,
      "fcf": -62720000,
      "ocf": -61784000,
      "capex": -936000,
      "gross_margin": 0.0,
      "op_margin": -10.921693264809305,
      "fcf_margin": -8.482553421693265,
      "incr_op_margin_yoy": 1.5174483218492998,
      "rev_growth_yoy": -0.8455883888482824,
      "rev_growth_yoy_accel": -0.6368320436706174,
      "op_leverage_ratio": 6.030642977641074,
      "fcf_margin_change": 4.883124204609864
    },
    {
      "date": "2025-03-31T00:00:00",
      "quarter_label": "2025-03 (Q1)",
      "revenue": 22100000,
      "gross_profit": 0,
      "operating_income": -74426000,
      "net_income": -65581000,
      "opex": 96526000,
      "cogs": 22100000,
      "rd": 80255000,
      "sga": null,
      "fcf": -79617000,
      "ocf": -79150000,
      "capex": -467000,
      "gross_margin": 0.0,
      "op_margin": -3.3676923076923075,
      "fcf_margin": -3.602579185520362,
      "incr_op_margin_yoy": -1.4048082620841447,
      "rev_growth_yoy": 1.1483425682900747,
      "rev_growth_yoy_accel": 1.9939309571383572,
      "op_leverage_ratio": 20.928783711625357,
      "fcf_margin_change": 4.879974236172902
    },
    {
      "date": "2025-06-30T00:00:00",
      "quarter_label": "2025-06 (Q2)",
      "revenue": 11476000,
      "gross_profit": 0,
      "operating_income": -84557000,
      "net_income": -76614000,
      "opex": 96033000,
      "cogs": 11476000,
      "rd": 78388000,
      "sga": null,
      "fcf": -60579000,
      "ocf": -59884000,
      "capex": -695000,
      "gross_margin": 0.0,
      "op_margin": -7.368159637504357,
      "fcf_margin": -5.278755663994423,
      "incr_op_margin_yoy": 2.372795258924792,
      "rev_growth_yoy": -0.5525925925925926,
      "rev_growth_yoy_accel": -1.7009351608826675,
      "fcf_margin_change": -1.6761764784740611
    },
    {
      "date": "2025-09-30T00:00:00",
      "quarter_label": "2025-09 (Q3)",
      "revenue": 2764000,
      "gross_profit": 0,
      "operating_income": -92521000,
      "net_income": -82175000,
      "opex": 95285000,
      "cogs": 2764000,
      "rd": 74094000,
      "sga": null,
      "fcf": -27291000,
      "ocf": -27110000,
      "capex": -181000,
      "gross_margin": 0.0,
      "op_margin": -33.47358900144718,
      "fcf_margin": -9.873733719247467,
      "rev_growth_yoy": -0.2611601176156108,
      "rev_growth_yoy_accel": 0.2914324749769818,
      "fcf_margin_change": -4.594978055253043
    }
  ],
  "signals": [
    {
      "quarter": "2025-09 (Q3)",
      "signal": "YoY REVENUE GROWTH ACCELERATION",
      "detail": "YoY growth: -26.1% vs prior quarter YoY: -55.3% (accel: +29.1%)",
      "severity": "HIGH"
    },
    {
      "quarter": "2025-06 (Q2)",
      "signal": "YoY REVENUE GROWTH DECELERATION",
      "detail": "YoY growth: -55.3% vs prior quarter YoY: +114.8% (decel: -170.1%)",
      "severity": "WARNING"
    },
    {
      "quarter": "2025-03 (Q1)",
      "signal": "FCF MARGIN EXPANSION",
      "detail": "FCF margin: -848.3% -> -360.3% (+488.0%)",
      "severity": "MEDIUM"
    },
    {
      "quarter": "2025-03 (Q1)",
      "signal": "OPERATING LEVERAGE",
      "detail": "Rev growth +198.9% vs OpEx growth +9.5% (leverage: 20.9x)",
      "severity": "MEDIUM"
    },
    {
      "quarter": "2025-03 (Q1)",
      "signal": "YoY REVENUE GROWTH ACCELERATION",
      "detail": "YoY growth: +114.8% vs prior quarter YoY: -84.6% (accel: +199.4%)",
      "severity": "HIGH"
    },
    {
      "quarter": "2024-12 (Q4)",
      "signal": "FCF MARGIN EXPANSION",
      "detail": "FCF margin: -1336.6% -> -848.3% (+488.3%)",
      "severity": "MEDIUM"
    },
    {
      "quarter": "2024-12 (Q4)",
      "signal": "OPERATING LEVERAGE",
      "detail": "Rev growth +97.6% vs OpEx growth +16.2% (leverage: 6.0x)",
      "severity": "MEDIUM"
    },
    {
      "quarter": "2024-12 (Q4)",
      "signal": "YoY REVENUE GROWTH DECELERATION",
      "detail": "YoY growth: -84.6% vs prior quarter YoY: -20.9% (decel: -63.7%)",
      "severity": "WARNING"
    },
    {
      "quarter": "2024-09 (Q3)",
      "signal": "YoY REVENUE GROWTH DECELERATION",
      "detail": "YoY growth: -20.9% vs prior quarter YoY: +55.3% (decel: -76.2%)",
      "severity": "WARNING"
    },
    {
      "quarter": "2024-06 (Q2)",
      "signal": "FCF MARGIN EXPANSION",
      "detail": "FCF margin: -456.8% -> -185.7% (+271.1%)",
      "severity": "MEDIUM"
    },
    {
      "quarter": "2024-06 (Q2)",
      "signal": "OPERATING LEVERAGE",
      "detail": "Rev growth +149.3% vs OpEx growth +12.4% (leverage: 12.0x)",
      "severity": "MEDIUM"
    },
    {
      "quarter": "2024-06 (Q2)",
      "signal": "YoY REVENUE GROWTH ACCELERATION",
      "detail": "YoY growth: +55.3% vs prior quarter YoY: +8.7% (accel: +46.7%)",
      "severity": "HIGH"
    },
    {
      "quarter": "2024-03 (Q1)",
      "signal": "YoY REVENUE GROWTH DECELERATION",
      "detail": "YoY growth: +8.7% vs prior quarter YoY: +196.7% (decel: -188.0%)",
      "severity": "WARNING"
    },
    {
      "quarter": "2023-12 (Q4)",
      "signal": "FCF MARGIN EXPANSION",
      "detail": "FCF margin: -840.2% -> -7.5% (+832.7%)",
      "severity": "MEDIUM"
    },
    {
      "quarter": "2023-12 (Q4)",
      "signal": "OPERATING LEVERAGE",
      "detail": "Rev growth +912.8% vs OpEx growth +8.0% (leverage: 114.5x)",
      "severity": "MEDIUM"
    },
    {
      "quarter": "2023-12 (Q4)",
      "signal": "YoY REVENUE GROWTH ACCELERATION",
      "detail": "YoY growth: +196.7% vs prior quarter YoY: -50.5% (accel: +247.2%)",
      "severity": "HIGH"
    },
    {
      "quarter": "2023-09 (Q3)",
      "signal": "YoY REVENUE GROWTH DECELERATION",
      "detail": "YoY growth: -50.5% vs prior quarter YoY: +43.4% (decel: -93.9%)",
      "severity": "WARNING"
    },
    {
      "quarter": "2023-06 (Q2)",
      "signal": "FCF MARGIN EXPANSION",
      "detail": "FCF margin: -506.8% -> -278.7% (+228.1%)",
      "severity": "MEDIUM"
    },
    {
      "quarter": "2023-06 (Q2)",
      "signal": "OPERATING LEVERAGE",
      "detail": "Rev growth +74.4% vs OpEx growth +9.3% (leverage: 8.0x)",
      "severity": "MEDIUM"
    },
    {
      "quarter": "2023-06 (Q2)",
      "signal": "YoY REVENUE GROWTH ACCELERATION",
      "detail": "YoY growth: +43.4% vs prior quarter YoY: -1.6% (accel: +45.0%)",
      "severity": "HIGH"
    },
    {
      "quarter": "2023-03 (Q1)",
      "signal": "YoY REVENUE GROWTH DECELERATION",
      "detail": "YoY growth: -1.6% vs prior quarter YoY: +5.7% (decel: -7.3%)",
      "severity": "WARNING"
    },
    {
      "quarter": "2022-12 (Q4)",
      "signal": "FCF MARGIN EXPANSION",
      "detail": "FCF margin: -371.8% -> -247.3% (+124.6%)",
      "severity": "MEDIUM"
    },
    {
      "quarter": "2022-12 (Q4)",
      "signal": "OPERATING LEVERAGE",
      "detail": "Rev growth +69.0% vs OpEx growth +0.6% (leverage: 111.7x)",
      "severity": "MEDIUM"
    },
    {
      "quarter": "2022-12 (Q4)",
      "signal": "YoY REVENUE GROWTH ACCELERATION",
      "detail": "YoY growth: +5.7% vs prior quarter YoY: -53.0% (accel: +58.7%)",
      "severity": "HIGH"
    },
    {
      "quarter": "2022-09 (Q3)",
      "signal": "YoY REVENUE GROWTH DECELERATION",
      "detail": "YoY growth: -53.0% vs prior quarter YoY: -37.8% (decel: -15.2%)",
      "severity": "WARNING"
    },
    {
      "quarter": "2022-06 (Q2)",
      "signal": "FCF MARGIN EXPANSION",
      "detail": "FCF margin: -423.8% -> -345.0% (+78.8%)",
      "severity": "MEDIUM"
    },
    {
      "quarter": "2022-06 (Q2)",
      "signal": "OPERATING LEVERAGE",
      "detail": "Rev growth +19.7% vs OpEx growth +12.4% (leverage: 1.6x)",
      "severity": "MEDIUM"
    },
    {
      "quarter": "2022-06 (Q2)",
      "signal": "YoY REVENUE GROWTH ACCELERATION",
      "detail": "YoY growth: -37.8% vs prior quarter YoY: -48.6% (accel: +10.7%)",
      "severity": "MEDIUM"
    },
    {
      "quarter": "2022-03 (Q1)",
      "signal": "YoY REVENUE GROWTH DECELERATION",
      "detail": "YoY growth: -48.6% vs prior quarter YoY: +19.5% (decel: -68.0%)",
      "severity": "WARNING"
    },
    {
      "quarter": "2021-03 (Q1)",
      "signal": "FCF MARGIN EXPANSION",
      "detail": "FCF margin: -168.2% -> -122.9% (+45.3%)",
      "severity": "MEDIUM"
    },
    {
      "quarter": "2021-03 (Q1)",
      "signal": "OPERATING LEVERAGE",
      "detail": "Rev growth +46.3% vs OpEx growth +24.7% (leverage: 1.9x)",
      "severity": "MEDIUM"
    }
  ],
  "data_quality": {
    "n_quarters": 20,
    "coverage": {
      "revenue": [
        20,
        20
      ],
      "gross_profit": [
        7,
        20
      ],
      "op_income": [
        20,
        20
      ],
      "fcf": [
        20,
        20
      ]
    },
    "gaps": [],
    "warnings": [
      "gross_profit: 7/20Q"
    ]
  },
  "market_cap": null,
  "source": "SEC EDGAR",
  "last_updated": "2026-02-02T20:58:01.845382"
}