{
  "ticker": "LAB",
  "name": "Standard BioTools Inc.",
  "quarters": [
    {
      "date": "2020-12-31T00:00:00",
      "quarter_label": "2020-12 (Q4)",
      "revenue": 44608000,
      "gross_profit": 22079000,
      "operating_income": -16904000,
      "net_income": -18026000,
      "opex": 61512000,
      "cogs": null,
      "rd": 11186000,
      "sga": 31935000,
      "fcf": -14440000,
      "ocf": -3733000,
      "capex": -10707000,
      "gross_margin": 0.49495606169296985,
      "op_margin": -0.3789454806312769,
      "fcf_margin": -0.3237087517934003
    },
    {
      "date": "2021-03-31T00:00:00",
      "quarter_label": "2021-03 (Q1)",
      "revenue": 32794000,
      "gross_profit": null,
      "operating_income": -19320000,
      "net_income": -18821000,
      "opex": 52114000,
      "cogs": null,
      "rd": 10753000,
      "sga": 27608000,
      "fcf": -19824000,
      "ocf": -12901000,
      "capex": -6923000,
      "gross_margin": null,
      "op_margin": -0.5891321583216442,
      "fcf_margin": -0.6045008233213393,
      "fcf_margin_change": -0.28079207152793895
    },
    {
      "date": "2021-06-30T00:00:00",
      "quarter_label": "2021-06 (Q2)",
      "revenue": 31018000,
      "gross_profit": null,
      "operating_income": -17268000,
      "net_income": -17143000,
      "opex": 48286000,
      "cogs": null,
      "rd": 9441000,
      "sga": 24248000,
      "fcf": -18836000,
      "ocf": -14664000,
      "capex": -4172000,
      "gross_margin": null,
      "op_margin": -0.556709007672964,
      "fcf_margin": -0.6072603004706945,
      "fcf_margin_change": -0.002759477149355205
    },
    {
      "date": "2021-09-30T00:00:00",
      "quarter_label": "2021-09 (Q3)",
      "revenue": 28504000,
      "gross_profit": null,
      "operating_income": -19612000,
      "net_income": -13843000,
      "opex": 48116000,
      "cogs": null,
      "rd": 9209000,
      "sga": 24072000,
      "fcf": -11200000,
      "ocf": -9494000,
      "capex": -1706000,
      "gross_margin": null,
      "op_margin": -0.6880437833286557,
      "fcf_margin": -0.3929273084479371,
      "fcf_margin_change": 0.21433299202275735
    },
    {
      "date": "2021-12-31T00:00:00",
      "quarter_label": "2021-12 (Q4)",
      "revenue": 38265000,
      "gross_profit": null,
      "operating_income": -11259000,
      "net_income": -9429000,
      "opex": 49524000,
      "cogs": null,
      "rd": 8541000,
      "sga": 22960000,
      "fcf": -7465000,
      "ocf": -7002000,
      "capex": -463000,
      "gross_margin": null,
      "op_margin": -0.2942375539004312,
      "fcf_margin": -0.19508689402848556,
      "incr_op_margin_yoy": -0.8899574333911399,
      "rev_growth_yoy": -0.14219422525107603,
      "op_leverage_ratio": 11.702411483715203,
      "fcf_margin_change": 0.19784041441945155
    },
    {
      "date": "2022-03-31T00:00:00",
      "quarter_label": "2022-03 (Q1)",
      "revenue": 26504000,
      "gross_profit": null,
      "operating_income": -27503000,
      "net_income": -76288000,
      "opex": 54007000,
      "cogs": null,
      "rd": 8865000,
      "sga": 30875000,
      "fcf": -16458000,
      "ocf": -15590000,
      "capex": -868000,
      "gross_margin": null,
      "op_margin": -1.037692423785089,
      "fcf_margin": -0.620962873528524,
      "incr_op_margin_yoy": 1.300953895071542,
      "rev_growth_yoy": -0.1918033786668293,
      "rev_growth_yoy_accel": -0.04960915341575328,
      "fcf_margin_change": -0.4258759795000384
    },
    {
      "date": "2022-06-30T00:00:00",
      "quarter_label": "2022-06 (Q2)",
      "revenue": 18777000,
      "gross_profit": 4427000,
      "operating_income": -38563000,
      "net_income": -63539000,
      "opex": 57340000,
      "cogs": 14350000,
      "rd": 12606000,
      "sga": 30384000,
      "fcf": -30926000,
      "ocf": -29988000,
      "capex": -938000,
      "gross_margin": 0.23576716195345368,
      "op_margin": -2.0537359535602064,
      "fcf_margin": -1.6470149651168984,
      "incr_op_margin_yoy": 1.739645453802794,
      "rev_growth_yoy": -0.39464182087819977,
      "rev_growth_yoy_accel": -0.20283844221137046,
      "fcf_margin_change": -1.0260520915883744
    },
    {
      "date": "2022-09-30T00:00:00",
      "quarter_label": "2022-09 (Q3)",
      "revenue": 25646000,
      "gross_profit": 9220000,
      "operating_income": -29027000,
      "net_income": -29426000,
      "opex": 54673000,
      "cogs": 16426000,
      "rd": 8650000,
      "sga": 29597000,
      "fcf": -25875000,
      "ocf": -24611000,
      "capex": -1264000,
      "gross_margin": 0.35951025501052797,
      "op_margin": -1.1318334243156827,
      "fcf_margin": -1.0089292677220618,
      "incr_op_margin_yoy": 3.294261721483555,
      "rev_growth_yoy": -0.10026662924501824,
      "rev_growth_yoy_accel": 0.29437519163318154,
      "op_leverage_ratio": Infinity,
      "fcf_margin_change": 0.6380856973948366
    },
    {
      "date": "2022-12-31T00:00:00",
      "quarter_label": "2022-12 (Q4)",
      "revenue": 27021000,
      "gross_profit": 11167000,
      "operating_income": -21112000,
      "net_income": -20845000,
      "opex": 48133000,
      "cogs": 15854000,
      "rd": 8377000,
      "sga": 23902000,
      "fcf": -19936000,
      "ocf": -19181000,
      "capex": -755000,
      "gross_margin": 0.41327115946856147,
      "op_margin": -0.7813182339661745,
      "fcf_margin": -0.7377965286258835,
      "incr_op_margin_yoy": 0.8762895766631092,
      "rev_growth_yoy": -0.2938455507644061,
      "rev_growth_yoy_accel": -0.19357892151938788,
      "op_leverage_ratio": Infinity,
      "fcf_margin_change": 0.2711327390961783
    },
    {
      "date": "2023-03-31T00:00:00",
      "quarter_label": "2023-03 (Q1)",
      "revenue": 25119000,
      "gross_profit": 12281000,
      "operating_income": -16593000,
      "net_income": -16843000,
      "opex": 41712000,
      "cogs": 12838000,
      "rd": 6409000,
      "sga": 22308000,
      "fcf": -9495000,
      "ocf": -8485000,
      "capex": -1010000,
      "gross_margin": 0.48891277519009513,
      "op_margin": -0.6605756598590709,
      "fcf_margin": -0.37800071658903617,
      "incr_op_margin_yoy": -7.877256317689531,
      "rev_growth_yoy": -0.05225626320555388,
      "rev_growth_yoy_accel": 0.24158928755885223,
      "fcf_margin_change": 0.35979581203684735
    },
    {
      "date": "2023-06-30T00:00:00",
      "quarter_label": "2023-06 (Q2)",
      "revenue": 27666000,
      "gross_profit": 13602000,
      "operating_income": -17449000,
      "net_income": -17040000,
      "opex": 31051000,
      "cogs": 14064000,
      "rd": 6184000,
      "sga": 22600000,
      "fcf": -10167000,
      "ocf": -9329000,
      "capex": -838000,
      "gross_margin": 0.4916504012144871,
      "op_margin": -0.6307019446251717,
      "fcf_margin": -0.3674907829104316,
      "incr_op_margin_yoy": 2.37529530880864,
      "rev_growth_yoy": 0.4733983064387282,
      "rev_growth_yoy_accel": 0.525654569644282,
      "op_leverage_ratio": Infinity,
      "fcf_margin_change": 0.010509933678604588
    },
    {
      "date": "2023-09-30T00:00:00",
      "quarter_label": "2023-09 (Q3)",
      "revenue": 25367000,
      "gross_profit": 11154000,
      "operating_income": -21172000,
      "net_income": -20997000,
      "opex": 32326000,
      "cogs": 14213000,
      "rd": 6370000,
      "sga": 22292000,
      "fcf": -12317000,
      "ocf": -11412000,
      "capex": -905000,
      "gross_margin": 0.4397051287105294,
      "op_margin": -0.8346276658651003,
      "fcf_margin": -0.48555209524184967,
      "rev_growth_yoy": -0.010878889495437884,
      "rev_growth_yoy_accel": -0.48427719593416607,
      "fcf_margin_change": -0.11806131233141809
    },
    {
      "date": "2023-12-31T00:00:00",
      "quarter_label": "2023-12 (Q4)",
      "revenue": 28188000,
      "gross_profit": 13357000,
      "operating_income": -21386000,
      "net_income": -19776000,
      "opex": 34743000,
      "cogs": 14831000,
      "rd": 6909000,
      "sga": 21354000,
      "fcf": -14139000,
      "ocf": -14061000,
      "capex": -78000,
      "gross_margin": 0.47385412232155527,
      "op_margin": -0.7586916418334043,
      "fcf_margin": -0.5015964240102171,
      "incr_op_margin_yoy": -0.23479005998286204,
      "rev_growth_yoy": 0.04318863106472744,
      "rev_growth_yoy_accel": 0.054067520560165325,
      "op_leverage_ratio": 1.487336703970977,
      "fcf_margin_change": -0.016044328768367422
    },
    {
      "date": "2024-03-31T00:00:00",
      "quarter_label": "2024-03 (Q1)",
      "revenue": 45540000,
      "gross_profit": 24188000,
      "operating_income": -60182000,
      "net_income": -32157000,
      "opex": 84370000,
      "cogs": 21352000,
      "rd": 15980000,
      "sga": 46943000,
      "fcf": -63257000,
      "ocf": -62476000,
      "capex": -781000,
      "gross_margin": 0.5311374615722442,
      "op_margin": -1.3215195432586737,
      "fcf_margin": -1.3890425999121652,
      "incr_op_margin_yoy": -2.1345183879339897,
      "rev_growth_yoy": 0.8129702615549982,
      "rev_growth_yoy_accel": 0.7697816304902707,
      "op_leverage_ratio": 0.43095762588141256,
      "fcf_margin_change": -0.8874461759019481
    },
    {
      "date": "2024-06-30T00:00:00",
      "quarter_label": "2024-06 (Q2)",
      "revenue": 37205000,
      "gross_profit": 14908000,
      "operating_income": -50519000,
      "net_income": -45718000,
      "opex": 65427000,
      "cogs": 22297000,
      "rd": 19222000,
      "sga": 37674000,
      "fcf": -40987000,
      "ocf": -39050000,
      "capex": -1937000,
      "gross_margin": 0.4006988308023115,
      "op_margin": -1.3578551269990593,
      "fcf_margin": -1.1016530036285446,
      "incr_op_margin_yoy": -3.4668204214278227,
      "rev_growth_yoy": 0.3447914407576086,
      "rev_growth_yoy_accel": -0.4681788207973896,
      "fcf_margin_change": 0.2873895962836206
    },
    {
      "date": "2024-09-30T00:00:00",
      "quarter_label": "2024-09 (Q3)",
      "revenue": 44969000,
      "gross_profit": 23261000,
      "operating_income": -31718000,
      "net_income": -26938000,
      "opex": 54979000,
      "cogs": 21708000,
      "rd": 13156000,
      "sga": 34403000,
      "fcf": -30124000,
      "ocf": -27869000,
      "capex": -2255000,
      "gross_margin": 0.5172674509106273,
      "op_margin": -0.7053303386777557,
      "fcf_margin": -0.6698836976583868,
      "incr_op_margin_yoy": -0.5380063258851138,
      "rev_growth_yoy": 0.7727362321125872,
      "rev_growth_yoy_accel": 0.42794479135497865,
      "op_leverage_ratio": Infinity,
      "fcf_margin_change": 0.4317693059701577
    },
    {
      "date": "2024-12-31T00:00:00",
      "quarter_label": "2024-12 (Q4)",
      "revenue": 46718000,
      "gross_profit": 21905000,
      "operating_income": -32817000,
      "net_income": -34072000,
      "opex": 54722000,
      "cogs": 24813000,
      "rd": 14053000,
      "sga": 37588000,
      "fcf": -17441000,
      "ocf": -14059000,
      "capex": -3382000,
      "gross_margin": 0.4688770923412817,
      "op_margin": -0.7024487349629693,
      "fcf_margin": -0.3733250567233186,
      "incr_op_margin_yoy": -0.616891527253103,
      "rev_growth_yoy": 0.6573719313182915,
      "rev_growth_yoy_accel": -0.11536430079429572,
      "op_leverage_ratio": Infinity,
      "fcf_margin_change": 0.29655864093506823
    },
    {
      "date": "2025-03-31T00:00:00",
      "quarter_label": "2025-03 (Q1)",
      "revenue": 40795000,
      "gross_profit": 19741000,
      "operating_income": -32970000,
      "net_income": -26033000,
      "opex": 52711000,
      "cogs": 21054000,
      "rd": 11328000,
      "sga": 38707000,
      "fcf": -35337000,
      "ocf": -30283000,
      "capex": -5054000,
      "gross_margin": 0.4839073415859787,
      "op_margin": -0.8081872778526781,
      "fcf_margin": -0.8662090942517465,
      "incr_op_margin_yoy": -5.734878819810326,
      "rev_growth_yoy": -0.10419411506368029,
      "rev_growth_yoy_accel": -0.7615660463819718,
      "fcf_margin_change": -0.4928840375284279
    },
    {
      "date": "2025-06-30T00:00:00",
      "quarter_label": "2025-06 (Q2)",
      "revenue": 21762000,
      "gross_profit": 10628000,
      "operating_income": -25697000,
      "net_income": -33459000,
      "opex": 36325000,
      "cogs": 11134000,
      "rd": 6222000,
      "sga": 28105000,
      "fcf": -22555000,
      "ocf": -20668000,
      "capex": -1887000,
      "gross_margin": 0.48837423030971416,
      "op_margin": -1.180819777593971,
      "fcf_margin": -1.0364396654719235,
      "incr_op_margin_yoy": -1.6073301819594639,
      "rev_growth_yoy": -0.41507861846526006,
      "rev_growth_yoy_accel": -0.3108845034015798,
      "fcf_margin_change": -0.17023057122017693
    },
    {
      "date": "2025-09-30T00:00:00",
      "quarter_label": "2025-09 (Q3)",
      "revenue": 19552000,
      "gross_profit": 9484000,
      "operating_income": -32938000,
      "net_income": -34687000,
      "opex": 42422000,
      "cogs": 10068000,
      "rd": 6356000,
      "sga": 26595000,
      "fcf": -23088000,
      "ocf": -22202000,
      "capex": -886000,
      "gross_margin": 0.48506546644844517,
      "op_margin": -1.6846358428805237,
      "fcf_margin": -1.1808510638297873,
      "incr_op_margin_yoy": 0.047999370500059015,
      "rev_growth_yoy": -0.5652115902065867,
      "rev_growth_yoy_accel": -0.15013297174132667,
      "fcf_margin_change": -0.14441139835786387
    }
  ],
  "signals": [
    {
      "quarter": "2025-09 (Q3)",
      "signal": "YoY REVENUE GROWTH DECELERATION",
      "detail": "YoY growth: -56.5% vs prior quarter YoY: -41.5% (decel: -15.0%)",
      "severity": "WARNING"
    },
    {
      "quarter": "2025-06 (Q2)",
      "signal": "YoY REVENUE GROWTH DECELERATION",
      "detail": "YoY growth: -41.5% vs prior quarter YoY: -10.4% (decel: -31.1%)",
      "severity": "WARNING"
    },
    {
      "quarter": "2025-03 (Q1)",
      "signal": "YoY REVENUE GROWTH DECELERATION",
      "detail": "YoY growth: -10.4% vs prior quarter YoY: +65.7% (decel: -76.2%)",
      "severity": "WARNING"
    },
    {
      "quarter": "2024-12 (Q4)",
      "signal": "FCF MARGIN EXPANSION",
      "detail": "FCF margin: -67.0% -> -37.3% (+29.7%)",
      "severity": "MEDIUM"
    },
    {
      "quarter": "2024-12 (Q4)",
      "signal": "YoY REVENUE GROWTH DECELERATION",
      "detail": "YoY growth: +65.7% vs prior quarter YoY: +77.3% (decel: -11.5%)",
      "severity": "WARNING"
    },
    {
      "quarter": "2024-09 (Q3)",
      "signal": "FCF MARGIN EXPANSION",
      "detail": "FCF margin: -110.2% -> -67.0% (+43.2%)",
      "severity": "MEDIUM"
    },
    {
      "quarter": "2024-09 (Q3)",
      "signal": "GROSS MARGIN INFLECTION",
      "detail": "GM: +53.1% -> +40.1% -> +51.7% (reversal +11.7%)",
      "severity": "HIGH"
    },
    {
      "quarter": "2024-09 (Q3)",
      "signal": "YoY REVENUE GROWTH ACCELERATION",
      "detail": "YoY growth: +77.3% vs prior quarter YoY: +34.5% (accel: +42.8%)",
      "severity": "HIGH"
    },
    {
      "quarter": "2024-06 (Q2)",
      "signal": "FCF MARGIN EXPANSION",
      "detail": "FCF margin: -138.9% -> -110.2% (+28.7%)",
      "severity": "MEDIUM"
    },
    {
      "quarter": "2024-06 (Q2)",
      "signal": "YoY REVENUE GROWTH DECELERATION",
      "detail": "YoY growth: +34.5% vs prior quarter YoY: +81.3% (decel: -46.8%)",
      "severity": "WARNING"
    },
    {
      "quarter": "2024-03 (Q1)",
      "signal": "YoY REVENUE GROWTH ACCELERATION",
      "detail": "YoY growth: +81.3% vs prior quarter YoY: +4.3% (accel: +77.0%)",
      "severity": "HIGH"
    },
    {
      "quarter": "2023-12 (Q4)",
      "signal": "GROSS MARGIN INFLECTION",
      "detail": "GM: +49.2% -> +44.0% -> +47.4% (reversal +3.4%)",
      "severity": "MEDIUM"
    },
    {
      "quarter": "2023-12 (Q4)",
      "signal": "YoY REVENUE GROWTH ACCELERATION",
      "detail": "YoY growth: +4.3% vs prior quarter YoY: -1.1% (accel: +5.4%)",
      "severity": "MEDIUM"
    },
    {
      "quarter": "2023-09 (Q3)",
      "signal": "YoY REVENUE GROWTH DECELERATION",
      "detail": "YoY growth: -1.1% vs prior quarter YoY: +47.3% (decel: -48.4%)",
      "severity": "WARNING"
    },
    {
      "quarter": "2023-06 (Q2)",
      "signal": "YoY REVENUE GROWTH ACCELERATION",
      "detail": "YoY growth: +47.3% vs prior quarter YoY: -5.2% (accel: +52.6%)",
      "severity": "HIGH"
    },
    {
      "quarter": "2023-03 (Q1)",
      "signal": "FCF MARGIN EXPANSION",
      "detail": "FCF margin: -73.8% -> -37.8% (+36.0%)",
      "severity": "MEDIUM"
    },
    {
      "quarter": "2023-03 (Q1)",
      "signal": "YoY REVENUE GROWTH ACCELERATION",
      "detail": "YoY growth: -5.2% vs prior quarter YoY: -29.4% (accel: +24.2%)",
      "severity": "HIGH"
    },
    {
      "quarter": "2022-12 (Q4)",
      "signal": "FCF MARGIN EXPANSION",
      "detail": "FCF margin: -100.9% -> -73.8% (+27.1%)",
      "severity": "MEDIUM"
    },
    {
      "quarter": "2022-12 (Q4)",
      "signal": "YoY REVENUE GROWTH DECELERATION",
      "detail": "YoY growth: -29.4% vs prior quarter YoY: -10.0% (decel: -19.4%)",
      "severity": "WARNING"
    },
    {
      "quarter": "2022-09 (Q3)",
      "signal": "FCF MARGIN EXPANSION",
      "detail": "FCF margin: -164.7% -> -100.9% (+63.8%)",
      "severity": "MEDIUM"
    },
    {
      "quarter": "2022-09 (Q3)",
      "signal": "YoY REVENUE GROWTH ACCELERATION",
      "detail": "YoY growth: -10.0% vs prior quarter YoY: -39.5% (accel: +29.4%)",
      "severity": "HIGH"
    },
    {
      "quarter": "2022-06 (Q2)",
      "signal": "YoY REVENUE GROWTH DECELERATION",
      "detail": "YoY growth: -39.5% vs prior quarter YoY: -19.2% (decel: -20.3%)",
      "severity": "WARNING"
    },
    {
      "quarter": "2021-12 (Q4)",
      "signal": "FCF MARGIN EXPANSION",
      "detail": "FCF margin: -39.3% -> -19.5% (+19.8%)",
      "severity": "MEDIUM"
    },
    {
      "quarter": "2021-12 (Q4)",
      "signal": "OPERATING LEVERAGE",
      "detail": "Rev growth +34.2% vs OpEx growth +2.9% (leverage: 11.7x)",
      "severity": "MEDIUM"
    },
    {
      "quarter": "2021-09 (Q3)",
      "signal": "FCF MARGIN EXPANSION",
      "detail": "FCF margin: -60.7% -> -39.3% (+21.4%)",
      "severity": "MEDIUM"
    }
  ],
  "data_quality": {
    "n_quarters": 20,
    "coverage": {
      "revenue": [
        20,
        20
      ],
      "gross_profit": [
        15,
        20
      ],
      "op_income": [
        20,
        20
      ],
      "fcf": [
        20,
        20
      ]
    },
    "gaps": [],
    "warnings": [
      "gross_profit: 15/20Q"
    ]
  },
  "market_cap": null,
  "source": "SEC EDGAR",
  "last_updated": "2026-02-02T22:20:29.074177"
}