{
  "ticker": "LAD",
  "name": "Lithia Motors, Inc.",
  "quarters": [
    {
      "date": "2020-12-31T00:00:00",
      "quarter_label": "2020-12 (Q4)",
      "revenue": 3941800000,
      "gross_profit": 648700000,
      "operating_income": 235000000,
      "net_income": 187600000,
      "opex": 413700000,
      "cogs": 3293100000,
      "rd": null,
      "sga": 388700000,
      "fcf": -298200000,
      "ocf": -256000000,
      "capex": -42200000,
      "gross_margin": 0.1645694860216145,
      "op_margin": 0.05961743365974935,
      "fcf_margin": -0.07565071794611598
    },
    {
      "date": "2021-03-31T00:00:00",
      "quarter_label": "2021-03 (Q1)",
      "revenue": 4343000000,
      "gross_profit": 715500000,
      "operating_income": 238300000,
      "net_income": 156200000,
      "opex": 477200000,
      "cogs": 3627500000,
      "rd": null,
      "sga": 450400000,
      "fcf": 449500000,
      "ocf": 499500000,
      "capex": -50000000,
      "gross_margin": 0.1647478701358508,
      "op_margin": 0.05486990559521068,
      "fcf_margin": 0.10349988487220815,
      "op_leverage_ratio": 0.6630986363398472,
      "fcf_margin_change": 0.17915060281832412
    },
    {
      "date": "2021-06-30T00:00:00",
      "quarter_label": "2021-06 (Q2)",
      "revenue": 6009400000,
      "gross_profit": 1110600000,
      "operating_income": 446300000,
      "net_income": 304900000,
      "opex": 664300000,
      "cogs": 4898800000,
      "rd": null,
      "sga": 634000000,
      "fcf": 708500000,
      "ocf": 771500000,
      "capex": -63000000,
      "gross_margin": 0.18481046360701567,
      "op_margin": 0.07426698172862516,
      "fcf_margin": 0.11789862548673745,
      "op_leverage_ratio": 0.9786244794790095,
      "fcf_margin_change": 0.014398740614529296
    },
    {
      "date": "2021-09-30T00:00:00",
      "quarter_label": "2021-09 (Q3)",
      "revenue": 6169800000,
      "gross_profit": 1189100000,
      "operating_income": 479500000,
      "net_income": 307900000,
      "opex": 709600000,
      "cogs": 4980700000,
      "rd": null,
      "sga": 673300000,
      "fcf": 649800000,
      "ocf": 730900000,
      "capex": -81100000,
      "gross_margin": 0.19272909980874584,
      "op_margin": 0.0777172679827547,
      "fcf_margin": 0.10531945930176019,
      "op_leverage_ratio": 0.39141665548110016,
      "fcf_margin_change": -0.012579166184977258
    },
    {
      "date": "2021-12-31T00:00:00",
      "quarter_label": "2021-12 (Q4)",
      "revenue": 6309500000,
      "gross_profit": 1243800000,
      "operating_income": 503700000,
      "net_income": 291100000,
      "opex": 740100000,
      "cogs": 5065700000,
      "rd": null,
      "sga": 704300000,
      "fcf": -271000000,
      "ocf": -204700000,
      "capex": -66300000,
      "gross_margin": 0.19713130992947142,
      "op_margin": 0.07983199936603534,
      "fcf_margin": -0.04295110547586972,
      "incr_op_margin_yoy": 0.11348566119018456,
      "rev_growth_yoy": 0.6006646709625044,
      "op_leverage_ratio": 0.5267918985603594,
      "fcf_margin_change": -0.1482705647776299
    },
    {
      "date": "2022-03-31T00:00:00",
      "quarter_label": "2022-03 (Q1)",
      "revenue": 6705300000,
      "gross_profit": 1278100000,
      "operating_income": 512800000,
      "net_income": 342200000,
      "opex": 765300000,
      "cogs": 5427200000,
      "rd": null,
      "sga": 726100000,
      "fcf": -34400000,
      "ocf": 26300000,
      "capex": -60700000,
      "gross_margin": 0.19061041265864317,
      "op_margin": 0.07647681684637525,
      "fcf_margin": -0.0051302700848582464,
      "incr_op_margin_yoy": 0.11620031325403209,
      "rev_growth_yoy": 0.5439327653695603,
      "rev_growth_yoy_accel": -0.056731905592944165,
      "op_leverage_ratio": 1.8423439333733334,
      "fcf_margin_change": 0.03782083539101148
    },
    {
      "date": "2022-06-30T00:00:00",
      "quarter_label": "2022-06 (Q2)",
      "revenue": 7240100000,
      "gross_profit": 1350700000,
      "operating_income": 528300000,
      "net_income": 331300000,
      "opex": 822400000,
      "cogs": 5889400000,
      "rd": null,
      "sga": 781500000,
      "fcf": -365300000,
      "ocf": -289400000,
      "capex": -75900000,
      "gross_margin": 0.1865581967099902,
      "op_margin": 0.07296860540600268,
      "fcf_margin": -0.0504551042112678,
      "incr_op_margin_yoy": 0.06662874786706752,
      "rev_growth_yoy": 0.20479581988218457,
      "rev_growth_yoy_accel": -0.3391369454873757,
      "op_leverage_ratio": 1.0689780567495775,
      "fcf_margin_change": -0.04532483412640956
    },
    {
      "date": "2022-09-30T00:00:00",
      "quarter_label": "2022-09 (Q3)",
      "revenue": 7295700000,
      "gross_profit": 1314200000,
      "operating_income": 523100000,
      "net_income": 329600000,
      "opex": 791100000,
      "cogs": 5981500000,
      "rd": null,
      "sga": 749200000,
      "fcf": -327600000,
      "ocf": -254400000,
      "capex": -73200000,
      "gross_margin": 0.1801335032964623,
      "op_margin": 0.07169976835670326,
      "fcf_margin": -0.04490316213660101,
      "incr_op_margin_yoy": 0.038724575894839686,
      "rev_growth_yoy": 0.18248565593698338,
      "rev_growth_yoy_accel": -0.02231016394520119,
      "fcf_margin_change": 0.005551942074666791
    },
    {
      "date": "2022-12-31T00:00:00",
      "quarter_label": "2022-12 (Q4)",
      "revenue": 6946500000,
      "gross_profit": 1209100000,
      "operating_income": 376700000,
      "net_income": 247600000,
      "opex": 832400000,
      "cogs": 5737400000,
      "rd": null,
      "sga": 787300000,
      "fcf": -185900000,
      "ocf": -92600000,
      "capex": -93300000,
      "gross_margin": 0.17405887857194272,
      "op_margin": 0.05422874829050601,
      "fcf_margin": -0.026761678543151226,
      "incr_op_margin_yoy": -0.19937205651491366,
      "rev_growth_yoy": 0.10095887154291149,
      "rev_growth_yoy_accel": -0.08152678439407189,
      "fcf_margin_change": 0.018141483593449786
    },
    {
      "date": "2023-03-31T00:00:00",
      "quarter_label": "2023-03 (Q1)",
      "revenue": 6973800000,
      "gross_profit": 1211500000,
      "operating_income": 379000000,
      "net_income": 228700000,
      "opex": 832500000,
      "cogs": 5762300000,
      "rd": null,
      "sga": 764400000,
      "fcf": -87900000,
      "ocf": -49000000,
      "capex": -38900000,
      "gross_margin": 0.17372164386704522,
      "op_margin": 0.054346267458200696,
      "fcf_margin": -0.012604319022627548,
      "incr_op_margin_yoy": -0.4983240223463687,
      "rev_growth_yoy": 0.04004295109838486,
      "rev_growth_yoy_accel": -0.06091592044452662,
      "fcf_margin_change": 0.014157359520523678
    },
    {
      "date": "2023-06-30T00:00:00",
      "quarter_label": "2023-06 (Q2)",
      "revenue": 8111500000,
      "gross_profit": 1385100000,
      "operating_income": 475800000,
      "net_income": 297200000,
      "opex": 909300000,
      "cogs": 6726400000,
      "rd": null,
      "sga": 842200000,
      "fcf": -307900000,
      "ocf": -249700000,
      "capex": -58200000,
      "gross_margin": 0.17075756641804846,
      "op_margin": 0.05865746162855206,
      "fcf_margin": -0.03795845404672379,
      "incr_op_margin_yoy": -0.0602478769795731,
      "rev_growth_yoy": 0.12035745362633113,
      "rev_growth_yoy_accel": 0.08031450252794627,
      "op_leverage_ratio": 1.768403199744042,
      "fcf_margin_change": -0.02535413502409624
    },
    {
      "date": "2023-09-30T00:00:00",
      "quarter_label": "2023-09 (Q3)",
      "revenue": 8277000000,
      "gross_profit": 1371300000,
      "operating_income": 465300000,
      "net_income": 261500000,
      "opex": 906000000,
      "cogs": 6905700000,
      "rd": null,
      "sga": 850800000,
      "fcf": 54900000,
      "ocf": 121500000,
      "capex": -66600000,
      "gross_margin": 0.1656759695541863,
      "op_margin": 0.05621602029720913,
      "fcf_margin": 0.006632837984777093,
      "incr_op_margin_yoy": -0.05890145725058596,
      "rev_growth_yoy": 0.13450388585056952,
      "rev_growth_yoy_accel": 0.014146432224238392,
      "op_leverage_ratio": Infinity,
      "fcf_margin_change": 0.04459129203150088
    },
    {
      "date": "2023-12-31T00:00:00",
      "quarter_label": "2023-12 (Q4)",
      "revenue": 7674300000,
      "gross_profit": 1260700000,
      "operating_income": 372500000,
      "net_income": 213500000,
      "opex": 888200000,
      "cogs": 6413600000,
      "rd": null,
      "sga": 836700000,
      "fcf": -361700000,
      "ocf": -295200000,
      "capex": -66500000,
      "gross_margin": 0.16427556910728014,
      "op_margin": 0.04853862893032589,
      "fcf_margin": -0.04713133445395671,
      "incr_op_margin_yoy": -0.005770816158285243,
      "rev_growth_yoy": 0.10477218743251998,
      "rev_growth_yoy_accel": -0.02973169841804954,
      "fcf_margin_change": -0.053764172438733805
    },
    {
      "date": "2024-03-31T00:00:00",
      "quarter_label": "2024-03 (Q1)",
      "revenue": 8561800000,
      "gross_profit": 1335200000,
      "operating_income": 341400000,
      "net_income": 162600000,
      "opex": 993800000,
      "cogs": 7226600000,
      "rd": null,
      "sga": 934300000,
      "fcf": 212800000,
      "ocf": 292400000,
      "capex": -79600000,
      "gross_margin": 0.1559485154990773,
      "op_margin": 0.03987479268378145,
      "fcf_margin": 0.02485458665233946,
      "incr_op_margin_yoy": -0.02367758186397985,
      "rev_growth_yoy": 0.22770942671140554,
      "rev_growth_yoy_accel": 0.12293723927888556,
      "op_leverage_ratio": 0.9726944546121865,
      "fcf_margin_change": 0.07198592110629617
    },
    {
      "date": "2024-06-30T00:00:00",
      "quarter_label": "2024-06 (Q2)",
      "revenue": 9231800000,
      "gross_profit": 1423900000,
      "operating_income": 393600000,
      "net_income": 214200000,
      "opex": 1030300000,
      "cogs": 7807900000,
      "rd": null,
      "sga": 975200000,
      "fcf": -278500000,
      "ocf": -148400000,
      "capex": -130100000,
      "gross_margin": 0.15423861002188088,
      "op_margin": 0.042635239064971076,
      "fcf_margin": -0.030167464633115967,
      "incr_op_margin_yoy": -0.07337320360617691,
      "rev_growth_yoy": 0.1381125562473032,
      "rev_growth_yoy_accel": -0.08959687046410234,
      "op_leverage_ratio": 2.1306683366095402,
      "fcf_margin_change": -0.055022051285455426
    },
    {
      "date": "2024-09-30T00:00:00",
      "quarter_label": "2024-09 (Q3)",
      "revenue": 9221000000,
      "gross_profit": 1430400000,
      "operating_income": 424200000,
      "net_income": 209100000,
      "opex": 1006200000,
      "cogs": 7790600000,
      "rd": null,
      "sga": 943600000,
      "fcf": 157100000,
      "ocf": 219300000,
      "capex": -62200000,
      "gross_margin": 0.1551241730831797,
      "op_margin": 0.04600368723565774,
      "fcf_margin": 0.01703719770090012,
      "incr_op_margin_yoy": -0.04353813559322034,
      "rev_growth_yoy": 0.11405098465627643,
      "rev_growth_yoy_accel": -0.024061571591026773,
      "fcf_margin_change": 0.04720466233401609
    },
    {
      "date": "2024-12-31T00:00:00",
      "quarter_label": "2024-12 (Q4)",
      "revenue": 9173500000,
      "gross_profit": 1371500000,
      "operating_income": 416300000,
      "net_income": 216200000,
      "opex": 955200000,
      "cogs": 7802000000,
      "rd": null,
      "sga": 902200000,
      "fcf": -17700000,
      "ocf": 61800000,
      "capex": -79500000,
      "gross_margin": 0.1495067313457241,
      "op_margin": 0.04538071619338312,
      "fcf_margin": -0.0019294707581620973,
      "incr_op_margin_yoy": 0.029215581643543223,
      "rev_growth_yoy": 0.19535332212709955,
      "rev_growth_yoy_accel": 0.08130233747082312,
      "fcf_margin_change": -0.018966668459062218
    },
    {
      "date": "2025-03-31T00:00:00",
      "quarter_label": "2025-03 (Q1)",
      "revenue": 9178300000,
      "gross_profit": 1410400000,
      "operating_income": 406300000,
      "net_income": 209500000,
      "opex": 1004100000,
      "cogs": 7767900000,
      "rd": null,
      "sga": 952700000,
      "fcf": 253400000,
      "ocf": 322100000,
      "capex": -68700000,
      "gross_margin": 0.15366680104158723,
      "op_margin": 0.04426745693646972,
      "fcf_margin": 0.0276085985422137,
      "incr_op_margin_yoy": 0.10527169505271695,
      "rev_growth_yoy": 0.07200588661262819,
      "rev_growth_yoy_accel": -0.12334743551447136,
      "fcf_margin_change": 0.029538069300375797
    },
    {
      "date": "2025-06-30T00:00:00",
      "quarter_label": "2025-06 (Q2)",
      "revenue": 9583000000,
      "gross_profit": 1485100000,
      "operating_income": 425300000,
      "net_income": 256100000,
      "opex": 1059800000,
      "cogs": 8097900000,
      "rd": null,
      "sga": 1014700000,
      "fcf": -70800000,
      "ocf": 9300000,
      "capex": -80100000,
      "gross_margin": 0.15497234686423875,
      "op_margin": 0.04438067411040384,
      "fcf_margin": -0.00738808306375874,
      "incr_op_margin_yoy": 0.09026195899772209,
      "rev_growth_yoy": 0.03804241859659005,
      "rev_growth_yoy_accel": -0.03396346801603814,
      "op_leverage_ratio": 0.7948638161461589,
      "fcf_margin_change": -0.03499668160597244
    },
    {
      "date": "2025-09-30T00:00:00",
      "quarter_label": "2025-09 (Q3)",
      "revenue": 9675800000,
      "gross_profit": 1466000000,
      "operating_income": 421600000,
      "net_income": 217100000,
      "opex": 1044400000,
      "cogs": 8209800000,
      "rd": null,
      "sga": 998000000,
      "fcf": -207300000,
      "ocf": -98400000,
      "capex": -108900000,
      "gross_margin": 0.15151201967795944,
      "op_margin": 0.04357262448583063,
      "fcf_margin": -0.021424585047231236,
      "incr_op_margin_yoy": -0.005716798592788039,
      "rev_growth_yoy": 0.04932219932762173,
      "rev_growth_yoy_accel": 0.011279780731031683,
      "fcf_margin_change": -0.014036501983472496
    }
  ],
  "signals": [
    {
      "quarter": "2025-03 (Q1)",
      "signal": "FCF TURNED POSITIVE",
      "detail": "FCF margin: -0.2% -> +2.8%",
      "severity": "HIGH"
    },
    {
      "quarter": "2025-03 (Q1)",
      "signal": "YoY REVENUE GROWTH DECELERATION",
      "detail": "YoY growth: +7.2% vs prior quarter YoY: +19.5% (decel: -12.3%)",
      "severity": "WARNING"
    },
    {
      "quarter": "2024-12 (Q4)",
      "signal": "YoY REVENUE GROWTH ACCELERATION",
      "detail": "YoY growth: +19.5% vs prior quarter YoY: +11.4% (accel: +8.1%)",
      "severity": "MEDIUM"
    },
    {
      "quarter": "2024-09 (Q3)",
      "signal": "FCF TURNED POSITIVE",
      "detail": "FCF margin: -3.0% -> +1.7%",
      "severity": "HIGH"
    },
    {
      "quarter": "2024-06 (Q2)",
      "signal": "OPERATING LEVERAGE",
      "detail": "Rev growth +7.8% vs OpEx growth +3.7% (leverage: 2.1x)",
      "severity": "MEDIUM"
    },
    {
      "quarter": "2024-06 (Q2)",
      "signal": "YoY REVENUE GROWTH DECELERATION",
      "detail": "YoY growth: +13.8% vs prior quarter YoY: +22.8% (decel: -9.0%)",
      "severity": "WARNING"
    },
    {
      "quarter": "2024-03 (Q1)",
      "signal": "FCF TURNED POSITIVE",
      "detail": "FCF margin: -4.7% -> +2.5%",
      "severity": "HIGH"
    },
    {
      "quarter": "2024-03 (Q1)",
      "signal": "YoY REVENUE GROWTH ACCELERATION",
      "detail": "YoY growth: +22.8% vs prior quarter YoY: +10.5% (accel: +12.3%)",
      "severity": "MEDIUM"
    },
    {
      "quarter": "2023-09 (Q3)",
      "signal": "FCF TURNED POSITIVE",
      "detail": "FCF margin: -3.8% -> +0.7%",
      "severity": "HIGH"
    },
    {
      "quarter": "2023-06 (Q2)",
      "signal": "OPERATING LEVERAGE",
      "detail": "Rev growth +16.3% vs OpEx growth +9.2% (leverage: 1.8x)",
      "severity": "MEDIUM"
    },
    {
      "quarter": "2023-06 (Q2)",
      "signal": "YoY REVENUE GROWTH ACCELERATION",
      "detail": "YoY growth: +12.0% vs prior quarter YoY: +4.0% (accel: +8.0%)",
      "severity": "MEDIUM"
    },
    {
      "quarter": "2023-03 (Q1)",
      "signal": "YoY REVENUE GROWTH DECELERATION",
      "detail": "YoY growth: +4.0% vs prior quarter YoY: +10.1% (decel: -6.1%)",
      "severity": "WARNING"
    },
    {
      "quarter": "2022-12 (Q4)",
      "signal": "YoY REVENUE GROWTH DECELERATION",
      "detail": "YoY growth: +10.1% vs prior quarter YoY: +18.2% (decel: -8.2%)",
      "severity": "WARNING"
    },
    {
      "quarter": "2022-06 (Q2)",
      "signal": "YoY REVENUE GROWTH DECELERATION",
      "detail": "YoY growth: +20.5% vs prior quarter YoY: +54.4% (decel: -33.9%)",
      "severity": "WARNING"
    },
    {
      "quarter": "2022-03 (Q1)",
      "signal": "OPERATING LEVERAGE",
      "detail": "Rev growth +6.3% vs OpEx growth +3.4% (leverage: 1.8x)",
      "severity": "MEDIUM"
    },
    {
      "quarter": "2022-03 (Q1)",
      "signal": "YoY REVENUE GROWTH DECELERATION",
      "detail": "YoY growth: +54.4% vs prior quarter YoY: +60.1% (decel: -5.7%)",
      "severity": "WARNING"
    },
    {
      "quarter": "2021-03 (Q1)",
      "signal": "FCF TURNED POSITIVE",
      "detail": "FCF margin: -7.6% -> +10.3%",
      "severity": "HIGH"
    }
  ],
  "data_quality": {
    "n_quarters": 20,
    "coverage": {
      "revenue": [
        20,
        20
      ],
      "gross_profit": [
        20,
        20
      ],
      "op_income": [
        20,
        20
      ],
      "fcf": [
        20,
        20
      ]
    },
    "gaps": [],
    "warnings": []
  },
  "market_cap": null,
  "source": "SEC EDGAR",
  "last_updated": "2026-02-02T20:45:58.496499",
  "sector": "Consumer Cyclical",
  "industry": "Auto & Truck Dealerships"
}