{
  "ticker": "LAKE",
  "name": "Lakeland Industries, Inc.",
  "quarters": [
    {
      "date": "2021-01-31T00:00:00",
      "quarter_label": "2021-01 (Q1)",
      "revenue": 36946000,
      "gross_profit": 18078000,
      "operating_income": 9256000,
      "net_income": 7869000,
      "opex": 8822000,
      "cogs": 18868000,
      "rd": null,
      "sga": null,
      "fcf": 12303000,
      "ocf": 12640000,
      "capex": -337000,
      "gross_margin": 0.48930872083581445,
      "op_margin": 0.25052779732582686,
      "fcf_margin": 0.3329995128024685
    },
    {
      "date": "2021-04-30T00:00:00",
      "quarter_label": "2021-04 (Q2)",
      "revenue": 34092000,
      "gross_profit": 14386000,
      "operating_income": 6238000,
      "net_income": 4641000,
      "opex": 8148000,
      "cogs": 19706000,
      "rd": null,
      "sga": null,
      "fcf": 8184000,
      "ocf": 8319000,
      "capex": -135000,
      "gross_margin": 0.4219758301067699,
      "op_margin": 0.18297547811803355,
      "fcf_margin": 0.24005631819781767,
      "fcf_margin_change": -0.09294319460465081
    },
    {
      "date": "2021-07-31T00:00:00",
      "quarter_label": "2021-07 (Q3)",
      "revenue": 27466000,
      "gross_profit": 12718000,
      "operating_income": 3927000,
      "net_income": 2558000,
      "opex": 8791000,
      "cogs": 14748000,
      "rd": null,
      "sga": null,
      "fcf": 4476000,
      "ocf": 4793000,
      "capex": -317000,
      "gross_margin": 0.46304521954416367,
      "op_margin": 0.14297677128085634,
      "fcf_margin": 0.16296512051263382,
      "fcf_margin_change": -0.07709119768518385
    },
    {
      "date": "2021-10-31T00:00:00",
      "quarter_label": "2021-10 (Q4)",
      "revenue": 30032000,
      "gross_profit": 12633000,
      "operating_income": 4089000,
      "net_income": 2792000,
      "opex": 8544000,
      "cogs": 17399000,
      "rd": null,
      "sga": null,
      "fcf": -12647990,
      "ocf": -13099409,
      "capex": 451419,
      "gross_margin": 0.420651305274374,
      "op_margin": 0.136154768247203,
      "fcf_margin": -0.42115043953116676,
      "op_leverage_ratio": Infinity,
      "fcf_margin_change": -0.5841155600438006
    },
    {
      "date": "2022-01-31T00:00:00",
      "quarter_label": "2022-01 (Q1)",
      "revenue": 26796000,
      "gross_profit": 11176000,
      "operating_income": 1793000,
      "net_income": 1381000,
      "opex": 9383000,
      "cogs": 15620000,
      "rd": null,
      "sga": null,
      "fcf": 11971990,
      "ocf": 12772409,
      "capex": -800419,
      "gross_margin": 0.41707717569786534,
      "op_margin": 0.06691297208538588,
      "fcf_margin": 0.4467827287654874,
      "incr_op_margin_yoy": 0.7352709359605911,
      "rev_growth_yoy": -0.27472527472527475,
      "fcf_margin_change": 0.8679331682966542
    },
    {
      "date": "2022-04-30T00:00:00",
      "quarter_label": "2022-04 (Q2)",
      "revenue": 27278000,
      "gross_profit": 11056000,
      "operating_income": 1449000,
      "net_income": 1129000,
      "opex": 9607000,
      "cogs": 16222000,
      "rd": null,
      "sga": null,
      "fcf": 1446000,
      "ocf": 1911000,
      "capex": -465000,
      "gross_margin": 0.4053083070606349,
      "op_margin": 0.05311973018549747,
      "fcf_margin": 0.05300975144805337,
      "incr_op_margin_yoy": 0.7028177282066334,
      "rev_growth_yoy": -0.1998709374633345,
      "rev_growth_yoy_accel": 0.07485433726194024,
      "op_leverage_ratio": 0.7534783309875673,
      "fcf_margin_change": -0.39377297731743405
    },
    {
      "date": "2022-07-31T00:00:00",
      "quarter_label": "2022-07 (Q3)",
      "revenue": 28184000,
      "gross_profit": 11627000,
      "operating_income": 1795000,
      "net_income": -870000,
      "opex": 9832000,
      "cogs": 16557000,
      "rd": null,
      "sga": null,
      "fcf": -6469000,
      "ocf": -6485000,
      "capex": 16000,
      "gross_margin": 0.4125390292364462,
      "op_margin": 0.06368861765540733,
      "fcf_margin": -0.22952739142776044,
      "rev_growth_yoy": 0.026141411199300954,
      "rev_growth_yoy_accel": 0.22601234866263548,
      "op_leverage_ratio": 1.418146002883887,
      "fcf_margin_change": -0.28253714287581383
    },
    {
      "date": "2022-10-31T00:00:00",
      "quarter_label": "2022-10 (Q4)",
      "revenue": 28387000,
      "gross_profit": 12304000,
      "operating_income": 2222000,
      "net_income": 1431000,
      "opex": 10082000,
      "cogs": 16083000,
      "rd": null,
      "sga": null,
      "fcf": -1480000,
      "ocf": -656000,
      "capex": -824000,
      "gross_margin": 0.43343784126536794,
      "op_margin": 0.07827526684750062,
      "fcf_margin": -0.05213654137457287,
      "incr_op_margin_yoy": 1.1349544072948328,
      "rev_growth_yoy": -0.05477490676611614,
      "rev_growth_yoy_accel": -0.0809163179654171,
      "fcf_margin_change": 0.17739085005318755
    },
    {
      "date": "2023-01-31T00:00:00",
      "quarter_label": "2023-01 (Q1)",
      "revenue": 28997000,
      "gross_profit": 10862000,
      "operating_income": 76000,
      "net_income": 183000,
      "opex": 10786000,
      "cogs": 18135000,
      "rd": null,
      "sga": null,
      "fcf": -933000,
      "ocf": -221000,
      "capex": -712000,
      "gross_margin": 0.3745904748767114,
      "op_margin": 0.0026209607890471426,
      "fcf_margin": -0.032175742318170844,
      "incr_op_margin_yoy": -0.7800999545661064,
      "rev_growth_yoy": 0.08213912524257352,
      "rev_growth_yoy_accel": 0.13691403200868968,
      "op_leverage_ratio": 0.3077402988563907,
      "fcf_margin_change": 0.019960799056402023
    },
    {
      "date": "2023-04-30T00:00:00",
      "quarter_label": "2023-04 (Q2)",
      "revenue": 28700000,
      "gross_profit": 12444000,
      "operating_income": 1938000,
      "net_income": 1320000,
      "opex": 10506000,
      "cogs": 16256000,
      "rd": null,
      "sga": null,
      "fcf": 2980000,
      "ocf": 3670000,
      "capex": -690000,
      "gross_margin": 0.433588850174216,
      "op_margin": 0.06752613240418119,
      "fcf_margin": 0.10383275261324042,
      "incr_op_margin_yoy": 0.3438818565400844,
      "rev_growth_yoy": 0.05212992154850062,
      "rev_growth_yoy_accel": -0.0300092036940729,
      "fcf_margin_change": 0.13600849493141126
    },
    {
      "date": "2023-07-31T00:00:00",
      "quarter_label": "2023-07 (Q3)",
      "revenue": 33071000,
      "gross_profit": 14183000,
      "operating_income": 3730000,
      "net_income": 2465000,
      "opex": 10453000,
      "cogs": 18888000,
      "rd": null,
      "sga": null,
      "fcf": -168000,
      "ocf": 234000,
      "capex": -402000,
      "gross_margin": 0.42886516887907833,
      "op_margin": 0.11278763871670043,
      "fcf_margin": -0.005079979438178464,
      "incr_op_margin_yoy": 0.39594843462246776,
      "rev_growth_yoy": 0.17339625319330115,
      "rev_growth_yoy_accel": 0.12126633164480052,
      "op_leverage_ratio": Infinity,
      "fcf_margin_change": -0.10891273205141888
    },
    {
      "date": "2023-10-31T00:00:00",
      "quarter_label": "2023-10 (Q4)",
      "revenue": 31678000,
      "gross_profit": 13361000,
      "operating_income": 3621000,
      "net_income": 2618000,
      "opex": 9740000,
      "cogs": 18317000,
      "rd": null,
      "sga": null,
      "fcf": 3416000,
      "ocf": 3829000,
      "capex": -413000,
      "gross_margin": 0.4217753646063514,
      "op_margin": 0.11430645874108214,
      "fcf_margin": 0.10783509059915398,
      "incr_op_margin_yoy": 0.42509875417806137,
      "rev_growth_yoy": 0.11593334977278331,
      "rev_growth_yoy_accel": -0.05746290342051784,
      "fcf_margin_change": 0.11291507003733245
    },
    {
      "date": "2024-01-31T00:00:00",
      "quarter_label": "2024-01 (Q1)",
      "revenue": 31239000,
      "gross_profit": 11204000,
      "operating_income": -3296000,
      "net_income": -977000,
      "opex": 14501000,
      "cogs": 20035000,
      "rd": null,
      "sga": null,
      "fcf": 2615000,
      "ocf": 3179000,
      "capex": -564000,
      "gross_margin": 0.3586542462946957,
      "op_margin": -0.10550913921700439,
      "fcf_margin": 0.08370946573193765,
      "incr_op_margin_yoy": -1.504014272970562,
      "rev_growth_yoy": 0.07731834327689072,
      "rev_growth_yoy_accel": -0.0386150064958926,
      "fcf_margin_change": -0.02412562486721634
    },
    {
      "date": "2024-04-30T00:00:00",
      "quarter_label": "2024-04 (Q2)",
      "revenue": 36309000,
      "gross_profit": 16184000,
      "operating_income": 2202000,
      "net_income": 1653000,
      "opex": 13982000,
      "cogs": 20125000,
      "rd": null,
      "sga": null,
      "fcf": -173000,
      "ocf": 293000,
      "capex": -466000,
      "gross_margin": 0.4457297088876036,
      "op_margin": 0.060646120796496734,
      "fcf_margin": -0.004764658899997246,
      "incr_op_margin_yoy": 0.03469575502694178,
      "rev_growth_yoy": 0.2651219512195122,
      "rev_growth_yoy_accel": 0.1878036079426215,
      "op_leverage_ratio": Infinity,
      "fcf_margin_change": -0.0884741246319349
    },
    {
      "date": "2024-07-31T00:00:00",
      "quarter_label": "2024-07 (Q3)",
      "revenue": 38512000,
      "gross_profit": 15235000,
      "operating_income": -1591000,
      "net_income": -1376000,
      "opex": 16826000,
      "cogs": 23277000,
      "rd": null,
      "sga": null,
      "fcf": -4722000,
      "ocf": -4346000,
      "capex": -376000,
      "gross_margin": 0.39559098462816783,
      "op_margin": -0.0413117989198172,
      "fcf_margin": -0.12261113419194017,
      "incr_op_margin_yoy": -0.9779452306561294,
      "rev_growth_yoy": 0.1645248102567204,
      "rev_growth_yoy_accel": -0.10059714096279182,
      "op_leverage_ratio": 0.2982908384545388,
      "fcf_margin_change": -0.11784647529194292
    },
    {
      "date": "2024-10-31T00:00:00",
      "quarter_label": "2024-10 (Q4)",
      "revenue": 45761000,
      "gross_profit": 18560000,
      "operating_income": 807000,
      "net_income": 86000,
      "opex": 17753000,
      "cogs": 27201000,
      "rd": null,
      "sga": null,
      "fcf": -9084000,
      "ocf": -8441000,
      "capex": -643000,
      "gross_margin": 0.40558554227398874,
      "op_margin": 0.01763510412796923,
      "fcf_margin": -0.19850964795349751,
      "incr_op_margin_yoy": -0.1998153802456863,
      "rev_growth_yoy": 0.44456720752572765,
      "rev_growth_yoy_accel": 0.28004239726900726,
      "op_leverage_ratio": 3.4165137841848368,
      "fcf_margin_change": -0.07589851376155735
    },
    {
      "date": "2025-01-31T00:00:00",
      "quarter_label": "2025-01 (Q1)",
      "revenue": 46628000,
      "gross_profit": 18694000,
      "operating_income": -10683000,
      "net_income": -18438000,
      "opex": 18839000,
      "cogs": 27934000,
      "rd": null,
      "sga": null,
      "fcf": -3442000,
      "ocf": -3387000,
      "capex": -55000,
      "gross_margin": 0.400917903405679,
      "op_margin": -0.2291112636184267,
      "fcf_margin": -0.07381830659689458,
      "incr_op_margin_yoy": -0.4800181948144779,
      "rev_growth_yoy": 0.49262140273376226,
      "rev_growth_yoy_accel": 0.04805419520803461,
      "op_leverage_ratio": 0.309717338740883,
      "fcf_margin_change": 0.12469134135660294
    },
    {
      "date": "2025-04-30T00:00:00",
      "quarter_label": "2025-04 (Q2)",
      "revenue": 46746000,
      "gross_profit": 15644000,
      "operating_income": -4634000,
      "net_income": -3913000,
      "opex": 20278000,
      "cogs": 31102000,
      "rd": null,
      "sga": null,
      "fcf": -6050000,
      "ocf": -4841000,
      "capex": -1209000,
      "gross_margin": 0.33465965002353143,
      "op_margin": -0.09913147648996705,
      "fcf_margin": -0.12942283831771703,
      "incr_op_margin_yoy": -0.654977483951327,
      "rev_growth_yoy": 0.2874493927125506,
      "rev_growth_yoy_accel": -0.20517201002121166,
      "fcf_margin_change": -0.055604531720822456
    },
    {
      "date": "2025-07-31T00:00:00",
      "quarter_label": "2025-07 (Q3)",
      "revenue": 52496000,
      "gross_profit": 18818000,
      "operating_income": -4042000,
      "net_income": 766000,
      "opex": 19283000,
      "cogs": 33678000,
      "rd": null,
      "sga": null,
      "fcf": -5740000,
      "ocf": -4819000,
      "capex": -921000,
      "gross_margin": 0.3584654068881439,
      "op_margin": -0.07699634257848217,
      "fcf_margin": -0.10934166412679061,
      "incr_op_margin_yoy": -0.17527173913043478,
      "rev_growth_yoy": 0.36310760282509347,
      "rev_growth_yoy_accel": 0.07565821011254287,
      "op_leverage_ratio": Infinity,
      "fcf_margin_change": 0.02008117419092642
    },
    {
      "date": "2025-10-31T00:00:00",
      "quarter_label": "2025-10 (Q4)",
      "revenue": 47586000,
      "gross_profit": 14132000,
      "operating_income": -1622000,
      "net_income": -15955000,
      "opex": 20087000,
      "cogs": 33454000,
      "rd": null,
      "sga": null,
      "fcf": -6584000,
      "ocf": -7930000,
      "capex": 1346000,
      "gross_margin": 0.2969781028033455,
      "op_margin": -0.034085655444878744,
      "fcf_margin": -0.1383600218551675,
      "incr_op_margin_yoy": -1.330958904109589,
      "rev_growth_yoy": 0.03988112147898866,
      "rev_growth_yoy_accel": -0.3232264813461048,
      "fcf_margin_change": -0.02901835772837688
    }
  ],
  "signals": [
    {
      "quarter": "2025-10 (Q4)",
      "signal": "YoY REVENUE GROWTH DECELERATION",
      "detail": "YoY growth: +4.0% vs prior quarter YoY: +36.3% (decel: -32.3%)",
      "severity": "WARNING"
    },
    {
      "quarter": "2025-07 (Q3)",
      "signal": "GROSS MARGIN INFLECTION",
      "detail": "GM: +40.1% -> +33.5% -> +35.8% (reversal +2.4%)",
      "severity": "MEDIUM"
    },
    {
      "quarter": "2025-07 (Q3)",
      "signal": "YoY REVENUE GROWTH ACCELERATION",
      "detail": "YoY growth: +36.3% vs prior quarter YoY: +28.7% (accel: +7.6%)",
      "severity": "MEDIUM"
    },
    {
      "quarter": "2025-04 (Q2)",
      "signal": "YoY REVENUE GROWTH DECELERATION",
      "detail": "YoY growth: +28.7% vs prior quarter YoY: +49.3% (decel: -20.5%)",
      "severity": "WARNING"
    },
    {
      "quarter": "2025-01 (Q1)",
      "signal": "FCF MARGIN EXPANSION",
      "detail": "FCF margin: -19.9% -> -7.4% (+12.5%)",
      "severity": "MEDIUM"
    },
    {
      "quarter": "2024-10 (Q4)",
      "signal": "OPERATING LEVERAGE",
      "detail": "Rev growth +18.8% vs OpEx growth +5.5% (leverage: 3.4x)",
      "severity": "MEDIUM"
    },
    {
      "quarter": "2024-10 (Q4)",
      "signal": "YoY REVENUE GROWTH ACCELERATION",
      "detail": "YoY growth: +44.5% vs prior quarter YoY: +16.5% (accel: +28.0%)",
      "severity": "HIGH"
    },
    {
      "quarter": "2024-10 (Q4)",
      "signal": "OP MARGIN TURNED POSITIVE (QoQ)",
      "detail": "Op margin: -4.1% -> +1.8%",
      "severity": "HIGH"
    },
    {
      "quarter": "2024-07 (Q3)",
      "signal": "YoY REVENUE GROWTH DECELERATION",
      "detail": "YoY growth: +16.5% vs prior quarter YoY: +26.5% (decel: -10.1%)",
      "severity": "WARNING"
    },
    {
      "quarter": "2024-04 (Q2)",
      "signal": "GROSS MARGIN INFLECTION",
      "detail": "GM: +42.2% -> +35.9% -> +44.6% (reversal +8.7%)",
      "severity": "HIGH"
    },
    {
      "quarter": "2024-04 (Q2)",
      "signal": "YoY REVENUE GROWTH ACCELERATION",
      "detail": "YoY growth: +26.5% vs prior quarter YoY: +7.7% (accel: +18.8%)",
      "severity": "HIGH"
    },
    {
      "quarter": "2024-04 (Q2)",
      "signal": "OP MARGIN TURNED POSITIVE (QoQ)",
      "detail": "Op margin: -10.6% -> +6.1%",
      "severity": "HIGH"
    },
    {
      "quarter": "2023-10 (Q4)",
      "signal": "FCF TURNED POSITIVE",
      "detail": "FCF margin: -0.5% -> +10.8%",
      "severity": "HIGH"
    },
    {
      "quarter": "2023-10 (Q4)",
      "signal": "YoY REVENUE GROWTH DECELERATION",
      "detail": "YoY growth: +11.6% vs prior quarter YoY: +17.3% (decel: -5.7%)",
      "severity": "WARNING"
    },
    {
      "quarter": "2023-10 (Q4)",
      "signal": "INCREMENTAL MARGIN (YoY)",
      "detail": "YoY Incr OPM: +42.5% vs year-ago OPM: +7.8%",
      "severity": "HIGH"
    },
    {
      "quarter": "2023-07 (Q3)",
      "signal": "YoY REVENUE GROWTH ACCELERATION",
      "detail": "YoY growth: +17.3% vs prior quarter YoY: +5.2% (accel: +12.1%)",
      "severity": "MEDIUM"
    },
    {
      "quarter": "2023-07 (Q3)",
      "signal": "INCREMENTAL MARGIN (YoY)",
      "detail": "YoY Incr OPM: +39.6% vs year-ago OPM: +6.4%",
      "severity": "HIGH"
    },
    {
      "quarter": "2023-04 (Q2)",
      "signal": "FCF TURNED POSITIVE",
      "detail": "FCF margin: -3.2% -> +10.4%",
      "severity": "HIGH"
    },
    {
      "quarter": "2023-04 (Q2)",
      "signal": "GROSS MARGIN INFLECTION",
      "detail": "GM: +43.3% -> +37.5% -> +43.4% (reversal +5.9%)",
      "severity": "HIGH"
    },
    {
      "quarter": "2023-04 (Q2)",
      "signal": "INCREMENTAL MARGIN (YoY)",
      "detail": "YoY Incr OPM: +34.4% vs year-ago OPM: +5.3%",
      "severity": "HIGH"
    },
    {
      "quarter": "2023-01 (Q1)",
      "signal": "YoY REVENUE GROWTH ACCELERATION",
      "detail": "YoY growth: +8.2% vs prior quarter YoY: -5.5% (accel: +13.7%)",
      "severity": "MEDIUM"
    },
    {
      "quarter": "2022-10 (Q4)",
      "signal": "FCF MARGIN EXPANSION",
      "detail": "FCF margin: -23.0% -> -5.2% (+17.7%)",
      "severity": "MEDIUM"
    },
    {
      "quarter": "2022-10 (Q4)",
      "signal": "YoY REVENUE GROWTH DECELERATION",
      "detail": "YoY growth: -5.5% vs prior quarter YoY: +2.6% (decel: -8.1%)",
      "severity": "WARNING"
    },
    {
      "quarter": "2022-10 (Q4)",
      "signal": "INCREMENTAL MARGIN (YoY)",
      "detail": "YoY Incr OPM: +113.5% vs year-ago OPM: +13.6%",
      "severity": "HIGH"
    },
    {
      "quarter": "2022-07 (Q3)",
      "signal": "YoY REVENUE GROWTH ACCELERATION",
      "detail": "YoY growth: +2.6% vs prior quarter YoY: -20.0% (accel: +22.6%)",
      "severity": "HIGH"
    },
    {
      "quarter": "2022-04 (Q2)",
      "signal": "YoY REVENUE GROWTH ACCELERATION",
      "detail": "YoY growth: -20.0% vs prior quarter YoY: -27.5% (accel: +7.5%)",
      "severity": "MEDIUM"
    },
    {
      "quarter": "2022-04 (Q2)",
      "signal": "INCREMENTAL MARGIN (YoY)",
      "detail": "YoY Incr OPM: +70.3% vs year-ago OPM: +18.3%",
      "severity": "HIGH"
    },
    {
      "quarter": "2022-01 (Q1)",
      "signal": "FCF TURNED POSITIVE",
      "detail": "FCF margin: -42.1% -> +44.7%",
      "severity": "HIGH"
    },
    {
      "quarter": "2022-01 (Q1)",
      "signal": "INCREMENTAL MARGIN (YoY)",
      "detail": "YoY Incr OPM: +73.5% vs year-ago OPM: +25.1%",
      "severity": "HIGH"
    },
    {
      "quarter": "2021-07 (Q3)",
      "signal": "GROSS MARGIN INFLECTION",
      "detail": "GM: +48.9% -> +42.2% -> +46.3% (reversal +4.1%)",
      "severity": "MEDIUM"
    }
  ],
  "data_quality": {
    "n_quarters": 20,
    "coverage": {
      "revenue": [
        20,
        20
      ],
      "gross_profit": [
        20,
        20
      ],
      "op_income": [
        20,
        20
      ],
      "fcf": [
        20,
        20
      ]
    },
    "gaps": [],
    "warnings": []
  },
  "market_cap": null,
  "source": "SEC EDGAR",
  "last_updated": "2026-02-02T23:24:41.228543"
}