{
  "ticker": "LAMR",
  "name": "LAMAR ADVERTISING CO/NEW",
  "quarters": [
    {
      "date": "2020-12-31T00:00:00",
      "quarter_label": "2020-12 (Q4)",
      "revenue": 428525000,
      "gross_profit": 290726000,
      "operating_income": 141231000,
      "net_income": 108706000,
      "opex": 287294000,
      "cogs": 137799000,
      "rd": null,
      "sga": null,
      "fcf": 190777000,
      "ocf": 208416000,
      "capex": -17639000,
      "gross_margin": 0.6784341637010676,
      "op_margin": 0.3295747039262587,
      "fcf_margin": 0.4451945627442973
    },
    {
      "date": "2021-03-31T00:00:00",
      "quarter_label": "2021-03 (Q1)",
      "revenue": 370881000,
      "gross_profit": 239666000,
      "operating_income": 88923000,
      "net_income": 38329000,
      "opex": 281958000,
      "cogs": 131215000,
      "rd": null,
      "sga": null,
      "fcf": 66986000,
      "ocf": 83318000,
      "capex": -16332000,
      "gross_margin": 0.6462072740312931,
      "op_margin": 0.23976154076374903,
      "fcf_margin": 0.18061318859688147,
      "fcf_margin_change": -0.26458137414741584
    },
    {
      "date": "2021-06-30T00:00:00",
      "quarter_label": "2021-06 (Q2)",
      "revenue": 445052000,
      "gross_profit": 304604000,
      "operating_income": 148986000,
      "net_income": 119609000,
      "opex": 296066000,
      "cogs": 140448000,
      "rd": null,
      "sga": null,
      "fcf": 176855000,
      "ocf": 201939000,
      "capex": -25084000,
      "gross_margin": 0.6844233932214663,
      "op_margin": 0.3347608818744776,
      "fcf_margin": 0.39738053081437674,
      "op_leverage_ratio": 3.996856163879499,
      "fcf_margin_change": 0.21676734221749527
    },
    {
      "date": "2021-09-30T00:00:00",
      "quarter_label": "2021-09 (Q3)",
      "revenue": 476894000,
      "gross_profit": 329584000,
      "operating_income": 133336000,
      "net_income": 106838000,
      "opex": 343558000,
      "cogs": 147310000,
      "rd": null,
      "sga": null,
      "fcf": 172880000,
      "ocf": 202977000,
      "capex": -30097000,
      "gross_margin": 0.6911053609397476,
      "op_margin": 0.2795925299961836,
      "fcf_margin": 0.3625124241445688,
      "op_leverage_ratio": 0.44602341445617966,
      "fcf_margin_change": -0.03486810666980794
    },
    {
      "date": "2021-12-31T00:00:00",
      "quarter_label": "2021-12 (Q4)",
      "revenue": 494574000,
      "gross_profit": 337040000,
      "operating_income": 149942000,
      "net_income": 123314000,
      "opex": 344632000,
      "cogs": 157534000,
      "rd": null,
      "sga": null,
      "fcf": 191606000,
      "ocf": 246183000,
      "capex": -54577000,
      "gross_margin": 0.681475370723087,
      "op_margin": 0.3031740447334474,
      "fcf_margin": 0.3874162410478513,
      "incr_op_margin_yoy": 0.13188693242895427,
      "rev_growth_yoy": 0.15413103086167668,
      "op_leverage_ratio": 11.859221666357051,
      "fcf_margin_change": 0.024903816903282472
    },
    {
      "date": "2022-03-31T00:00:00",
      "quarter_label": "2022-03 (Q1)",
      "revenue": 451388000,
      "gross_profit": 293616000,
      "operating_income": 120456000,
      "net_income": 92151000,
      "opex": 330932000,
      "cogs": 157772000,
      "rd": null,
      "sga": null,
      "fcf": 73279000,
      "ocf": 102038000,
      "capex": -28759000,
      "gross_margin": 0.6504736501634957,
      "op_margin": 0.2668568947335773,
      "fcf_margin": 0.16234148891862432,
      "incr_op_margin_yoy": 0.3916802265641497,
      "rev_growth_yoy": 0.21706962610648697,
      "rev_growth_yoy_accel": 0.0629385952448103,
      "fcf_margin_change": -0.22507475212922695
    },
    {
      "date": "2022-06-30T00:00:00",
      "quarter_label": "2022-06 (Q2)",
      "revenue": 517852000,
      "gross_profit": 351129000,
      "operating_income": 166504000,
      "net_income": 134205000,
      "opex": 351348000,
      "cogs": 166723000,
      "rd": null,
      "sga": null,
      "fcf": 163549000,
      "ocf": 210592000,
      "capex": -47043000,
      "gross_margin": 0.678048940623962,
      "op_margin": 0.32152815862447187,
      "fcf_margin": 0.3158218950588199,
      "incr_op_margin_yoy": 0.24063186813186813,
      "rev_growth_yoy": 0.16357639107340266,
      "rev_growth_yoy_accel": -0.05349323503308431,
      "op_leverage_ratio": 2.3867370370507213,
      "fcf_margin_change": 0.1534804061401956
    },
    {
      "date": "2022-09-30T00:00:00",
      "quarter_label": "2022-09 (Q3)",
      "revenue": 527390000,
      "gross_profit": 358422000,
      "operating_income": 180987000,
      "net_income": 146188000,
      "opex": 346403000,
      "cogs": 168968000,
      "rd": null,
      "sga": null,
      "fcf": 183469000,
      "ocf": 224475000,
      "capex": -41006000,
      "gross_margin": 0.6796147063842697,
      "op_margin": 0.3431748800697776,
      "fcf_margin": 0.3478810747264833,
      "incr_op_margin_yoy": 0.9436589036755386,
      "rev_growth_yoy": 0.10588516525684953,
      "rev_growth_yoy_accel": -0.05769122581655313,
      "op_leverage_ratio": Infinity,
      "fcf_margin_change": 0.03205917966766336
    },
    {
      "date": "2022-12-31T00:00:00",
      "quarter_label": "2022-12 (Q4)",
      "revenue": 535510000,
      "gross_profit": 361685000,
      "operating_income": 110054000,
      "net_income": 66103000,
      "opex": 425456000,
      "cogs": 173825000,
      "rd": null,
      "sga": null,
      "fcf": 194237000,
      "ocf": 244507000,
      "capex": -50270000,
      "gross_margin": 0.6754028869675637,
      "op_margin": 0.2055125021008011,
      "fcf_margin": 0.36271404829041476,
      "incr_op_margin_yoy": -0.9743990619503615,
      "rev_growth_yoy": 0.08277022245407159,
      "rev_growth_yoy_accel": -0.02311494280277794,
      "op_leverage_ratio": 0.06746638298146061,
      "fcf_margin_change": 0.014832973563931484
    },
    {
      "date": "2023-03-31T00:00:00",
      "quarter_label": "2023-03 (Q1)",
      "revenue": 471332000,
      "gross_profit": 302900000,
      "operating_income": 118801000,
      "net_income": 76041000,
      "opex": 352531000,
      "cogs": 168432000,
      "rd": null,
      "sga": null,
      "fcf": 66427000,
      "ocf": 108712000,
      "capex": -42285000,
      "gross_margin": 0.6426467967377559,
      "op_margin": 0.252053754041737,
      "fcf_margin": 0.14093462782072932,
      "incr_op_margin_yoy": -0.08298235058162856,
      "rev_growth_yoy": 0.044183717777167314,
      "rev_growth_yoy_accel": -0.038586504676904276,
      "fcf_margin_change": -0.22177942046968543
    },
    {
      "date": "2023-06-30T00:00:00",
      "quarter_label": "2023-06 (Q2)",
      "revenue": 541137000,
      "gross_profit": 369354000,
      "operating_income": 176791000,
      "net_income": 130620000,
      "opex": 364346000,
      "cogs": 171783000,
      "rd": null,
      "sga": null,
      "fcf": 147439000,
      "ocf": 198161000,
      "capex": -50722000,
      "gross_margin": 0.6825517382843901,
      "op_margin": 0.3267028497404539,
      "fcf_margin": 0.27246150235522615,
      "incr_op_margin_yoy": 0.4417865578698733,
      "rev_growth_yoy": 0.04496458447587342,
      "rev_growth_yoy_accel": 0.000780866698706105,
      "op_leverage_ratio": 4.418991764631108,
      "fcf_margin_change": 0.13152687453449682
    },
    {
      "date": "2023-09-30T00:00:00",
      "quarter_label": "2023-09 (Q3)",
      "revenue": 542609000,
      "gross_profit": 367421000,
      "operating_income": 188133000,
      "net_income": 140017000,
      "opex": 354476000,
      "cogs": 175188000,
      "rd": null,
      "sga": null,
      "fcf": 183402000,
      "ocf": 222547000,
      "capex": -39145000,
      "gross_margin": 0.6771376810926468,
      "op_margin": 0.3467192766798929,
      "fcf_margin": 0.3380002911857341,
      "incr_op_margin_yoy": 0.46954464813719693,
      "rev_growth_yoy": 0.02885720244979996,
      "rev_growth_yoy_accel": -0.01610738202607346,
      "fcf_margin_change": 0.06553878883050795
    },
    {
      "date": "2023-12-31T00:00:00",
      "quarter_label": "2023-12 (Q4)",
      "revenue": 555909000,
      "gross_profit": 374513000,
      "operating_income": 191709000,
      "net_income": 149085000,
      "opex": 364200000,
      "cogs": 181396000,
      "rd": null,
      "sga": null,
      "fcf": 208074000,
      "ocf": 254193000,
      "capex": -46119000,
      "gross_margin": 0.6736947953711848,
      "op_margin": 0.3448568021025024,
      "fcf_margin": 0.37429507347425567,
      "incr_op_margin_yoy": 4.002892298642091,
      "rev_growth_yoy": 0.038092659334092734,
      "rev_growth_yoy_accel": 0.009235456884292774,
      "op_leverage_ratio": 0.8935246421387727,
      "fcf_margin_change": 0.036294782288521565
    },
    {
      "date": "2024-03-31T00:00:00",
      "quarter_label": "2024-03 (Q1)",
      "revenue": 498150000,
      "gross_profit": 322505000,
      "operating_income": 124600000,
      "net_income": 78224000,
      "opex": 373550000,
      "cogs": 175645000,
      "rd": null,
      "sga": null,
      "fcf": 81080000,
      "ocf": 110562000,
      "capex": -29482000,
      "gross_margin": 0.6474053999799257,
      "op_margin": 0.2501254642176051,
      "fcf_margin": 0.16276222021479475,
      "incr_op_margin_yoy": 0.21623536430755463,
      "rev_growth_yoy": 0.05689832220176012,
      "rev_growth_yoy_accel": 0.018805662867667383,
      "fcf_margin_change": -0.21153285325946092
    },
    {
      "date": "2024-06-30T00:00:00",
      "quarter_label": "2024-06 (Q2)",
      "revenue": 565251000,
      "gross_profit": 381986000,
      "operating_income": 184227000,
      "net_income": 137366000,
      "opex": 381024000,
      "cogs": 183265000,
      "rd": null,
      "sga": null,
      "fcf": 233694000,
      "ocf": 256342000,
      "capex": -22648000,
      "gross_margin": 0.6757812016254726,
      "op_margin": 0.32592069717700634,
      "fcf_margin": 0.41343403196102263,
      "incr_op_margin_yoy": 0.30836858256614413,
      "rev_growth_yoy": 0.04456172836084023,
      "rev_growth_yoy_accel": -0.01233659384091989,
      "op_leverage_ratio": 6.732316192873225,
      "fcf_margin_change": 0.2506718117462279
    },
    {
      "date": "2024-09-30T00:00:00",
      "quarter_label": "2024-09 (Q3)",
      "revenue": 564135000,
      "gross_profit": 381550000,
      "operating_income": 186556000,
      "net_income": 147476000,
      "opex": 377579000,
      "cogs": 182585000,
      "rd": null,
      "sga": null,
      "fcf": 197253000,
      "ocf": 227393000,
      "capex": -30140000,
      "gross_margin": 0.6763452010600299,
      "op_margin": 0.3306938941919931,
      "fcf_margin": 0.34965566752638993,
      "incr_op_margin_yoy": -0.07326024342655393,
      "rev_growth_yoy": 0.03967129185103822,
      "rev_growth_yoy_accel": -0.004890436509802004,
      "fcf_margin_change": -0.0637783644346327
    },
    {
      "date": "2024-12-31T00:00:00",
      "quarter_label": "2024-12 (Q4)",
      "revenue": 579567000,
      "gross_profit": 393187000,
      "operating_income": 36657000,
      "net_income": -1199000,
      "opex": 542910000,
      "cogs": 186380000,
      "rd": null,
      "sga": null,
      "fcf": 236299000,
      "ocf": 279313000,
      "capex": -43014000,
      "gross_margin": 0.6784150926467518,
      "op_margin": 0.06324894274518736,
      "fcf_margin": 0.4077164503845112,
      "incr_op_margin_yoy": -6.553892974892214,
      "rev_growth_yoy": 0.04255732502981603,
      "rev_growth_yoy_accel": 0.002886033178777808,
      "op_leverage_ratio": 0.06247304997144614,
      "fcf_margin_change": 0.058060782858121274
    },
    {
      "date": "2025-03-31T00:00:00",
      "quarter_label": "2025-03 (Q1)",
      "revenue": 505430000,
      "gross_profit": 325433000,
      "operating_income": 191233000,
      "net_income": 138755000,
      "opex": 314197000,
      "cogs": 179997000,
      "rd": null,
      "sga": null,
      "fcf": 97858000,
      "ocf": 127745000,
      "capex": -29887000,
      "gross_margin": 0.643873533426983,
      "op_margin": 0.3783570425182518,
      "fcf_margin": 0.19361335892210593,
      "incr_op_margin_yoy": 9.152884615384615,
      "rev_growth_yoy": 0.014614072066646592,
      "rev_growth_yoy_accel": -0.027943252963169442,
      "fcf_margin_change": -0.21410309146240528
    },
    {
      "date": "2025-06-30T00:00:00",
      "quarter_label": "2025-06 (Q2)",
      "revenue": 579311000,
      "gross_profit": 392535000,
      "operating_income": 197681000,
      "net_income": 154355000,
      "opex": 381630000,
      "cogs": 186776000,
      "rd": null,
      "sga": null,
      "fcf": 191286000,
      "ocf": 229487000,
      "capex": -38201000,
      "gross_margin": 0.6775894122500695,
      "op_margin": 0.34123467360364296,
      "fcf_margin": 0.3301956979929606,
      "incr_op_margin_yoy": 0.9568990042674254,
      "rev_growth_yoy": 0.024873905574691598,
      "rev_growth_yoy_accel": 0.010259833508045007,
      "op_leverage_ratio": 0.6810849783000762,
      "fcf_margin_change": 0.13658233907085468
    },
    {
      "date": "2025-09-30T00:00:00",
      "quarter_label": "2025-09 (Q3)",
      "revenue": 585541000,
      "gross_profit": 397825000,
      "operating_income": 189084000,
      "net_income": 141753000,
      "opex": 396457000,
      "cogs": 187716000,
      "rd": null,
      "sga": null,
      "fcf": 185807000,
      "ocf": 235657000,
      "capex": -49850000,
      "gross_margin": 0.679414421876521,
      "op_margin": 0.32292187908276276,
      "fcf_margin": 0.3173253452789813,
      "incr_op_margin_yoy": 0.11809772960852098,
      "rev_growth_yoy": 0.03794481817295506,
      "rev_growth_yoy_accel": 0.01307091259826346,
      "op_leverage_ratio": 0.2767996211943956,
      "fcf_margin_change": -0.012870352713979294
    }
  ],
  "signals": [
    {
      "quarter": "2025-06 (Q2)",
      "signal": "FCF MARGIN EXPANSION",
      "detail": "FCF margin: +19.4% -> +33.0% (+13.7%)",
      "severity": "MEDIUM"
    },
    {
      "quarter": "2025-06 (Q2)",
      "signal": "GROSS MARGIN INFLECTION",
      "detail": "GM: +67.8% -> +64.4% -> +67.8% (reversal +3.4%)",
      "severity": "MEDIUM"
    },
    {
      "quarter": "2025-06 (Q2)",
      "signal": "INCREMENTAL MARGIN (YoY)",
      "detail": "YoY Incr OPM: +95.7% vs year-ago OPM: +32.6%",
      "severity": "HIGH"
    },
    {
      "quarter": "2025-03 (Q1)",
      "signal": "INCREMENTAL MARGIN (YoY)",
      "detail": "YoY Incr OPM: +915.3% vs year-ago OPM: +25.0%",
      "severity": "HIGH"
    },
    {
      "quarter": "2024-12 (Q4)",
      "signal": "FCF MARGIN EXPANSION",
      "detail": "FCF margin: +35.0% -> +40.8% (+5.8%)",
      "severity": "MEDIUM"
    },
    {
      "quarter": "2024-06 (Q2)",
      "signal": "FCF MARGIN EXPANSION",
      "detail": "FCF margin: +16.3% -> +41.3% (+25.1%)",
      "severity": "MEDIUM"
    },
    {
      "quarter": "2024-06 (Q2)",
      "signal": "OPERATING LEVERAGE",
      "detail": "Rev growth +13.5% vs OpEx growth +2.0% (leverage: 6.7x)",
      "severity": "MEDIUM"
    },
    {
      "quarter": "2024-06 (Q2)",
      "signal": "GROSS MARGIN INFLECTION",
      "detail": "GM: +67.4% -> +64.7% -> +67.6% (reversal +2.8%)",
      "severity": "MEDIUM"
    },
    {
      "quarter": "2023-12 (Q4)",
      "signal": "INCREMENTAL MARGIN (YoY)",
      "detail": "YoY Incr OPM: +400.3% vs year-ago OPM: +20.6%",
      "severity": "HIGH"
    },
    {
      "quarter": "2023-09 (Q3)",
      "signal": "FCF MARGIN EXPANSION",
      "detail": "FCF margin: +27.2% -> +33.8% (+6.6%)",
      "severity": "MEDIUM"
    },
    {
      "quarter": "2023-09 (Q3)",
      "signal": "INCREMENTAL MARGIN (YoY)",
      "detail": "YoY Incr OPM: +47.0% vs year-ago OPM: +34.3%",
      "severity": "MEDIUM"
    },
    {
      "quarter": "2023-06 (Q2)",
      "signal": "FCF MARGIN EXPANSION",
      "detail": "FCF margin: +14.1% -> +27.2% (+13.2%)",
      "severity": "MEDIUM"
    },
    {
      "quarter": "2023-06 (Q2)",
      "signal": "OPERATING LEVERAGE",
      "detail": "Rev growth +14.8% vs OpEx growth +3.4% (leverage: 4.4x)",
      "severity": "MEDIUM"
    },
    {
      "quarter": "2023-06 (Q2)",
      "signal": "GROSS MARGIN INFLECTION",
      "detail": "GM: +67.5% -> +64.3% -> +68.3% (reversal +4.0%)",
      "severity": "MEDIUM"
    },
    {
      "quarter": "2023-06 (Q2)",
      "signal": "INCREMENTAL MARGIN (YoY)",
      "detail": "YoY Incr OPM: +44.2% vs year-ago OPM: +32.2%",
      "severity": "MEDIUM"
    },
    {
      "quarter": "2022-09 (Q3)",
      "signal": "YoY REVENUE GROWTH DECELERATION",
      "detail": "YoY growth: +10.6% vs prior quarter YoY: +16.4% (decel: -5.8%)",
      "severity": "WARNING"
    },
    {
      "quarter": "2022-09 (Q3)",
      "signal": "INCREMENTAL MARGIN (YoY)",
      "detail": "YoY Incr OPM: +94.4% vs year-ago OPM: +28.0%",
      "severity": "HIGH"
    },
    {
      "quarter": "2022-06 (Q2)",
      "signal": "FCF MARGIN EXPANSION",
      "detail": "FCF margin: +16.2% -> +31.6% (+15.3%)",
      "severity": "MEDIUM"
    },
    {
      "quarter": "2022-06 (Q2)",
      "signal": "OPERATING LEVERAGE",
      "detail": "Rev growth +14.7% vs OpEx growth +6.2% (leverage: 2.4x)",
      "severity": "MEDIUM"
    },
    {
      "quarter": "2022-06 (Q2)",
      "signal": "GROSS MARGIN INFLECTION",
      "detail": "GM: +68.1% -> +65.0% -> +67.8% (reversal +2.8%)",
      "severity": "MEDIUM"
    },
    {
      "quarter": "2022-06 (Q2)",
      "signal": "YoY REVENUE GROWTH DECELERATION",
      "detail": "YoY growth: +16.4% vs prior quarter YoY: +21.7% (decel: -5.3%)",
      "severity": "WARNING"
    },
    {
      "quarter": "2022-03 (Q1)",
      "signal": "YoY REVENUE GROWTH ACCELERATION",
      "detail": "YoY growth: +21.7% vs prior quarter YoY: +15.4% (accel: +6.3%)",
      "severity": "MEDIUM"
    },
    {
      "quarter": "2022-03 (Q1)",
      "signal": "INCREMENTAL MARGIN (YoY)",
      "detail": "YoY Incr OPM: +39.2% vs year-ago OPM: +24.0%",
      "severity": "MEDIUM"
    },
    {
      "quarter": "2021-12 (Q4)",
      "signal": "OPERATING LEVERAGE",
      "detail": "Rev growth +3.7% vs OpEx growth +0.3% (leverage: 11.9x)",
      "severity": "MEDIUM"
    },
    {
      "quarter": "2021-06 (Q2)",
      "signal": "FCF MARGIN EXPANSION",
      "detail": "FCF margin: +18.1% -> +39.7% (+21.7%)",
      "severity": "MEDIUM"
    },
    {
      "quarter": "2021-06 (Q2)",
      "signal": "OPERATING LEVERAGE",
      "detail": "Rev growth +20.0% vs OpEx growth +5.0% (leverage: 4.0x)",
      "severity": "MEDIUM"
    },
    {
      "quarter": "2021-06 (Q2)",
      "signal": "GROSS MARGIN INFLECTION",
      "detail": "GM: +67.8% -> +64.6% -> +68.4% (reversal +3.8%)",
      "severity": "MEDIUM"
    }
  ],
  "data_quality": {
    "n_quarters": 20,
    "coverage": {
      "revenue": [
        20,
        20
      ],
      "gross_profit": [
        20,
        20
      ],
      "op_income": [
        20,
        20
      ],
      "fcf": [
        20,
        20
      ]
    },
    "gaps": [],
    "warnings": []
  },
  "market_cap": null,
  "source": "SEC EDGAR",
  "last_updated": "2026-02-02T20:30:44.159792"
}