{
  "ticker": "LASR",
  "name": "NLIGHT, INC.",
  "quarters": [
    {
      "date": "2020-12-31T00:00:00",
      "quarter_label": "2020-12 (Q4)",
      "revenue": 65704000,
      "gross_profit": 19647000,
      "operating_income": -4286000,
      "net_income": -4517000,
      "opex": 23933000,
      "cogs": 46057000,
      "rd": 12028000,
      "sga": 11905000,
      "fcf": -5674000,
      "ocf": -1653000,
      "capex": -4021000,
      "gross_margin": 0.2990228905393888,
      "op_margin": -0.06523194934859369,
      "fcf_margin": -0.08635699500791429
    },
    {
      "date": "2021-03-31T00:00:00",
      "quarter_label": "2021-03 (Q1)",
      "revenue": 61345000,
      "gross_profit": 17645000,
      "operating_income": -5779000,
      "net_income": -6149000,
      "opex": 23424000,
      "cogs": 43700000,
      "rd": 11710000,
      "sga": 11714000,
      "fcf": 981000,
      "ocf": 4115000,
      "capex": -3134000,
      "gross_margin": 0.28763550411606487,
      "op_margin": -0.09420490667536066,
      "fcf_margin": 0.01599152335153639,
      "fcf_margin_change": 0.10234851835945068
    },
    {
      "date": "2021-06-30T00:00:00",
      "quarter_label": "2021-06 (Q2)",
      "revenue": 69113000,
      "gross_profit": 20325000,
      "operating_income": -9014000,
      "net_income": -7890000,
      "opex": 29339000,
      "cogs": 48788000,
      "rd": 14282000,
      "sga": 15057000,
      "fcf": -5858000,
      "ocf": -1030000,
      "capex": -4828000,
      "gross_margin": 0.2940836022166597,
      "op_margin": -0.13042408808762462,
      "fcf_margin": -0.0847597412932444,
      "op_leverage_ratio": 0.5014600694890606,
      "fcf_margin_change": -0.10075126464478079
    },
    {
      "date": "2021-09-30T00:00:00",
      "quarter_label": "2021-09 (Q3)",
      "revenue": 72235000,
      "gross_profit": 21395000,
      "operating_income": -6759000,
      "net_income": -6880000,
      "opex": 28154000,
      "cogs": 50840000,
      "rd": 14838000,
      "sga": 13316000,
      "fcf": -6072000,
      "ocf": -398000,
      "capex": -5674000,
      "gross_margin": 0.2961860593894926,
      "op_margin": -0.09356959922475254,
      "fcf_margin": -0.08405897418149097,
      "op_leverage_ratio": Infinity,
      "fcf_margin_change": 0.0007007671117534309
    },
    {
      "date": "2021-12-31T00:00:00",
      "quarter_label": "2021-12 (Q4)",
      "revenue": 67453000,
      "gross_profit": 17942000,
      "operating_income": -8665000,
      "net_income": -8750000,
      "opex": 26607000,
      "cogs": 49511000,
      "rd": 13984000,
      "sga": 12623000,
      "fcf": -15811000,
      "ocf": -10130000,
      "capex": -5681000,
      "gross_margin": 0.26599261708152344,
      "op_margin": -0.1284598164647977,
      "fcf_margin": -0.23440024906231005,
      "incr_op_margin_yoy": -2.5037164093767865,
      "rev_growth_yoy": 0.026619383903567516,
      "fcf_margin_change": -0.15034127488081908
    },
    {
      "date": "2022-03-31T00:00:00",
      "quarter_label": "2022-03 (Q1)",
      "revenue": 64459000,
      "gross_profit": 16177000,
      "operating_income": -8309000,
      "net_income": -8623000,
      "opex": 24486000,
      "cogs": 48282000,
      "rd": 13711000,
      "sga": 10775000,
      "fcf": -12023000,
      "ocf": -7004000,
      "capex": -5019000,
      "gross_margin": 0.25096573015405144,
      "op_margin": -0.12890364417691866,
      "fcf_margin": -0.1865216649342993,
      "incr_op_margin_yoy": -0.8124598587026333,
      "rev_growth_yoy": 0.0507620832993724,
      "rev_growth_yoy_accel": 0.024142699395804885,
      "fcf_margin_change": 0.04787858412801074
    },
    {
      "date": "2022-06-30T00:00:00",
      "quarter_label": "2022-06 (Q2)",
      "revenue": 60827000,
      "gross_profit": 15385000,
      "operating_income": -10317000,
      "net_income": -10342000,
      "opex": 25702000,
      "cogs": 45442000,
      "rd": 13788000,
      "sga": 11914000,
      "fcf": -12635000,
      "ocf": -4761000,
      "capex": -7874000,
      "gross_margin": 0.25293044207342136,
      "op_margin": -0.16961217880217666,
      "fcf_margin": -0.20772025580745393,
      "incr_op_margin_yoy": 0.1572531981655805,
      "rev_growth_yoy": -0.11989061392212753,
      "rev_growth_yoy_accel": -0.17065269722149995,
      "fcf_margin_change": -0.02119859087315462
    },
    {
      "date": "2022-09-30T00:00:00",
      "quarter_label": "2022-09 (Q3)",
      "revenue": 60093000,
      "gross_profit": 13476000,
      "operating_income": -12981000,
      "net_income": -12955000,
      "opex": 26457000,
      "cogs": 46617000,
      "rd": 12716000,
      "sga": 13741000,
      "fcf": -6336000,
      "ocf": -2787000,
      "capex": -3549000,
      "gross_margin": 0.22425240876641206,
      "op_margin": -0.21601517647646148,
      "fcf_margin": -0.10543657331136738,
      "incr_op_margin_yoy": 0.5124361719650798,
      "rev_growth_yoy": -0.16809026095383126,
      "rev_growth_yoy_accel": -0.04819964703170372,
      "fcf_margin_change": 0.10228368249608655
    },
    {
      "date": "2022-12-31T00:00:00",
      "quarter_label": "2022-12 (Q4)",
      "revenue": 56679000,
      "gross_profit": 5783000,
      "operating_income": -23495000,
      "net_income": -22659000,
      "opex": 29278000,
      "cogs": 50896000,
      "rd": 13558000,
      "sga": 11828000,
      "fcf": -4936000,
      "ocf": 10000,
      "capex": -4946000,
      "gross_margin": 0.10203073448719985,
      "op_margin": -0.41452742638366946,
      "fcf_margin": -0.08708692813916971,
      "incr_op_margin_yoy": 1.3764618526081307,
      "rev_growth_yoy": -0.1597260314589418,
      "rev_growth_yoy_accel": 0.008364229494889464,
      "fcf_margin_change": 0.01834964517219767
    },
    {
      "date": "2023-03-31T00:00:00",
      "quarter_label": "2023-03 (Q1)",
      "revenue": 54091000,
      "gross_profit": 14263000,
      "operating_income": -8207000,
      "net_income": -7730000,
      "opex": 22470000,
      "cogs": 39828000,
      "rd": 11301000,
      "sga": 11169000,
      "fcf": -40000,
      "ocf": 644000,
      "capex": -684000,
      "gross_margin": 0.2636852711171914,
      "op_margin": -0.15172579541883122,
      "fcf_margin": -0.0007394945554713353,
      "incr_op_margin_yoy": -0.009837962962962963,
      "rev_growth_yoy": -0.16084642951333405,
      "rev_growth_yoy_accel": -0.0011203980543922631,
      "fcf_margin_change": 0.08634743358369838
    },
    {
      "date": "2023-06-30T00:00:00",
      "quarter_label": "2023-06 (Q2)",
      "revenue": 53304000,
      "gross_profit": 12108000,
      "operating_income": -11686000,
      "net_income": -8823000,
      "opex": 23794000,
      "cogs": 41196000,
      "rd": 12004000,
      "sga": 11790000,
      "fcf": -5063000,
      "ocf": -4107000,
      "capex": -956000,
      "gross_margin": 0.22714993246285456,
      "op_margin": -0.21923307819300616,
      "fcf_margin": -0.094983490920006,
      "incr_op_margin_yoy": 0.18197527582081616,
      "rev_growth_yoy": -0.12367862955595377,
      "rev_growth_yoy_accel": 0.03716779995738029,
      "fcf_margin_change": -0.09424399636453468
    },
    {
      "date": "2023-09-30T00:00:00",
      "quarter_label": "2023-09 (Q3)",
      "revenue": 50634000,
      "gross_profit": 9938000,
      "operating_income": -12531000,
      "net_income": -11879000,
      "opex": 22469000,
      "cogs": 40696000,
      "rd": 10744000,
      "sga": 11725000,
      "fcf": 10404000,
      "ocf": 13150000,
      "capex": -2746000,
      "gross_margin": 0.1962712801674764,
      "op_margin": -0.24748192913852352,
      "fcf_margin": 0.20547458229648063,
      "incr_op_margin_yoy": -0.047573739295908656,
      "rev_growth_yoy": -0.15740602066796466,
      "rev_growth_yoy_accel": -0.033727391112010896,
      "fcf_margin_change": 0.30045807321648665
    },
    {
      "date": "2023-12-31T00:00:00",
      "quarter_label": "2023-12 (Q4)",
      "revenue": 51892000,
      "gross_profit": 9804000,
      "operating_income": -14342000,
      "net_income": -13238000,
      "opex": 24146000,
      "cogs": 42088000,
      "rd": 12114000,
      "sga": 11215000,
      "fcf": -549000,
      "ocf": 404000,
      "capex": -953000,
      "gross_margin": 0.1889308563940492,
      "op_margin": -0.2763817158714253,
      "fcf_margin": -0.010579665459030293,
      "incr_op_margin_yoy": -1.9120534781700438,
      "rev_growth_yoy": -0.08445808853367208,
      "rev_growth_yoy_accel": 0.07294793213429258,
      "op_leverage_ratio": 0.3328810598133261,
      "fcf_margin_change": -0.21605424775551094
    },
    {
      "date": "2024-03-31T00:00:00",
      "quarter_label": "2024-03 (Q1)",
      "revenue": 44527000,
      "gross_profit": 7488000,
      "operating_income": -14718000,
      "net_income": -13766000,
      "opex": 22206000,
      "cogs": 37039000,
      "rd": 10659000,
      "sga": 11547000,
      "fcf": 9819000,
      "ocf": 11375000,
      "capex": -1556000,
      "gross_margin": 0.1681676286298201,
      "op_margin": -0.3305410200552474,
      "fcf_margin": 0.2205178880229973,
      "incr_op_margin_yoy": 0.6807820995399414,
      "rev_growth_yoy": -0.17681314821319627,
      "rev_growth_yoy_accel": -0.09235505967952419,
      "fcf_margin_change": 0.2310975534820276
    },
    {
      "date": "2024-06-30T00:00:00",
      "quarter_label": "2024-06 (Q2)",
      "revenue": 50511000,
      "gross_profit": 11850000,
      "operating_income": -12690000,
      "net_income": -11729000,
      "opex": 24540000,
      "cogs": 38661000,
      "rd": 11736000,
      "sga": 12804000,
      "fcf": -6376000,
      "ocf": -4230000,
      "capex": -2146000,
      "gross_margin": 0.23460236384153946,
      "op_margin": -0.25123240482271186,
      "fcf_margin": -0.12622993011423253,
      "incr_op_margin_yoy": 0.3594701038310061,
      "rev_growth_yoy": -0.05239756866276452,
      "rev_growth_yoy_accel": 0.12441557955043175,
      "op_leverage_ratio": 1.2786086348463768,
      "fcf_margin_change": -0.3467478181372298
    },
    {
      "date": "2024-09-30T00:00:00",
      "quarter_label": "2024-09 (Q3)",
      "revenue": 56129000,
      "gross_profit": 12550000,
      "operating_income": -11799000,
      "net_income": -10335000,
      "opex": 24349000,
      "cogs": 43579000,
      "rd": 11328000,
      "sga": 13021000,
      "fcf": -7228000,
      "ocf": -5617000,
      "capex": -1611000,
      "gross_margin": 0.22359208252418536,
      "op_margin": -0.21021218977712056,
      "fcf_margin": -0.12877478665217623,
      "incr_op_margin_yoy": 0.1332120109190173,
      "rev_growth_yoy": 0.10852391673579018,
      "rev_growth_yoy_accel": 0.1609214853985547,
      "op_leverage_ratio": Infinity,
      "fcf_margin_change": -0.0025448565379437016
    },
    {
      "date": "2024-12-31T00:00:00",
      "quarter_label": "2024-12 (Q4)",
      "revenue": 47381000,
      "gross_profit": 1131000,
      "operating_income": -26429000,
      "net_income": -24962000,
      "opex": 27560000,
      "cogs": 46250000,
      "rd": 11384000,
      "sga": 11885000,
      "fcf": -6506000,
      "ocf": -3887000,
      "capex": -2619000,
      "gross_margin": 0.023870327768514804,
      "op_margin": -0.5577974293493172,
      "fcf_margin": -0.13731242481163336,
      "incr_op_margin_yoy": 2.6794502327643537,
      "rev_growth_yoy": -0.0869305480613582,
      "rev_growth_yoy_accel": -0.1954544647971484,
      "fcf_margin_change": -0.008537638159457128
    },
    {
      "date": "2025-03-31T00:00:00",
      "quarter_label": "2025-03 (Q1)",
      "revenue": 51668000,
      "gross_profit": 13799000,
      "operating_income": -9610000,
      "net_income": -8093000,
      "opex": 23409000,
      "cogs": 37869000,
      "rd": 11374000,
      "sga": 12035000,
      "fcf": -2301000,
      "ocf": -20000,
      "capex": -2281000,
      "gross_margin": 0.267070527212201,
      "op_margin": -0.18599520012386778,
      "fcf_margin": -0.04453433459781683,
      "incr_op_margin_yoy": 0.7153059795546842,
      "rev_growth_yoy": 0.16037460417274912,
      "rev_growth_yoy_accel": 0.24730515223410732,
      "op_leverage_ratio": Infinity,
      "fcf_margin_change": 0.09277809021381653
    },
    {
      "date": "2025-06-30T00:00:00",
      "quarter_label": "2025-06 (Q2)",
      "revenue": 61735000,
      "gross_profit": 18457000,
      "operating_income": -4236000,
      "net_income": -3591000,
      "opex": 22693000,
      "cogs": 43278000,
      "rd": 11012000,
      "sga": 11681000,
      "fcf": -3778000,
      "ocf": -1385000,
      "capex": -2393000,
      "gross_margin": 0.2989714100591237,
      "op_margin": -0.06861585810318296,
      "fcf_margin": -0.06119705191544505,
      "incr_op_margin_yoy": 0.7532074126870991,
      "rev_growth_yoy": 0.22220902377699908,
      "rev_growth_yoy_accel": 0.06183441960424996,
      "op_leverage_ratio": Infinity,
      "fcf_margin_change": -0.016662717317628216
    },
    {
      "date": "2025-09-30T00:00:00",
      "quarter_label": "2025-09 (Q3)",
      "revenue": 66742000,
      "gross_profit": 20753000,
      "operating_income": -7299000,
      "net_income": -6874000,
      "opex": 28052000,
      "cogs": 45989000,
      "rd": 11534000,
      "sga": 14785000,
      "fcf": 2447000,
      "ocf": 5217000,
      "capex": -2770000,
      "gross_margin": 0.31094363369392586,
      "op_margin": -0.10936142159359924,
      "fcf_margin": 0.03666357016571274,
      "incr_op_margin_yoy": 0.4240082917177047,
      "rev_growth_yoy": 0.1890822925760302,
      "rev_growth_yoy_accel": -0.03312673120096887,
      "op_leverage_ratio": 0.34344270417777,
      "fcf_margin_change": 0.09786062208115778
    }
  ],
  "signals": [
    {
      "quarter": "2025-09 (Q3)",
      "signal": "FCF TURNED POSITIVE",
      "detail": "FCF margin: -6.1% -> +3.7%",
      "severity": "HIGH"
    },
    {
      "quarter": "2025-06 (Q2)",
      "signal": "YoY REVENUE GROWTH ACCELERATION",
      "detail": "YoY growth: +22.2% vs prior quarter YoY: +16.0% (accel: +6.2%)",
      "severity": "MEDIUM"
    },
    {
      "quarter": "2025-03 (Q1)",
      "signal": "FCF MARGIN EXPANSION",
      "detail": "FCF margin: -13.7% -> -4.5% (+9.3%)",
      "severity": "MEDIUM"
    },
    {
      "quarter": "2025-03 (Q1)",
      "signal": "GROSS MARGIN INFLECTION",
      "detail": "GM: +22.4% -> +2.4% -> +26.7% (reversal +24.3%)",
      "severity": "HIGH"
    },
    {
      "quarter": "2025-03 (Q1)",
      "signal": "YoY REVENUE GROWTH ACCELERATION",
      "detail": "YoY growth: +16.0% vs prior quarter YoY: -8.7% (accel: +24.7%)",
      "severity": "HIGH"
    },
    {
      "quarter": "2024-12 (Q4)",
      "signal": "YoY REVENUE GROWTH DECELERATION",
      "detail": "YoY growth: -8.7% vs prior quarter YoY: +10.9% (decel: -19.5%)",
      "severity": "WARNING"
    },
    {
      "quarter": "2024-09 (Q3)",
      "signal": "YoY REVENUE GROWTH ACCELERATION",
      "detail": "YoY growth: +10.9% vs prior quarter YoY: -5.2% (accel: +16.1%)",
      "severity": "HIGH"
    },
    {
      "quarter": "2024-06 (Q2)",
      "signal": "GROSS MARGIN INFLECTION",
      "detail": "GM: +18.9% -> +16.8% -> +23.5% (reversal +6.6%)",
      "severity": "HIGH"
    },
    {
      "quarter": "2024-06 (Q2)",
      "signal": "YoY REVENUE GROWTH ACCELERATION",
      "detail": "YoY growth: -5.2% vs prior quarter YoY: -17.7% (accel: +12.4%)",
      "severity": "MEDIUM"
    },
    {
      "quarter": "2024-03 (Q1)",
      "signal": "FCF TURNED POSITIVE",
      "detail": "FCF margin: -1.1% -> +22.1%",
      "severity": "HIGH"
    },
    {
      "quarter": "2024-03 (Q1)",
      "signal": "YoY REVENUE GROWTH DECELERATION",
      "detail": "YoY growth: -17.7% vs prior quarter YoY: -8.4% (decel: -9.2%)",
      "severity": "WARNING"
    },
    {
      "quarter": "2023-12 (Q4)",
      "signal": "YoY REVENUE GROWTH ACCELERATION",
      "detail": "YoY growth: -8.4% vs prior quarter YoY: -15.7% (accel: +7.3%)",
      "severity": "MEDIUM"
    },
    {
      "quarter": "2023-09 (Q3)",
      "signal": "FCF TURNED POSITIVE",
      "detail": "FCF margin: -9.5% -> +20.5%",
      "severity": "HIGH"
    },
    {
      "quarter": "2023-03 (Q1)",
      "signal": "FCF MARGIN EXPANSION",
      "detail": "FCF margin: -8.7% -> -0.1% (+8.6%)",
      "severity": "MEDIUM"
    },
    {
      "quarter": "2023-03 (Q1)",
      "signal": "GROSS MARGIN INFLECTION",
      "detail": "GM: +22.4% -> +10.2% -> +26.4% (reversal +16.2%)",
      "severity": "HIGH"
    },
    {
      "quarter": "2022-09 (Q3)",
      "signal": "FCF MARGIN EXPANSION",
      "detail": "FCF margin: -20.8% -> -10.5% (+10.2%)",
      "severity": "MEDIUM"
    },
    {
      "quarter": "2022-06 (Q2)",
      "signal": "YoY REVENUE GROWTH DECELERATION",
      "detail": "YoY growth: -12.0% vs prior quarter YoY: +5.1% (decel: -17.1%)",
      "severity": "WARNING"
    },
    {
      "quarter": "2021-03 (Q1)",
      "signal": "FCF TURNED POSITIVE",
      "detail": "FCF margin: -8.6% -> +1.6%",
      "severity": "HIGH"
    }
  ],
  "data_quality": {
    "n_quarters": 20,
    "coverage": {
      "revenue": [
        20,
        20
      ],
      "gross_profit": [
        20,
        20
      ],
      "op_income": [
        20,
        20
      ],
      "fcf": [
        20,
        20
      ]
    },
    "gaps": [],
    "warnings": []
  },
  "market_cap": null,
  "source": "SEC EDGAR",
  "last_updated": "2026-02-02T21:32:16.836437"
}