{
  "ticker": "LAUR",
  "name": "Laureate Education, Inc.",
  "quarters": [
    {
      "date": "2020-12-31T00:00:00",
      "quarter_label": "2020-12 (Q4)",
      "revenue": 285219000,
      "gross_profit": 96886000,
      "operating_income": 36876000,
      "net_income": 379319000,
      "opex": 60010000,
      "cogs": 188333000,
      "rd": null,
      "sga": null,
      "fcf": 37801000,
      "ocf": 37801000,
      "capex": null,
      "gross_margin": 0.33968985235906446,
      "op_margin": 0.12929012443070062,
      "fcf_margin": 0.13253324638260425
    },
    {
      "date": "2021-03-31T00:00:00",
      "quarter_label": "2021-03 (Q1)",
      "revenue": 194701000,
      "gross_profit": 12853000,
      "operating_income": -86391000,
      "net_income": -164928000,
      "opex": 99244000,
      "cogs": 181848000,
      "rd": null,
      "sga": null,
      "fcf": 11283000,
      "ocf": 11283000,
      "capex": null,
      "gross_margin": 0.06601404204395457,
      "op_margin": -0.4437111262910822,
      "fcf_margin": 0.05795039573499879,
      "fcf_margin_change": -0.07458285064760545
    },
    {
      "date": "2021-06-30T00:00:00",
      "quarter_label": "2021-06 (Q2)",
      "revenue": 327579000,
      "gross_profit": 114264000,
      "operating_income": 57684000,
      "net_income": -29000000,
      "opex": 56580000,
      "cogs": 213315000,
      "rd": null,
      "sga": null,
      "fcf": 6569000,
      "ocf": 6569000,
      "capex": null,
      "gross_margin": 0.34881356863535207,
      "op_margin": 0.17609187402122847,
      "fcf_margin": 0.020053178012021527,
      "op_leverage_ratio": Infinity,
      "fcf_margin_change": -0.037897217722977265
    },
    {
      "date": "2021-09-30T00:00:00",
      "quarter_label": "2021-09 (Q3)",
      "revenue": 267691000,
      "gross_profit": 85713000,
      "operating_income": 35106000,
      "net_income": 360406000,
      "opex": 50607000,
      "cogs": 181978000,
      "rd": null,
      "sga": null,
      "fcf": 36188000,
      "ocf": 36188000,
      "capex": null,
      "gross_margin": 0.32019380554445237,
      "op_margin": 0.13114374409300275,
      "fcf_margin": 0.1351857178612654,
      "fcf_margin_change": 0.11513253984924388
    },
    {
      "date": "2021-12-31T00:00:00",
      "quarter_label": "2021-12 (Q4)",
      "revenue": 296730000,
      "gross_profit": 59381000,
      "operating_income": -11046000,
      "net_income": 25968000,
      "opex": 70427000,
      "cogs": 237349000,
      "rd": null,
      "sga": null,
      "fcf": -210122000,
      "ocf": -210122000,
      "capex": null,
      "gross_margin": 0.20011795234725172,
      "op_margin": -0.03722576079263978,
      "fcf_margin": -0.7081252316921107,
      "incr_op_margin_yoy": -4.163148292937191,
      "rev_growth_yoy": 0.04035846139282446,
      "op_leverage_ratio": 0.2769840935665311,
      "fcf_margin_change": -0.8433109495533762
    },
    {
      "date": "2022-03-31T00:00:00",
      "quarter_label": "2022-03 (Q1)",
      "revenue": 209563000,
      "gross_profit": 26683000,
      "operating_income": 9034000,
      "net_income": -44211000,
      "opex": 17649000,
      "cogs": 182880000,
      "rd": null,
      "sga": null,
      "fcf": 53877000,
      "ocf": 53877000,
      "capex": null,
      "gross_margin": 0.12732686590667244,
      "op_margin": 0.043108754885165794,
      "fcf_margin": 0.25709213935666125,
      "incr_op_margin_yoy": 6.420737451217871,
      "rev_growth_yoy": 0.07633242767114704,
      "rev_growth_yoy_accel": 0.035973966278322576,
      "fcf_margin_change": 0.9652173710487719
    },
    {
      "date": "2022-06-30T00:00:00",
      "quarter_label": "2022-06 (Q2)",
      "revenue": 385381000,
      "gross_profit": 142567000,
      "operating_income": 126641000,
      "net_income": 43423000,
      "opex": 15926000,
      "cogs": 242814000,
      "rd": null,
      "sga": null,
      "fcf": -8239000,
      "ocf": -8239000,
      "capex": null,
      "gross_margin": 0.3699378018117136,
      "op_margin": 0.32861246402910366,
      "fcf_margin": -0.021378843274577626,
      "incr_op_margin_yoy": 1.192986401854607,
      "rev_growth_yoy": 0.1764520924723502,
      "rev_growth_yoy_accel": 0.10011966480120316,
      "op_leverage_ratio": Infinity,
      "fcf_margin_change": -0.2784709826312389
    },
    {
      "date": "2022-09-30T00:00:00",
      "quarter_label": "2022-09 (Q3)",
      "revenue": 300999000,
      "gross_profit": 71638000,
      "operating_income": 56317000,
      "net_income": 31117000,
      "opex": 15321000,
      "cogs": 229361000,
      "rd": null,
      "sga": null,
      "fcf": 109043000,
      "ocf": 109043000,
      "capex": null,
      "gross_margin": 0.23800079070030133,
      "op_margin": 0.18710028936973214,
      "fcf_margin": 0.36227030654586895,
      "incr_op_margin_yoy": 0.6368139786237541,
      "rev_growth_yoy": 0.12442704461487313,
      "rev_growth_yoy_accel": -0.052025047857477066,
      "fcf_margin_change": 0.38364914982044657
    },
    {
      "date": "2022-12-31T00:00:00",
      "quarter_label": "2022-12 (Q4)",
      "revenue": 346328000,
      "gross_profit": 94018000,
      "operating_income": 78020000,
      "net_income": 39244000,
      "opex": 15998000,
      "cogs": 252310000,
      "rd": null,
      "sga": null,
      "fcf": 23549000,
      "ocf": 23549000,
      "capex": null,
      "gross_margin": 0.2714709754914416,
      "op_margin": 0.2252777713612529,
      "fcf_margin": 0.06799623478321129,
      "incr_op_margin_yoy": 1.7957578934634462,
      "rev_growth_yoy": 0.16714858625686652,
      "rev_growth_yoy_accel": 0.04272154164199339,
      "op_leverage_ratio": 3.4080780277893226,
      "fcf_margin_change": -0.29427407176265763
    },
    {
      "date": "2023-03-31T00:00:00",
      "quarter_label": "2023-03 (Q1)",
      "revenue": 251255000,
      "gross_profit": 25943000,
      "operating_income": 15629000,
      "net_income": -26607000,
      "opex": 10314000,
      "cogs": 225312000,
      "rd": null,
      "sga": null,
      "fcf": 26469000,
      "ocf": 26469000,
      "capex": null,
      "gross_margin": 0.10325366659369963,
      "op_margin": 0.06220373723905992,
      "fcf_margin": 0.10534715727050208,
      "incr_op_margin_yoy": 0.1581838242348652,
      "rev_growth_yoy": 0.1989473332601652,
      "rev_growth_yoy_accel": 0.03179874700329868,
      "fcf_margin_change": 0.037350922487290786
    },
    {
      "date": "2023-06-30T00:00:00",
      "quarter_label": "2023-06 (Q2)",
      "revenue": 462067000,
      "gross_profit": 168069000,
      "operating_income": 154489000,
      "net_income": 56177000,
      "opex": 13580000,
      "cogs": 293998000,
      "rd": null,
      "sga": null,
      "fcf": 52320000,
      "ocf": 52320000,
      "capex": null,
      "gross_margin": 0.36373296513276215,
      "op_margin": 0.33434328787816486,
      "fcf_margin": 0.11323033239768258,
      "incr_op_margin_yoy": 0.36314320736509925,
      "rev_growth_yoy": 0.19898749549147468,
      "rev_growth_yoy_accel": 4.016223130948182e-05,
      "op_leverage_ratio": 2.6496686182211593,
      "fcf_margin_change": 0.007883175127180508
    },
    {
      "date": "2023-09-30T00:00:00",
      "quarter_label": "2023-09 (Q3)",
      "revenue": 361533000,
      "gross_profit": 70481000,
      "operating_income": 58709000,
      "net_income": 36158000,
      "opex": 11772000,
      "cogs": 291052000,
      "rd": null,
      "sga": null,
      "fcf": 108630000,
      "ocf": 108630000,
      "capex": null,
      "gross_margin": 0.1949503918037911,
      "op_margin": 0.16238904885584443,
      "fcf_margin": 0.300470496469202,
      "incr_op_margin_yoy": 0.03951498331516173,
      "rev_growth_yoy": 0.20111030269203553,
      "rev_growth_yoy_accel": 0.00212280720056085,
      "fcf_margin_change": 0.1872401640715194
    },
    {
      "date": "2023-12-31T00:00:00",
      "quarter_label": "2023-12 (Q4)",
      "revenue": 409433000,
      "gross_profit": 130014000,
      "operating_income": 109995000,
      "net_income": 41862000,
      "opex": 20019000,
      "cogs": 279419000,
      "rd": null,
      "sga": null,
      "fcf": 63361000,
      "ocf": 63361000,
      "capex": null,
      "gross_margin": 0.3175464605930641,
      "op_margin": 0.2686520138826133,
      "fcf_margin": 0.1547530365163531,
      "incr_op_margin_yoy": 0.5066951905554234,
      "rev_growth_yoy": 0.18221166062230024,
      "rev_growth_yoy_accel": -0.018898642069735294,
      "op_leverage_ratio": 0.189121902171292,
      "fcf_margin_change": -0.14571745995284888
    },
    {
      "date": "2024-03-31T00:00:00",
      "quarter_label": "2024-03 (Q1)",
      "revenue": 275372000,
      "gross_profit": 21394000,
      "operating_income": 11129000,
      "net_income": -10751000,
      "opex": 10265000,
      "cogs": 253978000,
      "rd": null,
      "sga": null,
      "fcf": 33153000,
      "ocf": 33153000,
      "capex": null,
      "gross_margin": 0.07769126853855875,
      "op_margin": 0.04041442121929608,
      "fcf_margin": 0.12039350405996252,
      "incr_op_margin_yoy": -0.18659037193680805,
      "rev_growth_yoy": 0.0959861495293626,
      "rev_growth_yoy_accel": -0.08622551109293763,
      "fcf_margin_change": -0.03435953245639059
    },
    {
      "date": "2024-06-30T00:00:00",
      "quarter_label": "2024-06 (Q2)",
      "revenue": 499245000,
      "gross_profit": 180248000,
      "operating_income": 166595000,
      "net_income": 128130000,
      "opex": 13653000,
      "cogs": 318997000,
      "rd": null,
      "sga": null,
      "fcf": 40230000,
      "ocf": 40230000,
      "capex": null,
      "gross_margin": 0.36104117216997667,
      "op_margin": 0.33369387775541065,
      "fcf_margin": 0.08058167833428477,
      "incr_op_margin_yoy": 0.325622680079617,
      "rev_growth_yoy": 0.08046019300231352,
      "rev_growth_yoy_accel": -0.015525956527049078,
      "op_leverage_ratio": 2.4631876150842067,
      "fcf_margin_change": -0.03981182572567775
    },
    {
      "date": "2024-09-30T00:00:00",
      "quarter_label": "2024-09 (Q3)",
      "revenue": 368631000,
      "gross_profit": 82675000,
      "operating_income": 72040000,
      "net_income": 85463000,
      "opex": 10635000,
      "cogs": 285956000,
      "rd": null,
      "sga": null,
      "fcf": 118659000,
      "ocf": 118659000,
      "capex": null,
      "gross_margin": 0.22427576628118634,
      "op_margin": 0.19542577808160463,
      "fcf_margin": 0.3218909966877447,
      "incr_op_margin_yoy": 1.8781346858269936,
      "rev_growth_yoy": 0.019633062542008615,
      "rev_growth_yoy_accel": -0.06082713046030491,
      "fcf_margin_change": 0.24130931835345992
    },
    {
      "date": "2024-12-31T00:00:00",
      "quarter_label": "2024-12 (Q4)",
      "revenue": 423394000,
      "gross_profit": 135442000,
      "operating_income": 124219000,
      "net_income": 93632000,
      "opex": 11223000,
      "cogs": 287952000,
      "rd": null,
      "sga": null,
      "fcf": 40691000,
      "ocf": 40691000,
      "capex": null,
      "gross_margin": 0.31989588893560134,
      "op_margin": 0.29338866398673574,
      "fcf_margin": 0.0961066996698111,
      "incr_op_margin_yoy": 1.0188381921065826,
      "rev_growth_yoy": 0.034098375069913756,
      "rev_growth_yoy_accel": 0.01446531252790514,
      "op_leverage_ratio": 2.686925006417844,
      "fcf_margin_change": -0.22578429701793357
    },
    {
      "date": "2025-03-31T00:00:00",
      "quarter_label": "2025-03 (Q1)",
      "revenue": 236162000,
      "gross_profit": -2201000,
      "operating_income": -13191000,
      "net_income": -19496000,
      "opex": 10990000,
      "cogs": 238363000,
      "rd": null,
      "sga": null,
      "fcf": 57777000,
      "ocf": 57777000,
      "capex": null,
      "gross_margin": -0.00931987364605652,
      "op_margin": -0.05585572615408067,
      "fcf_margin": 0.2446498589950966,
      "incr_op_margin_yoy": 0.6202499362407549,
      "rev_growth_yoy": -0.14238920442165506,
      "rev_growth_yoy_accel": -0.17648757949156882,
      "fcf_margin_change": 0.1485431593252855
    },
    {
      "date": "2025-06-30T00:00:00",
      "quarter_label": "2025-06 (Q2)",
      "revenue": 524156000,
      "gross_profit": 206805000,
      "operating_income": 193337000,
      "net_income": 95083000,
      "opex": 13468000,
      "cogs": 317351000,
      "rd": null,
      "sga": null,
      "fcf": 74054000,
      "ocf": 74054000,
      "capex": null,
      "gross_margin": 0.3945485695098406,
      "op_margin": 0.36885392898297453,
      "fcf_margin": 0.14128236631842428,
      "incr_op_margin_yoy": 1.0735016659307133,
      "rev_growth_yoy": 0.049897344990936315,
      "rev_growth_yoy_accel": 0.19228654941259138,
      "op_leverage_ratio": 5.408412553347824,
      "fcf_margin_change": -0.1033674926766723
    },
    {
      "date": "2025-09-30T00:00:00",
      "quarter_label": "2025-09 (Q3)",
      "revenue": 400224000,
      "gross_profit": 83686000,
      "operating_income": 71468000,
      "net_income": 34487000,
      "opex": 12218000,
      "cogs": 316538000,
      "rd": null,
      "sga": null,
      "fcf": 140979000,
      "ocf": 140979000,
      "capex": null,
      "gross_margin": 0.20909790517310306,
      "op_margin": 0.17857000079955226,
      "fcf_margin": 0.3522502398656752,
      "incr_op_margin_yoy": -0.018105276485297375,
      "rev_growth_yoy": 0.08570358976863042,
      "rev_growth_yoy_accel": 0.035806244777694105,
      "fcf_margin_change": 0.21096787354725094
    }
  ],
  "signals": [
    {
      "quarter": "2025-09 (Q3)",
      "signal": "FCF MARGIN EXPANSION",
      "detail": "FCF margin: +14.1% -> +35.2% (+21.1%)",
      "severity": "MEDIUM"
    },
    {
      "quarter": "2025-06 (Q2)",
      "signal": "OPERATING LEVERAGE",
      "detail": "Rev growth +121.9% vs OpEx growth +22.5% (leverage: 5.4x)",
      "severity": "MEDIUM"
    },
    {
      "quarter": "2025-06 (Q2)",
      "signal": "GROSS MARGIN INFLECTION",
      "detail": "GM: +32.0% -> -0.9% -> +39.5% (reversal +40.4%)",
      "severity": "HIGH"
    },
    {
      "quarter": "2025-06 (Q2)",
      "signal": "YoY REVENUE GROWTH ACCELERATION",
      "detail": "YoY growth: +5.0% vs prior quarter YoY: -14.2% (accel: +19.2%)",
      "severity": "HIGH"
    },
    {
      "quarter": "2025-06 (Q2)",
      "signal": "INCREMENTAL MARGIN (YoY)",
      "detail": "YoY Incr OPM: +107.4% vs year-ago OPM: +33.4%",
      "severity": "HIGH"
    },
    {
      "quarter": "2025-06 (Q2)",
      "signal": "OP MARGIN TURNED POSITIVE (QoQ)",
      "detail": "Op margin: -5.6% -> +36.9%",
      "severity": "HIGH"
    },
    {
      "quarter": "2025-03 (Q1)",
      "signal": "FCF MARGIN EXPANSION",
      "detail": "FCF margin: +9.6% -> +24.5% (+14.9%)",
      "severity": "MEDIUM"
    },
    {
      "quarter": "2025-03 (Q1)",
      "signal": "YoY REVENUE GROWTH DECELERATION",
      "detail": "YoY growth: -14.2% vs prior quarter YoY: +3.4% (decel: -17.6%)",
      "severity": "WARNING"
    },
    {
      "quarter": "2024-12 (Q4)",
      "signal": "OPERATING LEVERAGE",
      "detail": "Rev growth +14.9% vs OpEx growth +5.5% (leverage: 2.7x)",
      "severity": "MEDIUM"
    },
    {
      "quarter": "2024-12 (Q4)",
      "signal": "GROSS MARGIN INFLECTION",
      "detail": "GM: +36.1% -> +22.4% -> +32.0% (reversal +9.6%)",
      "severity": "HIGH"
    },
    {
      "quarter": "2024-12 (Q4)",
      "signal": "INCREMENTAL MARGIN (YoY)",
      "detail": "YoY Incr OPM: +101.9% vs year-ago OPM: +26.9%",
      "severity": "HIGH"
    },
    {
      "quarter": "2024-09 (Q3)",
      "signal": "FCF MARGIN EXPANSION",
      "detail": "FCF margin: +8.1% -> +32.2% (+24.1%)",
      "severity": "MEDIUM"
    },
    {
      "quarter": "2024-09 (Q3)",
      "signal": "YoY REVENUE GROWTH DECELERATION",
      "detail": "YoY growth: +2.0% vs prior quarter YoY: +8.0% (decel: -6.1%)",
      "severity": "WARNING"
    },
    {
      "quarter": "2024-09 (Q3)",
      "signal": "INCREMENTAL MARGIN (YoY)",
      "detail": "YoY Incr OPM: +187.8% vs year-ago OPM: +16.2%",
      "severity": "HIGH"
    },
    {
      "quarter": "2024-06 (Q2)",
      "signal": "OPERATING LEVERAGE",
      "detail": "Rev growth +81.3% vs OpEx growth +33.0% (leverage: 2.5x)",
      "severity": "MEDIUM"
    },
    {
      "quarter": "2024-06 (Q2)",
      "signal": "GROSS MARGIN INFLECTION",
      "detail": "GM: +31.8% -> +7.8% -> +36.1% (reversal +28.3%)",
      "severity": "HIGH"
    },
    {
      "quarter": "2024-03 (Q1)",
      "signal": "YoY REVENUE GROWTH DECELERATION",
      "detail": "YoY growth: +9.6% vs prior quarter YoY: +18.2% (decel: -8.6%)",
      "severity": "WARNING"
    },
    {
      "quarter": "2023-12 (Q4)",
      "signal": "GROSS MARGIN INFLECTION",
      "detail": "GM: +36.4% -> +19.5% -> +31.8% (reversal +12.3%)",
      "severity": "HIGH"
    },
    {
      "quarter": "2023-12 (Q4)",
      "signal": "INCREMENTAL MARGIN (YoY)",
      "detail": "YoY Incr OPM: +50.7% vs year-ago OPM: +22.5%",
      "severity": "HIGH"
    },
    {
      "quarter": "2023-09 (Q3)",
      "signal": "FCF MARGIN EXPANSION",
      "detail": "FCF margin: +11.3% -> +30.0% (+18.7%)",
      "severity": "MEDIUM"
    },
    {
      "quarter": "2023-06 (Q2)",
      "signal": "OPERATING LEVERAGE",
      "detail": "Rev growth +83.9% vs OpEx growth +31.7% (leverage: 2.6x)",
      "severity": "MEDIUM"
    },
    {
      "quarter": "2023-06 (Q2)",
      "signal": "GROSS MARGIN INFLECTION",
      "detail": "GM: +27.1% -> +10.3% -> +36.4% (reversal +26.0%)",
      "severity": "HIGH"
    },
    {
      "quarter": "2023-03 (Q1)",
      "signal": "INCREMENTAL MARGIN (YoY)",
      "detail": "YoY Incr OPM: +15.8% vs year-ago OPM: +4.3%",
      "severity": "MEDIUM"
    },
    {
      "quarter": "2022-12 (Q4)",
      "signal": "OPERATING LEVERAGE",
      "detail": "Rev growth +15.1% vs OpEx growth +4.4% (leverage: 3.4x)",
      "severity": "MEDIUM"
    },
    {
      "quarter": "2022-12 (Q4)",
      "signal": "GROSS MARGIN INFLECTION",
      "detail": "GM: +37.0% -> +23.8% -> +27.1% (reversal +3.3%)",
      "severity": "MEDIUM"
    },
    {
      "quarter": "2022-12 (Q4)",
      "signal": "OP MARGIN TURNED POSITIVE (YoY)",
      "detail": "Op margin: -3.7% (year-ago) -> +22.5%",
      "severity": "HIGH"
    },
    {
      "quarter": "2022-09 (Q3)",
      "signal": "FCF TURNED POSITIVE",
      "detail": "FCF margin: -2.1% -> +36.2%",
      "severity": "HIGH"
    },
    {
      "quarter": "2022-09 (Q3)",
      "signal": "YoY REVENUE GROWTH DECELERATION",
      "detail": "YoY growth: +12.4% vs prior quarter YoY: +17.6% (decel: -5.2%)",
      "severity": "WARNING"
    },
    {
      "quarter": "2022-09 (Q3)",
      "signal": "INCREMENTAL MARGIN (YoY)",
      "detail": "YoY Incr OPM: +63.7% vs year-ago OPM: +13.1%",
      "severity": "HIGH"
    },
    {
      "quarter": "2022-06 (Q2)",
      "signal": "GROSS MARGIN INFLECTION",
      "detail": "GM: +20.0% -> +12.7% -> +37.0% (reversal +24.3%)",
      "severity": "HIGH"
    },
    {
      "quarter": "2022-06 (Q2)",
      "signal": "YoY REVENUE GROWTH ACCELERATION",
      "detail": "YoY growth: +17.6% vs prior quarter YoY: +7.6% (accel: +10.0%)",
      "severity": "MEDIUM"
    },
    {
      "quarter": "2022-06 (Q2)",
      "signal": "INCREMENTAL MARGIN (YoY)",
      "detail": "YoY Incr OPM: +119.3% vs year-ago OPM: +17.6%",
      "severity": "HIGH"
    },
    {
      "quarter": "2022-03 (Q1)",
      "signal": "FCF TURNED POSITIVE",
      "detail": "FCF margin: -70.8% -> +25.7%",
      "severity": "HIGH"
    },
    {
      "quarter": "2022-03 (Q1)",
      "signal": "OP MARGIN TURNED POSITIVE (YoY)",
      "detail": "Op margin: -44.4% (year-ago) -> +4.3%",
      "severity": "HIGH"
    },
    {
      "quarter": "2022-03 (Q1)",
      "signal": "OP MARGIN TURNED POSITIVE (QoQ)",
      "detail": "Op margin: -3.7% -> +4.3%",
      "severity": "HIGH"
    },
    {
      "quarter": "2021-09 (Q3)",
      "signal": "FCF MARGIN EXPANSION",
      "detail": "FCF margin: +2.0% -> +13.5% (+11.5%)",
      "severity": "MEDIUM"
    },
    {
      "quarter": "2021-06 (Q2)",
      "signal": "GROSS MARGIN INFLECTION",
      "detail": "GM: +34.0% -> +6.6% -> +34.9% (reversal +28.3%)",
      "severity": "HIGH"
    },
    {
      "quarter": "2021-06 (Q2)",
      "signal": "OP MARGIN TURNED POSITIVE (QoQ)",
      "detail": "Op margin: -44.4% -> +17.6%",
      "severity": "HIGH"
    }
  ],
  "data_quality": {
    "n_quarters": 20,
    "coverage": {
      "revenue": [
        20,
        20
      ],
      "gross_profit": [
        20,
        20
      ],
      "op_income": [
        20,
        20
      ],
      "fcf": [
        20,
        20
      ]
    },
    "gaps": [],
    "warnings": []
  },
  "market_cap": null,
  "source": "SEC EDGAR",
  "last_updated": "2026-02-02T21:03:22.760467"
}