{
  "ticker": "LAW",
  "name": "CS Disco, Inc.",
  "quarters": [
    {
      "date": "2020-12-31T00:00:00",
      "quarter_label": "2020-12 (Q4)",
      "revenue": 19186000,
      "gross_profit": 13839000,
      "operating_income": -2963000,
      "net_income": -2991000,
      "opex": 16802000,
      "cogs": 5347000,
      "rd": 5954000,
      "sga": null,
      "fcf": -5529000,
      "ocf": -5012000,
      "capex": -517000,
      "gross_margin": 0.7213072031689773,
      "op_margin": -0.15443552590430523,
      "fcf_margin": -0.28817888043364953
    },
    {
      "date": "2021-03-31T00:00:00",
      "quarter_label": "2021-03 (Q1)",
      "revenue": 21131000,
      "gross_profit": 15343000,
      "operating_income": -2848000,
      "net_income": -2928000,
      "opex": 18191000,
      "cogs": 5788000,
      "rd": 6262000,
      "sga": null,
      "fcf": -5082000,
      "ocf": -4496000,
      "capex": -586000,
      "gross_margin": 0.7260896313473096,
      "op_margin": -0.13477828782357673,
      "fcf_margin": -0.2404997397188964,
      "op_leverage_ratio": 1.2262920144330702,
      "fcf_margin_change": 0.04767914071475313
    },
    {
      "date": "2021-06-30T00:00:00",
      "quarter_label": "2021-06 (Q2)",
      "revenue": 29547000,
      "gross_profit": 20852000,
      "operating_income": -2969000,
      "net_income": -3083000,
      "opex": 23821000,
      "cogs": 8695000,
      "rd": 7861000,
      "sga": null,
      "fcf": -6540000,
      "ocf": -5679000,
      "capex": -861000,
      "gross_margin": 0.7057230852540021,
      "op_margin": -0.10048397468440112,
      "fcf_margin": -0.2213422682505838,
      "op_leverage_ratio": 1.2868675679826254,
      "fcf_margin_change": 0.019157471468312592
    },
    {
      "date": "2021-09-30T00:00:00",
      "quarter_label": "2021-09 (Q3)",
      "revenue": 29854000,
      "gross_profit": 22025000,
      "operating_income": -9065000,
      "net_income": -9225000,
      "opex": 31090000,
      "cogs": 7829000,
      "rd": 9652000,
      "sga": null,
      "fcf": -9507000,
      "ocf": -8619000,
      "capex": -888000,
      "gross_margin": 0.7377570844777919,
      "op_margin": -0.30364440276009913,
      "fcf_margin": -0.31844978897300197,
      "op_leverage_ratio": 0.03404946586890766,
      "fcf_margin_change": -0.09710752072241816
    },
    {
      "date": "2021-12-31T00:00:00",
      "quarter_label": "2021-12 (Q4)",
      "revenue": 33809000,
      "gross_profit": 25023000,
      "operating_income": -8948000,
      "net_income": -9108000,
      "opex": 33971000,
      "cogs": 8786000,
      "rd": 10639000,
      "sga": null,
      "fcf": -3620000,
      "ocf": -2848000,
      "capex": -772000,
      "gross_margin": 0.7401283681859859,
      "op_margin": -0.2646632553462096,
      "fcf_margin": -0.10707208139844421,
      "incr_op_margin_yoy": -0.4092867400670177,
      "rev_growth_yoy": 0.7621703325341395,
      "op_leverage_ratio": 1.4296226595022072,
      "fcf_margin_change": 0.21137770757455776
    },
    {
      "date": "2022-03-31T00:00:00",
      "quarter_label": "2022-03 (Q1)",
      "revenue": 34468000,
      "gross_profit": 25499000,
      "operating_income": -11757000,
      "net_income": -11849000,
      "opex": 37256000,
      "cogs": 8969000,
      "rd": 12318000,
      "sga": null,
      "fcf": -12015000,
      "ocf": -11384000,
      "capex": -631000,
      "gross_margin": 0.7397876291052571,
      "op_margin": -0.34109899036787744,
      "fcf_margin": -0.348584194035047,
      "incr_op_margin_yoy": -0.6679913023918422,
      "rev_growth_yoy": 0.6311580142917987,
      "rev_growth_yoy_accel": -0.13101231824234072,
      "op_leverage_ratio": 0.2015700699871284,
      "fcf_margin_change": -0.24151211263660277
    },
    {
      "date": "2022-06-30T00:00:00",
      "quarter_label": "2022-06 (Q2)",
      "revenue": 33710000,
      "gross_profit": 25221000,
      "operating_income": -19956000,
      "net_income": -20171000,
      "opex": 45177000,
      "cogs": 8489000,
      "rd": 15181000,
      "sga": null,
      "fcf": -12031000,
      "ocf": -10794000,
      "capex": -1237000,
      "gross_margin": 0.7481756155443489,
      "op_margin": -0.5919905072678731,
      "fcf_margin": -0.35689706318599823,
      "incr_op_margin_yoy": -4.080470814316598,
      "rev_growth_yoy": 0.14089416861271872,
      "rev_growth_yoy_accel": -0.49026384567908,
      "fcf_margin_change": -0.008312869150951252
    },
    {
      "date": "2022-09-30T00:00:00",
      "quarter_label": "2022-09 (Q3)",
      "revenue": 34475000,
      "gross_profit": 25841000,
      "operating_income": -20070000,
      "net_income": -20058000,
      "opex": 45911000,
      "cogs": 8634000,
      "rd": 15694000,
      "sga": null,
      "fcf": -16334000,
      "ocf": -14475000,
      "capex": -1859000,
      "gross_margin": 0.749557650471356,
      "op_margin": -0.5821609862218999,
      "fcf_margin": -0.4737926033357505,
      "incr_op_margin_yoy": -2.3815191516987664,
      "rev_growth_yoy": 0.15478662825751993,
      "rev_growth_yoy_accel": 0.013892459644801208,
      "op_leverage_ratio": 1.3967671443478877,
      "fcf_margin_change": -0.11689554014975229
    },
    {
      "date": "2022-12-31T00:00:00",
      "quarter_label": "2022-12 (Q4)",
      "revenue": 32537000,
      "gross_profit": 24466000,
      "operating_income": -20025000,
      "net_income": -18688000,
      "opex": 44491000,
      "cogs": 8071000,
      "rd": 16065000,
      "sga": null,
      "fcf": -10012000,
      "ocf": -9361000,
      "capex": -651000,
      "gross_margin": 0.7519439407443833,
      "op_margin": -0.6154531763838093,
      "fcf_margin": -0.30771122107139565,
      "incr_op_margin_yoy": 8.708333333333334,
      "rev_growth_yoy": -0.03762311810464669,
      "rev_growth_yoy_accel": -0.19240974636216662,
      "fcf_margin_change": 0.16608138226435487
    },
    {
      "date": "2023-03-31T00:00:00",
      "quarter_label": "2023-03 (Q1)",
      "revenue": 33129000,
      "gross_profit": 24852000,
      "operating_income": -22280000,
      "net_income": -20365000,
      "opex": 47132000,
      "cogs": 8277000,
      "rd": 15772000,
      "sga": null,
      "fcf": -15596000,
      "ocf": -14752000,
      "capex": -844000,
      "gross_margin": 0.750158471429865,
      "op_margin": -0.6725225633131093,
      "fcf_margin": -0.47076579431917653,
      "incr_op_margin_yoy": 7.858849887976102,
      "rev_growth_yoy": -0.038847626784263664,
      "rev_growth_yoy_accel": -0.001224508679616973,
      "op_leverage_ratio": 0.3065123412873495,
      "fcf_margin_change": -0.1630545732477809
    },
    {
      "date": "2023-06-30T00:00:00",
      "quarter_label": "2023-06 (Q2)",
      "revenue": 34276000,
      "gross_profit": 25237000,
      "operating_income": -16991000,
      "net_income": -14915000,
      "opex": 42228000,
      "cogs": 9039000,
      "rd": 13258000,
      "sga": null,
      "fcf": -8707000,
      "ocf": -7054000,
      "capex": -1653000,
      "gross_margin": 0.7362877815381025,
      "op_margin": -0.4957112848640448,
      "fcf_margin": -0.2540261407398763,
      "rev_growth_yoy": 0.01679026994956986,
      "rev_growth_yoy_accel": 0.05563789673383353,
      "op_leverage_ratio": Infinity,
      "fcf_margin_change": 0.21673965357930025
    },
    {
      "date": "2023-09-30T00:00:00",
      "quarter_label": "2023-09 (Q3)",
      "revenue": 34943000,
      "gross_profit": 26004000,
      "operating_income": -2897000,
      "net_income": -1030000,
      "opex": 28901000,
      "cogs": 8939000,
      "rd": 12065000,
      "sga": null,
      "fcf": -7990000,
      "ocf": -6900000,
      "capex": -1090000,
      "gross_margin": 0.7441833843688292,
      "op_margin": -0.0829064476433048,
      "fcf_margin": -0.228658100334831,
      "rev_growth_yoy": 0.013575054387237129,
      "rev_growth_yoy_accel": -0.003215215562332731,
      "op_leverage_ratio": Infinity,
      "fcf_margin_change": 0.025368040405045283
    },
    {
      "date": "2023-12-31T00:00:00",
      "quarter_label": "2023-12 (Q4)",
      "revenue": 35742000,
      "gross_profit": 27049000,
      "operating_income": -7677000,
      "net_income": -5840000,
      "opex": 34726000,
      "cogs": 8693000,
      "rd": 10528000,
      "sga": null,
      "fcf": 1903000,
      "ocf": 3175000,
      "capex": -1272000,
      "gross_margin": 0.7567847350456046,
      "op_margin": -0.21478932348497565,
      "fcf_margin": 0.05324268367746628,
      "incr_op_margin_yoy": 3.852730109204368,
      "rev_growth_yoy": 0.09850324246242739,
      "rev_growth_yoy_accel": 0.08492818807519026,
      "op_leverage_ratio": 0.11344974691462577,
      "fcf_margin_change": 0.2819007840122973
    },
    {
      "date": "2024-03-31T00:00:00",
      "quarter_label": "2024-03 (Q1)",
      "revenue": 35571000,
      "gross_profit": 26719000,
      "operating_income": -12332000,
      "net_income": -10582000,
      "opex": 39051000,
      "cogs": 8852000,
      "rd": 12079000,
      "sga": null,
      "fcf": -8018000,
      "ocf": -7330000,
      "capex": -688000,
      "gross_margin": 0.7511455961316803,
      "op_margin": -0.34668690787439205,
      "fcf_margin": -0.22540833825307133,
      "incr_op_margin_yoy": 4.073710073710074,
      "rev_growth_yoy": 0.07371185366295391,
      "rev_growth_yoy_accel": -0.024791388799473485,
      "fcf_margin_change": -0.2786510219305376
    },
    {
      "date": "2024-06-30T00:00:00",
      "quarter_label": "2024-06 (Q2)",
      "revenue": 36005000,
      "gross_profit": 26717000,
      "operating_income": -12384000,
      "net_income": -10834000,
      "opex": 39101000,
      "cogs": 9288000,
      "rd": 12888000,
      "sga": null,
      "fcf": -1308000,
      "ocf": -650000,
      "capex": -658000,
      "gross_margin": 0.7420358283571726,
      "op_margin": -0.3439522288571032,
      "fcf_margin": -0.03632828773781419,
      "incr_op_margin_yoy": 2.664545980335454,
      "rev_growth_yoy": 0.05044345898004435,
      "rev_growth_yoy_accel": -0.02326839468290956,
      "op_leverage_ratio": 9.529186134772708,
      "fcf_margin_change": 0.18908005051525714
    },
    {
      "date": "2024-09-30T00:00:00",
      "quarter_label": "2024-09 (Q3)",
      "revenue": 36266000,
      "gross_profit": 26526000,
      "operating_income": -10877000,
      "net_income": -9158000,
      "opex": 37403000,
      "cogs": 9740000,
      "rd": 12757000,
      "sga": null,
      "fcf": -3734000,
      "ocf": -2857000,
      "capex": -877000,
      "gross_margin": 0.7314288865604147,
      "op_margin": -0.29992279269839517,
      "fcf_margin": -0.10296145149727016,
      "incr_op_margin_yoy": -6.031746031746032,
      "rev_growth_yoy": 0.03786166041839567,
      "rev_growth_yoy_accel": -0.012581798561648677,
      "fcf_margin_change": -0.06663316375945597
    },
    {
      "date": "2024-12-31T00:00:00",
      "quarter_label": "2024-12 (Q4)",
      "revenue": 36999000,
      "gross_profit": 27465000,
      "operating_income": -26130000,
      "net_income": -25200000,
      "opex": 53595000,
      "cogs": 9534000,
      "rd": 13787000,
      "sga": null,
      "fcf": 1530000,
      "ocf": 2088000,
      "capex": -558000,
      "gross_margin": 0.7423173599286467,
      "op_margin": -0.7062353036568556,
      "fcf_margin": 0.04135246898564826,
      "incr_op_margin_yoy": -14.680190930787589,
      "rev_growth_yoy": 0.03516870908175256,
      "rev_growth_yoy_accel": -0.002692951336643108,
      "op_leverage_ratio": 0.04668853636960892,
      "fcf_margin_change": 0.1443139204829184
    },
    {
      "date": "2025-03-31T00:00:00",
      "quarter_label": "2025-03 (Q1)",
      "revenue": 36653000,
      "gross_profit": 27150000,
      "operating_income": -12610000,
      "net_income": -11393000,
      "opex": 39760000,
      "cogs": 9503000,
      "rd": 14257000,
      "sga": null,
      "fcf": -11023000,
      "ocf": -10498000,
      "capex": -525000,
      "gross_margin": 0.740730635964314,
      "op_margin": -0.3440373230022099,
      "fcf_margin": -0.3007393664911467,
      "incr_op_margin_yoy": -0.25693160813308685,
      "rev_growth_yoy": 0.030418037165106406,
      "rev_growth_yoy_accel": -0.004750671916646156,
      "fcf_margin_change": -0.34209183547679495
    },
    {
      "date": "2025-06-30T00:00:00",
      "quarter_label": "2025-06 (Q2)",
      "revenue": 38106000,
      "gross_profit": 28423000,
      "operating_income": -11810000,
      "net_income": -10812000,
      "opex": 40233000,
      "cogs": 9683000,
      "rd": 13968000,
      "sga": null,
      "fcf": -5186000,
      "ocf": -4221000,
      "capex": -965000,
      "gross_margin": 0.745893035217551,
      "op_margin": -0.3099249462026977,
      "fcf_margin": -0.13609405342990605,
      "incr_op_margin_yoy": 0.2732032365540219,
      "rev_growth_yoy": 0.05835300652687127,
      "rev_growth_yoy_accel": 0.02793496936176486,
      "op_leverage_ratio": 3.332278740757631,
      "fcf_margin_change": 0.16464531306124064
    },
    {
      "date": "2025-09-30T00:00:00",
      "quarter_label": "2025-09 (Q3)",
      "revenue": 40919000,
      "gross_profit": 30911000,
      "operating_income": -14462000,
      "net_income": -13665000,
      "opex": 45373000,
      "cogs": 10008000,
      "rd": 13420000,
      "sga": null,
      "fcf": -2035000,
      "ocf": -979000,
      "capex": -1056000,
      "gross_margin": 0.7554192428944989,
      "op_margin": -0.35342994696840097,
      "fcf_margin": -0.04973239815244752,
      "incr_op_margin_yoy": -0.7704706640876854,
      "rev_growth_yoy": 0.12830199084541996,
      "rev_growth_yoy_accel": 0.0699489843185487,
      "op_leverage_ratio": 0.5778241209601478,
      "fcf_margin_change": 0.08636165527745854
    }
  ],
  "signals": [
    {
      "quarter": "2025-09 (Q3)",
      "signal": "FCF MARGIN EXPANSION",
      "detail": "FCF margin: -13.6% -> -5.0% (+8.6%)",
      "severity": "MEDIUM"
    },
    {
      "quarter": "2025-09 (Q3)",
      "signal": "YoY REVENUE GROWTH ACCELERATION",
      "detail": "YoY growth: +12.8% vs prior quarter YoY: +5.8% (accel: +7.0%)",
      "severity": "MEDIUM"
    },
    {
      "quarter": "2025-06 (Q2)",
      "signal": "FCF MARGIN EXPANSION",
      "detail": "FCF margin: -30.1% -> -13.6% (+16.5%)",
      "severity": "MEDIUM"
    },
    {
      "quarter": "2025-06 (Q2)",
      "signal": "OPERATING LEVERAGE",
      "detail": "Rev growth +4.0% vs OpEx growth +1.2% (leverage: 3.3x)",
      "severity": "MEDIUM"
    },
    {
      "quarter": "2024-12 (Q4)",
      "signal": "FCF TURNED POSITIVE",
      "detail": "FCF margin: -10.3% -> +4.1%",
      "severity": "HIGH"
    },
    {
      "quarter": "2024-06 (Q2)",
      "signal": "FCF MARGIN EXPANSION",
      "detail": "FCF margin: -22.5% -> -3.6% (+18.9%)",
      "severity": "MEDIUM"
    },
    {
      "quarter": "2024-06 (Q2)",
      "signal": "OPERATING LEVERAGE",
      "detail": "Rev growth +1.2% vs OpEx growth +0.1% (leverage: 9.5x)",
      "severity": "MEDIUM"
    },
    {
      "quarter": "2023-12 (Q4)",
      "signal": "FCF TURNED POSITIVE",
      "detail": "FCF margin: -22.9% -> +5.3%",
      "severity": "HIGH"
    },
    {
      "quarter": "2023-12 (Q4)",
      "signal": "YoY REVENUE GROWTH ACCELERATION",
      "detail": "YoY growth: +9.9% vs prior quarter YoY: +1.4% (accel: +8.5%)",
      "severity": "MEDIUM"
    },
    {
      "quarter": "2023-06 (Q2)",
      "signal": "FCF MARGIN EXPANSION",
      "detail": "FCF margin: -47.1% -> -25.4% (+21.7%)",
      "severity": "MEDIUM"
    },
    {
      "quarter": "2023-06 (Q2)",
      "signal": "YoY REVENUE GROWTH ACCELERATION",
      "detail": "YoY growth: +1.7% vs prior quarter YoY: -3.9% (accel: +5.6%)",
      "severity": "MEDIUM"
    },
    {
      "quarter": "2022-12 (Q4)",
      "signal": "FCF MARGIN EXPANSION",
      "detail": "FCF margin: -47.4% -> -30.8% (+16.6%)",
      "severity": "MEDIUM"
    },
    {
      "quarter": "2022-12 (Q4)",
      "signal": "YoY REVENUE GROWTH DECELERATION",
      "detail": "YoY growth: -3.8% vs prior quarter YoY: +15.5% (decel: -19.2%)",
      "severity": "WARNING"
    },
    {
      "quarter": "2022-06 (Q2)",
      "signal": "YoY REVENUE GROWTH DECELERATION",
      "detail": "YoY growth: +14.1% vs prior quarter YoY: +63.1% (decel: -49.0%)",
      "severity": "WARNING"
    },
    {
      "quarter": "2022-03 (Q1)",
      "signal": "YoY REVENUE GROWTH DECELERATION",
      "detail": "YoY growth: +63.1% vs prior quarter YoY: +76.2% (decel: -13.1%)",
      "severity": "WARNING"
    },
    {
      "quarter": "2021-12 (Q4)",
      "signal": "FCF MARGIN EXPANSION",
      "detail": "FCF margin: -31.8% -> -10.7% (+21.1%)",
      "severity": "MEDIUM"
    },
    {
      "quarter": "2021-09 (Q3)",
      "signal": "GROSS MARGIN INFLECTION",
      "detail": "GM: +72.6% -> +70.6% -> +73.8% (reversal +3.2%)",
      "severity": "MEDIUM"
    }
  ],
  "data_quality": {
    "n_quarters": 20,
    "coverage": {
      "revenue": [
        20,
        20
      ],
      "gross_profit": [
        20,
        20
      ],
      "op_income": [
        20,
        20
      ],
      "fcf": [
        20,
        20
      ]
    },
    "gaps": [],
    "warnings": []
  },
  "market_cap": null,
  "source": "SEC EDGAR",
  "last_updated": "2026-02-02T22:34:08.772055"
}