{
  "ticker": "LAZRQ",
  "name": "Luminar Technologies, Inc./DE",
  "quarters": [
    {
      "date": "2020-12-31T00:00:00",
      "quarter_label": "2020-12 (Q4)",
      "revenue": 2432000,
      "gross_profit": -4311000,
      "operating_income": -82316374,
      "net_income": -358919543,
      "opex": 26083000,
      "cogs": 6743000,
      "rd": 10383000,
      "sga": null,
      "fcf": -28150000,
      "ocf": -27911000,
      "capex": -239000,
      "gross_margin": -1.7726151315789473,
      "op_margin": -33.84719325657895,
      "fcf_margin": -11.57483552631579
    },
    {
      "date": "2021-03-31T00:00:00",
      "quarter_label": "2021-03 (Q1)",
      "revenue": 5313000,
      "gross_profit": -2326000,
      "operating_income": -29244000,
      "net_income": -75923000,
      "opex": 26918000,
      "cogs": 7639000,
      "rd": 14010000,
      "sga": null,
      "fcf": -28903000,
      "ocf": -28014000,
      "capex": -889000,
      "gross_margin": -0.437794089968003,
      "op_margin": -5.504234895539243,
      "fcf_margin": -5.440052700922267,
      "op_leverage_ratio": 37.00417733611724,
      "fcf_margin_change": 6.134782825393523
    },
    {
      "date": "2021-06-30T00:00:00",
      "quarter_label": "2021-06 (Q2)",
      "revenue": 6309000,
      "gross_profit": -1544000,
      "operating_income": -44201000,
      "net_income": -36830000,
      "opex": 42657000,
      "cogs": 7853000,
      "rd": 19913000,
      "sga": null,
      "fcf": -31990000,
      "ocf": -30169000,
      "capex": -1821000,
      "gross_margin": -0.244729751149152,
      "op_margin": -7.006023141543826,
      "fcf_margin": -5.070534157552703,
      "op_leverage_ratio": 0.32061598845853967,
      "fcf_margin_change": 0.3695185433695638
    },
    {
      "date": "2021-09-30T00:00:00",
      "quarter_label": "2021-09 (Q3)",
      "revenue": 7978000,
      "gross_profit": -2784000,
      "operating_income": -70145000,
      "net_income": -51340000,
      "opex": 67361000,
      "cogs": 10762000,
      "rd": 25890000,
      "sga": null,
      "fcf": -37518000,
      "ocf": -36073000,
      "capex": -1445000,
      "gross_margin": -0.34895963900727,
      "op_margin": -8.792303835547756,
      "fcf_margin": -4.702682376535472,
      "op_leverage_ratio": 0.45679236838442,
      "fcf_margin_change": 0.3678517810172304
    },
    {
      "date": "2021-12-31T00:00:00",
      "quarter_label": "2021-12 (Q4)",
      "revenue": 12344000,
      "gross_profit": -7494000,
      "operating_income": -70962000,
      "net_income": -73893000,
      "opex": 63468000,
      "cogs": 19838000,
      "rd": 29048000,
      "sga": null,
      "fcf": -56443000,
      "ocf": -54165000,
      "capex": -2278000,
      "gross_margin": -0.607096565132858,
      "op_margin": -5.748703823720026,
      "fcf_margin": -4.57250486066105,
      "incr_op_margin_yoy": 1.1455179580306698,
      "rev_growth_yoy": 4.0756578947368425,
      "op_leverage_ratio": Infinity,
      "fcf_margin_change": 0.13017751587442206
    },
    {
      "date": "2022-03-31T00:00:00",
      "quarter_label": "2022-03 (Q1)",
      "revenue": 6855000,
      "gross_profit": -9799000,
      "operating_income": -82331000,
      "net_income": -88333000,
      "opex": 72532000,
      "cogs": 16654000,
      "rd": 33109000,
      "sga": null,
      "fcf": -37841000,
      "ocf": -32837000,
      "capex": -5004000,
      "gross_margin": -1.4294675419401897,
      "op_margin": -12.010357403355215,
      "fcf_margin": -5.5202042304886945,
      "incr_op_margin_yoy": -34.427367055771725,
      "rev_growth_yoy": 0.29023150762281197,
      "rev_growth_yoy_accel": -3.7854263871140303,
      "fcf_margin_change": -0.9476993698276441
    },
    {
      "date": "2022-06-30T00:00:00",
      "quarter_label": "2022-06 (Q2)",
      "revenue": 9932000,
      "gross_profit": -18160000,
      "operating_income": -104440000,
      "net_income": -95239000,
      "opex": 86280000,
      "cogs": 28092000,
      "rd": 40941000,
      "sga": null,
      "fcf": -54848000,
      "ocf": -52361000,
      "capex": -2487000,
      "gross_margin": -1.828433346757954,
      "op_margin": -10.515505436971406,
      "fcf_margin": -5.522351993556182,
      "incr_op_margin_yoy": -16.626828595086945,
      "rev_growth_yoy": 0.5742589950863846,
      "rev_growth_yoy_accel": 0.2840274874635726,
      "op_leverage_ratio": 2.3681552301115825,
      "fcf_margin_change": -0.0021477630674873183
    },
    {
      "date": "2022-09-30T00:00:00",
      "quarter_label": "2022-09 (Q3)",
      "revenue": 12785000,
      "gross_profit": -15726000,
      "operating_income": -114954000,
      "net_income": -117550000,
      "opex": 99228000,
      "cogs": 28511000,
      "rd": 46308000,
      "sga": null,
      "fcf": -52147000,
      "ocf": -48361000,
      "capex": -3786000,
      "gross_margin": -1.230035197497067,
      "op_margin": -8.991317950723504,
      "fcf_margin": -4.078764176769652,
      "incr_op_margin_yoy": -9.321614312460994,
      "rev_growth_yoy": 0.6025319628979694,
      "rev_growth_yoy_accel": 0.028272967811584837,
      "op_leverage_ratio": 1.914134744623029,
      "fcf_margin_change": 1.44358781678653
    },
    {
      "date": "2022-12-31T00:00:00",
      "quarter_label": "2022-12 (Q4)",
      "revenue": 11126000,
      "gross_profit": -16600000,
      "operating_income": -140677000,
      "net_income": -144817000,
      "opex": 124077000,
      "cogs": 27726000,
      "rd": 64925000,
      "sga": null,
      "fcf": -79010000,
      "ocf": -74673000,
      "capex": -4337000,
      "gross_margin": -1.492000719036491,
      "op_margin": -12.64398705734316,
      "fcf_margin": -7.101384145245371,
      "incr_op_margin_yoy": 57.23727422003284,
      "rev_growth_yoy": -0.09867141931302657,
      "rev_growth_yoy_accel": -0.701203382210996,
      "fcf_margin_change": -3.022619968475719
    },
    {
      "date": "2023-03-31T00:00:00",
      "quarter_label": "2023-03 (Q1)",
      "revenue": 14509000,
      "gross_profit": -14624000,
      "operating_income": -141895000,
      "net_income": -146774000,
      "opex": 127271000,
      "cogs": 29133000,
      "rd": 69052000,
      "sga": null,
      "fcf": -76354000,
      "ocf": -64674000,
      "capex": -11680000,
      "gross_margin": -1.007926114825281,
      "op_margin": -9.779791853332414,
      "fcf_margin": -5.262526707560824,
      "incr_op_margin_yoy": -7.782074732166188,
      "rev_growth_yoy": 1.1165572574762948,
      "rev_growth_yoy_accel": 1.2152286767893212,
      "op_leverage_ratio": 11.811887846741222,
      "fcf_margin_change": 1.8388574376845463
    },
    {
      "date": "2023-06-30T00:00:00",
      "quarter_label": "2023-06 (Q2)",
      "revenue": 16197000,
      "gross_profit": -18335000,
      "operating_income": -143892000,
      "net_income": -141756000,
      "opex": 125557000,
      "cogs": 34532000,
      "rd": 67483000,
      "sga": null,
      "fcf": -78460000,
      "ocf": -73309000,
      "capex": -5151000,
      "gross_margin": -1.1319997530406865,
      "op_margin": -8.883867382848676,
      "fcf_margin": -4.844106933382725,
      "incr_op_margin_yoy": -6.297206703910614,
      "rev_growth_yoy": 0.6307893677003624,
      "rev_growth_yoy_accel": -0.4857678897759323,
      "op_leverage_ratio": Infinity,
      "fcf_margin_change": 0.4184197741780995
    },
    {
      "date": "2023-09-30T00:00:00",
      "quarter_label": "2023-09 (Q3)",
      "revenue": 16959000,
      "gross_profit": -18160000,
      "operating_income": -128929000,
      "net_income": -134338000,
      "opex": 110769000,
      "cogs": 35119000,
      "rd": 62937000,
      "sga": null,
      "fcf": -60841000,
      "ocf": -56543000,
      "capex": -4298000,
      "gross_margin": -1.0708178548263458,
      "op_margin": -7.602394009080724,
      "fcf_margin": -3.5875346423727814,
      "incr_op_margin_yoy": -3.348107331097269,
      "rev_growth_yoy": 0.326476339460305,
      "rev_growth_yoy_accel": -0.3043130282400574,
      "op_leverage_ratio": Infinity,
      "fcf_margin_change": 1.2565722910099435
    },
    {
      "date": "2023-12-31T00:00:00",
      "quarter_label": "2023-12 (Q4)",
      "revenue": 22114000,
      "gross_profit": -21571000,
      "operating_income": -148592000,
      "net_income": -148401000,
      "opex": 127021000,
      "cogs": 43685000,
      "rd": 62745000,
      "sga": null,
      "fcf": -53564000,
      "ocf": -52778000,
      "capex": -786000,
      "gross_margin": -0.9754454191914624,
      "op_margin": -6.719363299267433,
      "fcf_margin": -2.4221759971059056,
      "incr_op_margin_yoy": -0.7203312704768838,
      "rev_growth_yoy": 0.9875966205284918,
      "rev_growth_yoy_accel": 0.6611202810681869,
      "op_leverage_ratio": 2.0717619416183433,
      "fcf_margin_change": 1.1653586452668758
    },
    {
      "date": "2024-03-31T00:00:00",
      "quarter_label": "2024-03 (Q1)",
      "revenue": 20968000,
      "gross_profit": -10455000,
      "operating_income": -125769000,
      "net_income": -125714000,
      "opex": 115314000,
      "cogs": 31423000,
      "rd": 67750000,
      "sga": null,
      "fcf": -82513000,
      "ocf": -81229000,
      "capex": -1284000,
      "gross_margin": -0.49861694009919877,
      "op_margin": -5.998140022892026,
      "fcf_margin": -3.935186951545212,
      "incr_op_margin_yoy": 2.496671311348506,
      "rev_growth_yoy": 0.4451719622303398,
      "rev_growth_yoy_accel": -0.542424658298152,
      "fcf_margin_change": -1.5130109544393062
    },
    {
      "date": "2024-06-30T00:00:00",
      "quarter_label": "2024-06 (Q2)",
      "revenue": 16451000,
      "gross_profit": -13680000,
      "operating_income": -127722000,
      "net_income": -130607000,
      "opex": 114042000,
      "cogs": 30131000,
      "rd": 65850000,
      "sga": null,
      "fcf": -78009000,
      "ocf": -77707000,
      "capex": -302000,
      "gross_margin": -0.8315603914655644,
      "op_margin": -7.763783356634855,
      "fcf_margin": -4.741900188438393,
      "rev_growth_yoy": 0.015681916404272397,
      "rev_growth_yoy_accel": -0.42949004582606737,
      "fcf_margin_change": -0.8067132368931813
    },
    {
      "date": "2024-09-30T00:00:00",
      "quarter_label": "2024-09 (Q3)",
      "revenue": 15493000,
      "gross_profit": -14032000,
      "operating_income": -115857000,
      "net_income": 27403000,
      "opex": 101825000,
      "cogs": 29525000,
      "rd": 50591000,
      "sga": null,
      "fcf": -58414000,
      "ocf": -55756000,
      "capex": -2658000,
      "gross_margin": -0.905699348092687,
      "op_margin": -7.478022332666366,
      "fcf_margin": -3.7703478990511843,
      "incr_op_margin_yoy": -8.916780354706685,
      "rev_growth_yoy": -0.08644377616604752,
      "rev_growth_yoy_accel": -0.10212569257031992,
      "fcf_margin_change": 0.9715522893872088
    },
    {
      "date": "2024-12-31T00:00:00",
      "quarter_label": "2024-12 (Q4)",
      "revenue": 22484000,
      "gross_profit": 12478000,
      "operating_income": -65688000,
      "net_income": -44222000,
      "opex": 78166000,
      "cogs": 10006000,
      "rd": 47478000,
      "sga": null,
      "fcf": -62784000,
      "ocf": -61938000,
      "capex": -846000,
      "gross_margin": 0.5549724248354385,
      "op_margin": -2.9215442092154422,
      "fcf_margin": -2.7923856964952853,
      "rev_growth_yoy": 0.016731482318893008,
      "rev_growth_yoy_accel": 0.10317525848494052,
      "op_leverage_ratio": Infinity,
      "fcf_margin_change": 0.9779622025558989
    },
    {
      "date": "2025-03-31T00:00:00",
      "quarter_label": "2025-03 (Q1)",
      "revenue": 18886000,
      "gross_profit": -8100000,
      "operating_income": -72272000,
      "net_income": -80691000,
      "opex": 64172000,
      "cogs": 26986000,
      "rd": 38288000,
      "sga": null,
      "fcf": -44344000,
      "ocf": -44229000,
      "capex": -115000,
      "gross_margin": -0.4288891242189982,
      "op_margin": -3.8267499735253625,
      "fcf_margin": -2.3479826326379327,
      "incr_op_margin_yoy": -25.695004803073967,
      "rev_growth_yoy": -0.0992941625333842,
      "rev_growth_yoy_accel": -0.1160256448522772,
      "fcf_margin_change": 0.4444030638573526
    },
    {
      "date": "2025-06-30T00:00:00",
      "quarter_label": "2025-06 (Q2)",
      "revenue": 15634000,
      "gross_profit": -12427000,
      "operating_income": -39479000,
      "net_income": -22899000,
      "opex": 27052000,
      "cogs": 28061000,
      "rd": 39328000,
      "sga": null,
      "fcf": -53836000,
      "ocf": -53725000,
      "capex": -111000,
      "gross_margin": -0.7948701547908404,
      "op_margin": -2.5252014839452475,
      "fcf_margin": -3.443520532173468,
      "rev_growth_yoy": -0.049662634490304544,
      "rev_growth_yoy_accel": 0.04963152804307966,
      "fcf_margin_change": -1.0955378995355352
    },
    {
      "date": "2025-09-30T00:00:00",
      "quarter_label": "2025-09 (Q3)",
      "revenue": 18749000,
      "gross_profit": -8081000,
      "operating_income": -74662000,
      "net_income": -85845000,
      "opex": 66581000,
      "cogs": 26830000,
      "rd": 35268000,
      "sga": null,
      "fcf": -48518000,
      "ocf": -47978000,
      "capex": -540000,
      "gross_margin": -0.4310096538482052,
      "op_margin": -3.9821857165715504,
      "fcf_margin": -2.5877646807829753,
      "incr_op_margin_yoy": 12.652027027027026,
      "rev_growth_yoy": 0.2101594268379268,
      "rev_growth_yoy_accel": 0.2598220613282313,
      "op_leverage_ratio": 0.13635513396028176,
      "fcf_margin_change": 0.8557558513904926
    }
  ],
  "signals": [
    {
      "quarter": "2025-09 (Q3)",
      "signal": "FCF MARGIN EXPANSION",
      "detail": "FCF margin: -344.4% -> -258.8% (+85.6%)",
      "severity": "MEDIUM"
    },
    {
      "quarter": "2025-09 (Q3)",
      "signal": "GROSS MARGIN INFLECTION",
      "detail": "GM: -42.9% -> -79.5% -> -43.1% (reversal +36.4%)",
      "severity": "HIGH"
    },
    {
      "quarter": "2025-09 (Q3)",
      "signal": "YoY REVENUE GROWTH ACCELERATION",
      "detail": "YoY growth: +21.0% vs prior quarter YoY: -5.0% (accel: +26.0%)",
      "severity": "HIGH"
    },
    {
      "quarter": "2025-03 (Q1)",
      "signal": "FCF MARGIN EXPANSION",
      "detail": "FCF margin: -279.2% -> -234.8% (+44.4%)",
      "severity": "MEDIUM"
    },
    {
      "quarter": "2025-03 (Q1)",
      "signal": "YoY REVENUE GROWTH DECELERATION",
      "detail": "YoY growth: -9.9% vs prior quarter YoY: +1.7% (decel: -11.6%)",
      "severity": "WARNING"
    },
    {
      "quarter": "2024-12 (Q4)",
      "signal": "FCF MARGIN EXPANSION",
      "detail": "FCF margin: -377.0% -> -279.2% (+97.8%)",
      "severity": "MEDIUM"
    },
    {
      "quarter": "2024-12 (Q4)",
      "signal": "GROSS MARGIN INFLECTION",
      "detail": "GM: -83.2% -> -90.6% -> +55.5% (reversal +146.1%)",
      "severity": "HIGH"
    },
    {
      "quarter": "2024-12 (Q4)",
      "signal": "YoY REVENUE GROWTH ACCELERATION",
      "detail": "YoY growth: +1.7% vs prior quarter YoY: -8.6% (accel: +10.3%)",
      "severity": "MEDIUM"
    },
    {
      "quarter": "2024-09 (Q3)",
      "signal": "FCF MARGIN EXPANSION",
      "detail": "FCF margin: -474.2% -> -377.0% (+97.2%)",
      "severity": "MEDIUM"
    },
    {
      "quarter": "2024-09 (Q3)",
      "signal": "YoY REVENUE GROWTH DECELERATION",
      "detail": "YoY growth: -8.6% vs prior quarter YoY: +1.6% (decel: -10.2%)",
      "severity": "WARNING"
    },
    {
      "quarter": "2024-06 (Q2)",
      "signal": "YoY REVENUE GROWTH DECELERATION",
      "detail": "YoY growth: +1.6% vs prior quarter YoY: +44.5% (decel: -42.9%)",
      "severity": "WARNING"
    },
    {
      "quarter": "2024-03 (Q1)",
      "signal": "YoY REVENUE GROWTH DECELERATION",
      "detail": "YoY growth: +44.5% vs prior quarter YoY: +98.8% (decel: -54.2%)",
      "severity": "WARNING"
    },
    {
      "quarter": "2023-12 (Q4)",
      "signal": "FCF MARGIN EXPANSION",
      "detail": "FCF margin: -358.8% -> -242.2% (+116.5%)",
      "severity": "MEDIUM"
    },
    {
      "quarter": "2023-12 (Q4)",
      "signal": "OPERATING LEVERAGE",
      "detail": "Rev growth +30.4% vs OpEx growth +14.7% (leverage: 2.1x)",
      "severity": "MEDIUM"
    },
    {
      "quarter": "2023-12 (Q4)",
      "signal": "YoY REVENUE GROWTH ACCELERATION",
      "detail": "YoY growth: +98.8% vs prior quarter YoY: +32.6% (accel: +66.1%)",
      "severity": "HIGH"
    },
    {
      "quarter": "2023-09 (Q3)",
      "signal": "FCF MARGIN EXPANSION",
      "detail": "FCF margin: -484.4% -> -358.8% (+125.7%)",
      "severity": "MEDIUM"
    },
    {
      "quarter": "2023-09 (Q3)",
      "signal": "GROSS MARGIN INFLECTION",
      "detail": "GM: -100.8% -> -113.2% -> -107.1% (reversal +6.1%)",
      "severity": "HIGH"
    },
    {
      "quarter": "2023-09 (Q3)",
      "signal": "YoY REVENUE GROWTH DECELERATION",
      "detail": "YoY growth: +32.6% vs prior quarter YoY: +63.1% (decel: -30.4%)",
      "severity": "WARNING"
    },
    {
      "quarter": "2023-06 (Q2)",
      "signal": "FCF MARGIN EXPANSION",
      "detail": "FCF margin: -526.3% -> -484.4% (+41.8%)",
      "severity": "MEDIUM"
    },
    {
      "quarter": "2023-06 (Q2)",
      "signal": "YoY REVENUE GROWTH DECELERATION",
      "detail": "YoY growth: +63.1% vs prior quarter YoY: +111.7% (decel: -48.6%)",
      "severity": "WARNING"
    },
    {
      "quarter": "2023-03 (Q1)",
      "signal": "FCF MARGIN EXPANSION",
      "detail": "FCF margin: -710.1% -> -526.3% (+183.9%)",
      "severity": "MEDIUM"
    },
    {
      "quarter": "2023-03 (Q1)",
      "signal": "OPERATING LEVERAGE",
      "detail": "Rev growth +30.4% vs OpEx growth +2.6% (leverage: 11.8x)",
      "severity": "MEDIUM"
    },
    {
      "quarter": "2023-03 (Q1)",
      "signal": "GROSS MARGIN INFLECTION",
      "detail": "GM: -123.0% -> -149.2% -> -100.8% (reversal +48.4%)",
      "severity": "HIGH"
    },
    {
      "quarter": "2023-03 (Q1)",
      "signal": "YoY REVENUE GROWTH ACCELERATION",
      "detail": "YoY growth: +111.7% vs prior quarter YoY: -9.9% (accel: +121.5%)",
      "severity": "HIGH"
    },
    {
      "quarter": "2022-12 (Q4)",
      "signal": "YoY REVENUE GROWTH DECELERATION",
      "detail": "YoY growth: -9.9% vs prior quarter YoY: +60.3% (decel: -70.1%)",
      "severity": "WARNING"
    },
    {
      "quarter": "2022-09 (Q3)",
      "signal": "FCF MARGIN EXPANSION",
      "detail": "FCF margin: -552.2% -> -407.9% (+144.4%)",
      "severity": "MEDIUM"
    },
    {
      "quarter": "2022-09 (Q3)",
      "signal": "OPERATING LEVERAGE",
      "detail": "Rev growth +28.7% vs OpEx growth +15.0% (leverage: 1.9x)",
      "severity": "MEDIUM"
    },
    {
      "quarter": "2022-09 (Q3)",
      "signal": "GROSS MARGIN INFLECTION",
      "detail": "GM: -142.9% -> -182.8% -> -123.0% (reversal +59.8%)",
      "severity": "HIGH"
    },
    {
      "quarter": "2022-06 (Q2)",
      "signal": "OPERATING LEVERAGE",
      "detail": "Rev growth +44.9% vs OpEx growth +19.0% (leverage: 2.4x)",
      "severity": "MEDIUM"
    },
    {
      "quarter": "2022-06 (Q2)",
      "signal": "YoY REVENUE GROWTH ACCELERATION",
      "detail": "YoY growth: +57.4% vs prior quarter YoY: +29.0% (accel: +28.4%)",
      "severity": "HIGH"
    },
    {
      "quarter": "2022-03 (Q1)",
      "signal": "YoY REVENUE GROWTH DECELERATION",
      "detail": "YoY growth: +29.0% vs prior quarter YoY: +407.6% (decel: -378.5%)",
      "severity": "WARNING"
    },
    {
      "quarter": "2021-12 (Q4)",
      "signal": "FCF MARGIN EXPANSION",
      "detail": "FCF margin: -470.3% -> -457.3% (+13.0%)",
      "severity": "MEDIUM"
    },
    {
      "quarter": "2021-09 (Q3)",
      "signal": "FCF MARGIN EXPANSION",
      "detail": "FCF margin: -507.1% -> -470.3% (+36.8%)",
      "severity": "MEDIUM"
    },
    {
      "quarter": "2021-06 (Q2)",
      "signal": "FCF MARGIN EXPANSION",
      "detail": "FCF margin: -544.0% -> -507.1% (+37.0%)",
      "severity": "MEDIUM"
    },
    {
      "quarter": "2021-03 (Q1)",
      "signal": "FCF MARGIN EXPANSION",
      "detail": "FCF margin: -1157.5% -> -544.0% (+613.5%)",
      "severity": "MEDIUM"
    },
    {
      "quarter": "2021-03 (Q1)",
      "signal": "OPERATING LEVERAGE",
      "detail": "Rev growth +118.5% vs OpEx growth +3.2% (leverage: 37.0x)",
      "severity": "MEDIUM"
    }
  ],
  "data_quality": {
    "n_quarters": 20,
    "coverage": {
      "revenue": [
        20,
        20
      ],
      "gross_profit": [
        20,
        20
      ],
      "op_income": [
        20,
        20
      ],
      "fcf": [
        20,
        20
      ]
    },
    "gaps": [],
    "warnings": []
  },
  "market_cap": null,
  "source": "SEC EDGAR",
  "last_updated": "2026-02-03T00:19:51.353247"
}