{
  "ticker": "LBRA",
  "name": "1847 HOLDINGS LLC",
  "quarters": [
    {
      "date": "2020-12-31T00:00:00",
      "quarter_label": "2020-12 (Q4)",
      "revenue": 1120224,
      "gross_profit": -1674690,
      "operating_income": -163865,
      "net_income": 1545364,
      "opex": 7376931,
      "cogs": 2794914,
      "rd": null,
      "sga": null,
      "fcf": -4092019,
      "ocf": -4028970,
      "capex": -63049,
      "gross_margin": -1.4949599365841117,
      "op_margin": -0.14627877995829405,
      "fcf_margin": -3.6528578212928844
    },
    {
      "date": "2021-03-31T00:00:00",
      "quarter_label": "2021-03 (Q1)",
      "revenue": 4780275,
      "gross_profit": 1519593,
      "operating_income": -411381,
      "net_income": -755811,
      "opex": 5191656,
      "cogs": 3260682,
      "rd": null,
      "sga": null,
      "fcf": -632625,
      "ocf": -483805,
      "capex": -148820,
      "gross_margin": 0.317888196808761,
      "op_margin": -0.0860580196746003,
      "fcf_margin": -0.132340712615906,
      "op_leverage_ratio": Infinity,
      "fcf_margin_change": 3.5205171086769784
    },
    {
      "date": "2021-06-30T00:00:00",
      "quarter_label": "2021-06 (Q2)",
      "revenue": 6647954,
      "gross_profit": 3295336,
      "operating_income": -179805,
      "net_income": 3018890,
      "opex": 6827759,
      "cogs": 3352618,
      "rd": null,
      "sga": null,
      "fcf": 192694,
      "ocf": 252650,
      "capex": -59956,
      "gross_margin": 0.4956917571932658,
      "op_margin": -0.02704666729041747,
      "fcf_margin": 0.028985459285668945,
      "op_leverage_ratio": 1.239779987034947,
      "fcf_margin_change": 0.16132617190157494
    },
    {
      "date": "2021-09-30T00:00:00",
      "quarter_label": "2021-09 (Q3)",
      "revenue": 6735028,
      "gross_profit": 2161905,
      "operating_income": -859542,
      "net_income": -973317,
      "opex": 7594570,
      "cogs": 4573123,
      "rd": null,
      "sga": null,
      "fcf": -374847,
      "ocf": -320771,
      "capex": -54076,
      "gross_margin": 0.3209942111599239,
      "op_margin": -0.1276226320068751,
      "fcf_margin": -0.05565633877097467,
      "op_leverage_ratio": 0.11662464610920528,
      "fcf_margin_change": -0.08464179805664362
    },
    {
      "date": "2021-12-31T00:00:00",
      "quarter_label": "2021-12 (Q4)",
      "revenue": 12497727,
      "gross_profit": 4745415,
      "operating_income": 346828,
      "net_income": -4985325,
      "opex": 12150899,
      "cogs": 7752312,
      "rd": null,
      "sga": null,
      "fcf": -430843,
      "ocf": -516220,
      "capex": 85377,
      "gross_margin": 0.379702245056241,
      "op_margin": 0.027751286293899682,
      "fcf_margin": -0.03447370869918986,
      "incr_op_margin_yoy": 0.04488621097265367,
      "rev_growth_yoy": 10.156453530722427,
      "op_leverage_ratio": 1.4261809921635131,
      "fcf_margin_change": 0.021182630071784815
    },
    {
      "date": "2022-03-31T00:00:00",
      "quarter_label": "2022-03 (Q1)",
      "revenue": 12073878,
      "gross_profit": 4324748,
      "operating_income": 69470,
      "net_income": -927208,
      "opex": 12004408,
      "cogs": 7749130,
      "rd": null,
      "sga": null,
      "fcf": -602551,
      "ocf": -536260,
      "capex": -66291,
      "gross_margin": 0.358190467056235,
      "op_margin": 0.005753743743310973,
      "fcf_margin": -0.049905341100845976,
      "incr_op_margin_yoy": 0.06592777259743915,
      "rev_growth_yoy": 1.5257705885121673,
      "rev_growth_yoy_accel": -8.63068294221026,
      "fcf_margin_change": -0.015431632401656119
    },
    {
      "date": "2022-06-30T00:00:00",
      "quarter_label": "2022-06 (Q2)",
      "revenue": 12891243,
      "gross_profit": 4812360,
      "operating_income": 345769,
      "net_income": -144452,
      "opex": 12545474,
      "cogs": 8078883,
      "rd": null,
      "sga": null,
      "fcf": -210196,
      "ocf": -79186,
      "capex": -131010,
      "gross_margin": 0.37330457582717197,
      "op_margin": 0.026822006225466388,
      "fcf_margin": -0.016305332232120672,
      "incr_op_margin_yoy": 0.0841822315129093,
      "rev_growth_yoy": 0.9391293922912223,
      "rev_growth_yoy_accel": -0.586641196220945,
      "op_leverage_ratio": 1.5019648088130628,
      "fcf_margin_change": 0.0336000088687253
    },
    {
      "date": "2022-09-30T00:00:00",
      "quarter_label": "2022-09 (Q3)",
      "revenue": 14472361,
      "gross_profit": 4875974,
      "operating_income": -1511603,
      "net_income": -4073516,
      "opex": 15983964,
      "cogs": 9596387,
      "rd": null,
      "sga": null,
      "fcf": -3420469,
      "ocf": -3361840,
      "capex": -58629,
      "gross_margin": 0.3369162778623336,
      "op_margin": -0.10444757424168731,
      "fcf_margin": -0.23634491980955977,
      "incr_op_margin_yoy": -0.08427464605698114,
      "rev_growth_yoy": 1.1488197227984798,
      "rev_growth_yoy_accel": 0.2096903305072575,
      "op_leverage_ratio": 0.4474956283603567,
      "fcf_margin_change": -0.2200395875774391
    },
    {
      "date": "2022-12-31T00:00:00",
      "quarter_label": "2022-12 (Q4)",
      "revenue": 9491642,
      "gross_profit": 1373775,
      "operating_income": -4643144,
      "net_income": -5068602,
      "opex": 14134786,
      "cogs": 8117867,
      "rd": null,
      "sga": null,
      "fcf": -154938,
      "ocf": -154191,
      "capex": -747,
      "gross_margin": 0.14473523126978452,
      "op_margin": -0.489182377506442,
      "fcf_margin": -0.01632362451091181,
      "incr_op_margin_yoy": 1.6599570537759245,
      "rev_growth_yoy": -0.2405305380730432,
      "rev_growth_yoy_accel": -1.389350260871523,
      "fcf_margin_change": 0.22002129529864795
    },
    {
      "date": "2023-03-31T00:00:00",
      "quarter_label": "2023-03 (Q1)",
      "revenue": 15403538,
      "gross_profit": 5837030,
      "operating_income": -77833,
      "net_income": 1112534,
      "opex": 15481371,
      "cogs": 9566508,
      "rd": null,
      "sga": null,
      "fcf": -1915209,
      "ocf": -1851766,
      "capex": -63443,
      "gross_margin": 0.3789408641053763,
      "op_margin": -0.005052930047629318,
      "fcf_margin": -0.12433565587334545,
      "incr_op_margin_yoy": -0.04423965209661047,
      "rev_growth_yoy": 0.27577386486760924,
      "rev_growth_yoy_accel": 0.5163044029406525,
      "op_leverage_ratio": 6.537939558847621,
      "fcf_margin_change": -0.10801203136243365
    },
    {
      "date": "2023-06-30T00:00:00",
      "quarter_label": "2023-06 (Q2)",
      "revenue": 19390739,
      "gross_profit": 6920044,
      "operating_income": -832100,
      "net_income": -3770731,
      "opex": 20222839,
      "cogs": 12470695,
      "rd": null,
      "sga": null,
      "fcf": -857541,
      "ocf": -696201,
      "capex": -161340,
      "gross_margin": 0.35687366015292143,
      "op_margin": -0.04291223764086557,
      "fcf_margin": -0.04422425571299784,
      "incr_op_margin_yoy": -0.18122466726650804,
      "rev_growth_yoy": 0.5041791547952358,
      "rev_growth_yoy_accel": 0.22840528992762654,
      "op_leverage_ratio": 0.8451703244098321,
      "fcf_margin_change": 0.08011140016034762
    },
    {
      "date": "2023-09-30T00:00:00",
      "quarter_label": "2023-09 (Q3)",
      "revenue": 18777921,
      "gross_profit": 8040747,
      "operating_income": -787120,
      "net_income": -5828305,
      "opex": 8827867,
      "cogs": 10737174,
      "rd": null,
      "sga": null,
      "fcf": -2941729,
      "ocf": -3149352,
      "capex": 207623,
      "gross_margin": 0.4282021955465677,
      "op_margin": -0.04191731342356803,
      "fcf_margin": -0.15665892938840248,
      "incr_op_margin_yoy": 0.16826684566003028,
      "rev_growth_yoy": 0.29750225274231346,
      "rev_growth_yoy_accel": -0.20667690205292233,
      "fcf_margin_change": -0.11243467367540463
    },
    {
      "date": "2023-12-31T00:00:00",
      "quarter_label": "2023-12 (Q4)",
      "revenue": 15109620,
      "gross_profit": 40246501,
      "operating_income": -18238090,
      "net_income": -21518646,
      "opex": 58484591,
      "cogs": -25136881,
      "rd": null,
      "sga": null,
      "fcf": -1853657,
      "ocf": -1842974,
      "capex": -10683,
      "gross_margin": 2.663634227730413,
      "op_margin": -1.207051534055787,
      "fcf_margin": -0.1226805836281786,
      "incr_op_margin_yoy": -2.4199001847283843,
      "rev_growth_yoy": 0.5918868410755483,
      "rev_growth_yoy_accel": 0.2943845883332349,
      "fcf_margin_change": 0.03397834576022388
    },
    {
      "date": "2024-03-31T00:00:00",
      "quarter_label": "2024-03 (Q1)",
      "revenue": 14913497,
      "gross_profit": 13730798,
      "operating_income": -3109631,
      "net_income": -10400513,
      "opex": 16840429,
      "cogs": 1182699,
      "rd": null,
      "sga": null,
      "fcf": -3542690,
      "ocf": -3542690,
      "capex": null,
      "gross_margin": 0.9206960647794411,
      "op_margin": -0.2085111895620457,
      "fcf_margin": -0.23754924817432155,
      "rev_growth_yoy": -0.031813535305979704,
      "rev_growth_yoy_accel": -0.6237003763815281,
      "fcf_margin_change": -0.11486866454614295
    },
    {
      "date": "2024-06-30T00:00:00",
      "quarter_label": "2024-06 (Q2)",
      "revenue": 15501359,
      "gross_profit": 14024812,
      "operating_income": -2544443,
      "net_income": -4875229,
      "opex": 16569255,
      "cogs": 1476547,
      "rd": null,
      "sga": null,
      "fcf": -368304,
      "ocf": -368304,
      "capex": null,
      "gross_margin": 0.9047472547406973,
      "op_margin": -0.1641432212491821,
      "fcf_margin": -0.023759465218501166,
      "incr_op_margin_yoy": 0.44026117273190074,
      "rev_growth_yoy": -0.2005792559014899,
      "rev_growth_yoy_accel": -0.1687657205955102,
      "op_leverage_ratio": Infinity,
      "fcf_margin_change": 0.21378978295582038
    },
    {
      "date": "2024-09-30T00:00:00",
      "quarter_label": "2024-09 (Q3)",
      "revenue": 4759090,
      "gross_profit": 3333843,
      "operating_income": -3413238,
      "net_income": 2813784,
      "opex": 6747081,
      "cogs": 1425247,
      "rd": null,
      "sga": null,
      "fcf": -5567956,
      "ocf": -5567956,
      "capex": null,
      "gross_margin": 0.7005211080269548,
      "op_margin": -0.7172039192366608,
      "fcf_margin": -1.169962324730148,
      "incr_op_margin_yoy": 0.1873278877532656,
      "rev_growth_yoy": -0.7465592703260387,
      "rev_growth_yoy_accel": -0.5459800144245488,
      "fcf_margin_change": -1.146202859511647
    },
    {
      "date": "2024-12-31T00:00:00",
      "quarter_label": "2024-12 (Q4)",
      "revenue": 3319533,
      "gross_profit": -533562,
      "operating_income": -3437904,
      "net_income": -87536208,
      "opex": 2904342,
      "cogs": 3853095,
      "rd": null,
      "sga": null,
      "fcf": -3135082,
      "ocf": -3135082,
      "capex": null,
      "gross_margin": -0.16073405506135954,
      "op_margin": -1.0356589315424791,
      "fcf_margin": -0.9444346539106555,
      "incr_op_margin_yoy": -1.2553076156265852,
      "rev_growth_yoy": -0.7803033431681273,
      "rev_growth_yoy_accel": -0.03374407284208858,
      "fcf_margin_change": 0.22552767081949254
    },
    {
      "date": "2025-03-31T00:00:00",
      "quarter_label": "2025-03 (Q1)",
      "revenue": 10083472,
      "gross_profit": 5208482,
      "operating_income": -98622,
      "net_income": -403101,
      "opex": 5307104,
      "cogs": 4874990,
      "rd": null,
      "sga": null,
      "fcf": 737510,
      "ocf": 755750,
      "capex": -18240,
      "gross_margin": 0.5165365659764811,
      "op_margin": -0.009780559711972225,
      "fcf_margin": 0.07314048177056474,
      "incr_op_margin_yoy": -0.6233940818111707,
      "rev_growth_yoy": -0.32386937818809364,
      "rev_growth_yoy_accel": 0.4564339649800337,
      "op_leverage_ratio": 2.462973234178344,
      "fcf_margin_change": 1.0175751356812202
    },
    {
      "date": "2025-06-30T00:00:00",
      "quarter_label": "2025-06 (Q2)",
      "revenue": 12806457,
      "gross_profit": 6681102,
      "operating_income": 2473308,
      "net_income": 22603964,
      "opex": 4207794,
      "cogs": 6125355,
      "rd": null,
      "sga": null,
      "fcf": 127133,
      "ocf": 198872,
      "capex": -71739,
      "gross_margin": 0.5216979216031413,
      "op_margin": 0.19312976258773212,
      "fcf_margin": 0.009927257788785766,
      "incr_op_margin_yoy": -1.8619419184816368,
      "rev_growth_yoy": -0.17384940249432324,
      "rev_growth_yoy_accel": 0.1500199756937704,
      "op_leverage_ratio": Infinity,
      "fcf_margin_change": -0.06321322398177898
    },
    {
      "date": "2025-09-30T00:00:00",
      "quarter_label": "2025-09 (Q3)",
      "revenue": 13563612,
      "gross_profit": 6665764,
      "operating_income": 2628258,
      "net_income": 32280122,
      "opex": 4037506,
      "cogs": 6897848,
      "rd": null,
      "sga": null,
      "fcf": 2016893,
      "ocf": 2036250,
      "capex": -19357,
      "gross_margin": 0.4914446092972875,
      "op_margin": 0.19377272071775573,
      "fcf_margin": 0.14869881267615145,
      "incr_op_margin_yoy": 0.6861810328828755,
      "rev_growth_yoy": 1.8500431805240078,
      "rev_growth_yoy_accel": 2.023892583018331,
      "op_leverage_ratio": Infinity,
      "fcf_margin_change": 0.1387715548873657
    }
  ],
  "signals": [
    {
      "quarter": "2025-09 (Q3)",
      "signal": "FCF MARGIN EXPANSION",
      "detail": "FCF margin: +1.0% -> +14.9% (+13.9%)",
      "severity": "MEDIUM"
    },
    {
      "quarter": "2025-09 (Q3)",
      "signal": "YoY REVENUE GROWTH ACCELERATION",
      "detail": "YoY growth: +185.0% vs prior quarter YoY: -17.4% (accel: +202.4%)",
      "severity": "HIGH"
    },
    {
      "quarter": "2025-09 (Q3)",
      "signal": "OP MARGIN TURNED POSITIVE (YoY)",
      "detail": "Op margin: -71.7% (year-ago) -> +19.4%",
      "severity": "HIGH"
    },
    {
      "quarter": "2025-06 (Q2)",
      "signal": "YoY REVENUE GROWTH ACCELERATION",
      "detail": "YoY growth: -17.4% vs prior quarter YoY: -32.4% (accel: +15.0%)",
      "severity": "HIGH"
    },
    {
      "quarter": "2025-06 (Q2)",
      "signal": "OP MARGIN TURNED POSITIVE (YoY)",
      "detail": "Op margin: -16.4% (year-ago) -> +19.3%",
      "severity": "HIGH"
    },
    {
      "quarter": "2025-06 (Q2)",
      "signal": "OP MARGIN TURNED POSITIVE (QoQ)",
      "detail": "Op margin: -1.0% -> +19.3%",
      "severity": "HIGH"
    },
    {
      "quarter": "2025-03 (Q1)",
      "signal": "FCF TURNED POSITIVE",
      "detail": "FCF margin: -94.4% -> +7.3%",
      "severity": "HIGH"
    },
    {
      "quarter": "2025-03 (Q1)",
      "signal": "OPERATING LEVERAGE",
      "detail": "Rev growth +203.8% vs OpEx growth +82.7% (leverage: 2.5x)",
      "severity": "MEDIUM"
    },
    {
      "quarter": "2025-03 (Q1)",
      "signal": "GROSS MARGIN INFLECTION",
      "detail": "GM: +70.1% -> -16.1% -> +51.7% (reversal +67.7%)",
      "severity": "HIGH"
    },
    {
      "quarter": "2025-03 (Q1)",
      "signal": "YoY REVENUE GROWTH ACCELERATION",
      "detail": "YoY growth: -32.4% vs prior quarter YoY: -78.0% (accel: +45.6%)",
      "severity": "HIGH"
    },
    {
      "quarter": "2024-12 (Q4)",
      "signal": "FCF MARGIN EXPANSION",
      "detail": "FCF margin: -117.0% -> -94.4% (+22.6%)",
      "severity": "MEDIUM"
    },
    {
      "quarter": "2024-09 (Q3)",
      "signal": "YoY REVENUE GROWTH DECELERATION",
      "detail": "YoY growth: -74.7% vs prior quarter YoY: -20.1% (decel: -54.6%)",
      "severity": "WARNING"
    },
    {
      "quarter": "2024-06 (Q2)",
      "signal": "FCF MARGIN EXPANSION",
      "detail": "FCF margin: -23.8% -> -2.4% (+21.4%)",
      "severity": "MEDIUM"
    },
    {
      "quarter": "2024-06 (Q2)",
      "signal": "YoY REVENUE GROWTH DECELERATION",
      "detail": "YoY growth: -20.1% vs prior quarter YoY: -3.2% (decel: -16.9%)",
      "severity": "WARNING"
    },
    {
      "quarter": "2024-03 (Q1)",
      "signal": "YoY REVENUE GROWTH DECELERATION",
      "detail": "YoY growth: -3.2% vs prior quarter YoY: +59.2% (decel: -62.4%)",
      "severity": "WARNING"
    },
    {
      "quarter": "2023-12 (Q4)",
      "signal": "YoY REVENUE GROWTH ACCELERATION",
      "detail": "YoY growth: +59.2% vs prior quarter YoY: +29.8% (accel: +29.4%)",
      "severity": "HIGH"
    },
    {
      "quarter": "2023-09 (Q3)",
      "signal": "GROSS MARGIN INFLECTION",
      "detail": "GM: +37.9% -> +35.7% -> +42.8% (reversal +7.1%)",
      "severity": "HIGH"
    },
    {
      "quarter": "2023-09 (Q3)",
      "signal": "YoY REVENUE GROWTH DECELERATION",
      "detail": "YoY growth: +29.8% vs prior quarter YoY: +50.4% (decel: -20.7%)",
      "severity": "WARNING"
    },
    {
      "quarter": "2023-06 (Q2)",
      "signal": "FCF MARGIN EXPANSION",
      "detail": "FCF margin: -12.4% -> -4.4% (+8.0%)",
      "severity": "MEDIUM"
    },
    {
      "quarter": "2023-06 (Q2)",
      "signal": "YoY REVENUE GROWTH ACCELERATION",
      "detail": "YoY growth: +50.4% vs prior quarter YoY: +27.6% (accel: +22.8%)",
      "severity": "HIGH"
    },
    {
      "quarter": "2023-03 (Q1)",
      "signal": "OPERATING LEVERAGE",
      "detail": "Rev growth +62.3% vs OpEx growth +9.5% (leverage: 6.5x)",
      "severity": "MEDIUM"
    },
    {
      "quarter": "2023-03 (Q1)",
      "signal": "GROSS MARGIN INFLECTION",
      "detail": "GM: +33.7% -> +14.5% -> +37.9% (reversal +23.4%)",
      "severity": "HIGH"
    },
    {
      "quarter": "2023-03 (Q1)",
      "signal": "YoY REVENUE GROWTH ACCELERATION",
      "detail": "YoY growth: +27.6% vs prior quarter YoY: -24.1% (accel: +51.6%)",
      "severity": "HIGH"
    },
    {
      "quarter": "2022-12 (Q4)",
      "signal": "FCF MARGIN EXPANSION",
      "detail": "FCF margin: -23.6% -> -1.6% (+22.0%)",
      "severity": "MEDIUM"
    },
    {
      "quarter": "2022-12 (Q4)",
      "signal": "YoY REVENUE GROWTH DECELERATION",
      "detail": "YoY growth: -24.1% vs prior quarter YoY: +114.9% (decel: -138.9%)",
      "severity": "WARNING"
    },
    {
      "quarter": "2022-09 (Q3)",
      "signal": "YoY REVENUE GROWTH ACCELERATION",
      "detail": "YoY growth: +114.9% vs prior quarter YoY: +93.9% (accel: +21.0%)",
      "severity": "HIGH"
    },
    {
      "quarter": "2022-06 (Q2)",
      "signal": "OPERATING LEVERAGE",
      "detail": "Rev growth +6.8% vs OpEx growth +4.5% (leverage: 1.5x)",
      "severity": "MEDIUM"
    },
    {
      "quarter": "2022-06 (Q2)",
      "signal": "YoY REVENUE GROWTH DECELERATION",
      "detail": "YoY growth: +93.9% vs prior quarter YoY: +152.6% (decel: -58.7%)",
      "severity": "WARNING"
    },
    {
      "quarter": "2022-06 (Q2)",
      "signal": "OP MARGIN TURNED POSITIVE (YoY)",
      "detail": "Op margin: -2.7% (year-ago) -> +2.7%",
      "severity": "HIGH"
    },
    {
      "quarter": "2022-03 (Q1)",
      "signal": "YoY REVENUE GROWTH DECELERATION",
      "detail": "YoY growth: +152.6% vs prior quarter YoY: +1015.6% (decel: -863.1%)",
      "severity": "WARNING"
    },
    {
      "quarter": "2022-03 (Q1)",
      "signal": "OP MARGIN TURNED POSITIVE (YoY)",
      "detail": "Op margin: -8.6% (year-ago) -> +0.6%",
      "severity": "HIGH"
    },
    {
      "quarter": "2021-12 (Q4)",
      "signal": "GROSS MARGIN INFLECTION",
      "detail": "GM: +49.6% -> +32.1% -> +38.0% (reversal +5.9%)",
      "severity": "HIGH"
    },
    {
      "quarter": "2021-12 (Q4)",
      "signal": "OP MARGIN TURNED POSITIVE (YoY)",
      "detail": "Op margin: -14.6% (year-ago) -> +2.8%",
      "severity": "HIGH"
    },
    {
      "quarter": "2021-12 (Q4)",
      "signal": "OP MARGIN TURNED POSITIVE (QoQ)",
      "detail": "Op margin: -12.8% -> +2.8%",
      "severity": "HIGH"
    },
    {
      "quarter": "2021-06 (Q2)",
      "signal": "FCF TURNED POSITIVE",
      "detail": "FCF margin: -13.2% -> +2.9%",
      "severity": "HIGH"
    },
    {
      "quarter": "2021-03 (Q1)",
      "signal": "FCF MARGIN EXPANSION",
      "detail": "FCF margin: -365.3% -> -13.2% (+352.1%)",
      "severity": "MEDIUM"
    }
  ],
  "data_quality": {
    "n_quarters": 20,
    "coverage": {
      "revenue": [
        20,
        20
      ],
      "gross_profit": [
        20,
        20
      ],
      "op_income": [
        20,
        20
      ],
      "fcf": [
        20,
        20
      ]
    },
    "gaps": [],
    "warnings": []
  },
  "market_cap": null,
  "source": "SEC EDGAR",
  "last_updated": "2026-02-03T01:10:28.775770"
}