{
  "ticker": "LBRT",
  "name": "LIBERTY ENERGY INC.",
  "quarters": [
    {
      "date": "2021-03-31T00:00:00",
      "quarter_label": "2021-03 (Q1)",
      "revenue": 552032000,
      "gross_profit": 53097000,
      "operating_income": -42219000,
      "net_income": -34205000,
      "opex": 594251000,
      "cogs": 498935000,
      "rd": null,
      "sga": null,
      "fcf": 27528000,
      "ocf": 27528000,
      "capex": null,
      "gross_margin": 0.0961846414700597,
      "op_margin": -0.07647926207176396,
      "fcf_margin": 0.049866674395687205
    },
    {
      "date": "2021-06-30T00:00:00",
      "quarter_label": "2021-06 (Q2)",
      "revenue": 581288000,
      "gross_profit": 59332000,
      "operating_income": -36004000,
      "net_income": -50560000,
      "opex": 617292000,
      "cogs": 521956000,
      "rd": null,
      "sga": null,
      "fcf": 8038000,
      "ocf": 8038000,
      "capex": null,
      "gross_margin": 0.10206988618378497,
      "op_margin": -0.06193831629071992,
      "fcf_margin": 0.013827913185890642,
      "op_leverage_ratio": 1.3668450714453162,
      "fcf_margin_change": -0.036038761209796565
    },
    {
      "date": "2021-09-30T00:00:00",
      "quarter_label": "2021-09 (Q3)",
      "revenue": 653727000,
      "gross_profit": 60044000,
      "operating_income": -39566000,
      "net_income": -38890000,
      "opex": 693293000,
      "cogs": 593683000,
      "rd": null,
      "sga": null,
      "fcf": 44576000,
      "ocf": 44576000,
      "capex": null,
      "gross_margin": 0.09184873808179868,
      "op_margin": -0.06052373544308251,
      "fcf_margin": 0.06818748498991169,
      "op_leverage_ratio": 1.0121675990287424,
      "fcf_margin_change": 0.05435957180402105
    },
    {
      "date": "2021-12-31T00:00:00",
      "quarter_label": "2021-12 (Q4)",
      "revenue": 683735000,
      "gross_profit": 48383000,
      "operating_income": -63435000,
      "net_income": -55589000,
      "opex": 747170000,
      "cogs": 635352000,
      "rd": null,
      "sga": null,
      "fcf": 55325000,
      "ocf": 55325000,
      "capex": null,
      "gross_margin": 0.070762795527507,
      "op_margin": -0.09277717244253987,
      "fcf_margin": 0.08091585190168706,
      "op_leverage_ratio": 0.5906824109207272,
      "fcf_margin_change": 0.012728366911775368
    },
    {
      "date": "2022-03-31T00:00:00",
      "quarter_label": "2022-03 (Q1)",
      "revenue": 792770000,
      "gross_profit": 122751000,
      "operating_income": 3839000,
      "net_income": -5376000,
      "opex": 788931000,
      "cogs": 670019000,
      "rd": null,
      "sga": null,
      "fcf": 14552000,
      "ocf": 14552000,
      "capex": null,
      "gross_margin": 0.15483809932262826,
      "op_margin": 0.004842514222283891,
      "fcf_margin": 0.018355891368240472,
      "incr_op_margin_yoy": 0.1913200242587377,
      "rev_growth_yoy": 0.43609428438931075,
      "op_leverage_ratio": 2.8531634538749633,
      "fcf_margin_change": -0.06255996053344659
    },
    {
      "date": "2022-06-30T00:00:00",
      "quarter_label": "2022-06 (Q2)",
      "revenue": 942619000,
      "gross_profit": 228901000,
      "operating_income": 110604000,
      "net_income": 105156000,
      "opex": 832015000,
      "cogs": 713718000,
      "rd": null,
      "sga": null,
      "fcf": 121077000,
      "ocf": 121077000,
      "capex": null,
      "gross_margin": 0.24283512214372932,
      "op_margin": 0.11733690918600198,
      "fcf_margin": 0.12844744271015118,
      "incr_op_margin_yoy": 0.4057443175371059,
      "rev_growth_yoy": 0.6216040929797277,
      "rev_growth_yoy_accel": 0.185509808590417,
      "op_leverage_ratio": 3.4612235188539824,
      "fcf_margin_change": 0.1100915513419107
    },
    {
      "date": "2022-09-30T00:00:00",
      "quarter_label": "2022-09 (Q3)",
      "revenue": 1188247000,
      "gross_profit": 313794000,
      "operating_income": 182983000,
      "net_income": 146953000,
      "opex": 1005264000,
      "cogs": 874453000,
      "rd": null,
      "sga": null,
      "fcf": 156981000,
      "ocf": 156981000,
      "capex": null,
      "gross_margin": 0.264081457811381,
      "op_margin": 0.15399407698904352,
      "fcf_margin": 0.13211142127857256,
      "incr_op_margin_yoy": 0.41635298959814415,
      "rev_growth_yoy": 0.8176501811918431,
      "rev_growth_yoy_accel": 0.19604608821211533,
      "op_leverage_ratio": 1.251417149134833,
      "fcf_margin_change": 0.0036639785684213777
    },
    {
      "date": "2022-12-31T00:00:00",
      "quarter_label": "2022-12 (Q4)",
      "revenue": 1225592000,
      "gross_profit": 334746000,
      "operating_income": 198464000,
      "net_income": 152869000,
      "opex": 1027128000,
      "cogs": 890846000,
      "rd": null,
      "sga": null,
      "fcf": 237754000,
      "ocf": 237754000,
      "capex": null,
      "gross_margin": 0.2731300465407738,
      "op_margin": 0.16193317188754497,
      "fcf_margin": 0.1939911487672896,
      "incr_op_margin_yoy": 0.4833360093161111,
      "rev_growth_yoy": 0.792495630617125,
      "rev_growth_yoy_accel": -0.02515455057471805,
      "op_leverage_ratio": 1.4450279543927995,
      "fcf_margin_change": 0.061879727488717035
    },
    {
      "date": "2023-03-31T00:00:00",
      "quarter_label": "2023-03 (Q1)",
      "revenue": 1262077000,
      "gross_profit": 373661000,
      "operating_income": 225120000,
      "net_income": 162655000,
      "opex": 1036957000,
      "cogs": 888416000,
      "rd": null,
      "sga": null,
      "fcf": 203939000,
      "ocf": 203939000,
      "capex": null,
      "gross_margin": 0.29606830645039883,
      "op_margin": 0.17837263495016548,
      "fcf_margin": 0.16158998222770876,
      "incr_op_margin_yoy": 0.4715058586383753,
      "rev_growth_yoy": 0.5919838036252634,
      "rev_growth_yoy_accel": -0.20051182699186165,
      "op_leverage_ratio": 3.110882920305517,
      "fcf_margin_change": -0.032401166539580833
    },
    {
      "date": "2023-06-30T00:00:00",
      "quarter_label": "2023-06 (Q2)",
      "revenue": 1194988000,
      "gross_profit": 361532000,
      "operating_income": 206478000,
      "net_income": 152671000,
      "opex": 988510000,
      "cogs": 833456000,
      "rd": null,
      "sga": null,
      "fcf": 240449000,
      "ocf": 240449000,
      "capex": null,
      "gross_margin": 0.30254027655507837,
      "op_margin": 0.17278667233478495,
      "fcf_margin": 0.20121457286600367,
      "incr_op_margin_yoy": 0.3798961045136289,
      "rev_growth_yoy": 0.26773171344944247,
      "rev_growth_yoy_accel": -0.3242520901758209,
      "fcf_margin_change": 0.039624590638294904
    },
    {
      "date": "2023-09-30T00:00:00",
      "quarter_label": "2023-09 (Q3)",
      "revenue": 1215905000,
      "gross_profit": 365658000,
      "operating_income": 205227000,
      "net_income": 148608000,
      "opex": 1010678000,
      "cogs": 850247000,
      "rd": null,
      "sga": null,
      "fcf": 275453000,
      "ocf": 275453000,
      "capex": null,
      "gross_margin": 0.30072908656515107,
      "op_margin": 0.16878539030598608,
      "fcf_margin": 0.22654154724258885,
      "incr_op_margin_yoy": 0.8042519343408778,
      "rev_growth_yoy": 0.023276305347288907,
      "rev_growth_yoy_accel": -0.24445540810215355,
      "op_leverage_ratio": 0.7805314496018272,
      "fcf_margin_change": 0.025326974376585182
    },
    {
      "date": "2023-12-31T00:00:00",
      "quarter_label": "2023-12 (Q4)",
      "revenue": 1074958000,
      "gross_profit": 297707000,
      "operating_income": 123754000,
      "net_income": 92383000,
      "opex": 951204000,
      "cogs": 777251000,
      "rd": null,
      "sga": null,
      "fcf": 294742000,
      "ocf": 294742000,
      "capex": null,
      "gross_margin": 0.2769475644629837,
      "op_margin": 0.11512449788735932,
      "fcf_margin": 0.27418931716401945,
      "incr_op_margin_yoy": 0.4959703652561839,
      "rev_growth_yoy": -0.1229071338585761,
      "rev_growth_yoy_accel": -0.14618343920586502,
      "fcf_margin_change": 0.047647769921430605
    },
    {
      "date": "2024-03-31T00:00:00",
      "quarter_label": "2024-03 (Q1)",
      "revenue": 1073125000,
      "gross_profit": 290445000,
      "operating_income": 115433000,
      "net_income": 81892000,
      "opex": 957692000,
      "cogs": 782680000,
      "rd": null,
      "sga": null,
      "fcf": 159396000,
      "ocf": 159396000,
      "capex": null,
      "gross_margin": 0.27065346534653467,
      "op_margin": 0.10756715200931857,
      "fcf_margin": 0.14853442050087362,
      "incr_op_margin_yoy": 0.5805019264151742,
      "rev_growth_yoy": -0.14971511246936597,
      "rev_growth_yoy_accel": -0.026807978610789873,
      "fcf_margin_change": -0.12565489666314583
    },
    {
      "date": "2024-06-30T00:00:00",
      "quarter_label": "2024-06 (Q2)",
      "revenue": 1159884000,
      "gross_profit": 324086000,
      "operating_income": 141833000,
      "net_income": 108421000,
      "opex": 1018051000,
      "cogs": 835798000,
      "rd": null,
      "sga": null,
      "fcf": 248191000,
      "ocf": 248191000,
      "capex": null,
      "gross_margin": 0.2794124240010208,
      "op_margin": 0.12228205579178608,
      "fcf_margin": 0.21397915653634328,
      "incr_op_margin_yoy": 1.841528030993619,
      "rev_growth_yoy": -0.02937602720696777,
      "rev_growth_yoy_accel": 0.1203390852623982,
      "op_leverage_ratio": 1.2827677969950384,
      "fcf_margin_change": 0.06544473603546966
    },
    {
      "date": "2024-09-30T00:00:00",
      "quarter_label": "2024-09 (Q3)",
      "revenue": 1138578000,
      "gross_profit": 298304000,
      "operating_income": 107278000,
      "net_income": 73804000,
      "opex": 1031300000,
      "cogs": 840274000,
      "rd": null,
      "sga": null,
      "fcf": 244495000,
      "ocf": 244495000,
      "capex": null,
      "gross_margin": 0.26199698220060463,
      "op_margin": 0.09422103711822993,
      "fcf_margin": 0.21473715459107764,
      "incr_op_margin_yoy": 1.2666856337372456,
      "rev_growth_yoy": -0.0635962513518737,
      "rev_growth_yoy_accel": -0.034220224144905935,
      "fcf_margin_change": 0.0007579980547343657
    },
    {
      "date": "2024-12-31T00:00:00",
      "quarter_label": "2024-12 (Q4)",
      "revenue": 943574000,
      "gross_profit": 201820000,
      "operating_income": 24924000,
      "net_income": 51893000,
      "opex": 918650000,
      "cogs": 741754000,
      "rd": null,
      "sga": null,
      "fcf": 177292000,
      "ocf": 177292000,
      "capex": null,
      "gross_margin": 0.21388889477666828,
      "op_margin": 0.026414462458694284,
      "fcf_margin": 0.18789411323330232,
      "incr_op_margin_yoy": 0.7522224928453998,
      "rev_growth_yoy": -0.12222244962128753,
      "rev_growth_yoy_accel": -0.05862619826941383,
      "fcf_margin_change": -0.02684304135777532
    },
    {
      "date": "2025-03-31T00:00:00",
      "quarter_label": "2025-03 (Q1)",
      "revenue": 977461000,
      "gross_profit": 215845000,
      "operating_income": 18172000,
      "net_income": 20111000,
      "opex": 959289000,
      "cogs": 761616000,
      "rd": null,
      "sga": null,
      "fcf": 192118000,
      "ocf": 192118000,
      "capex": null,
      "gross_margin": 0.22082210952662049,
      "op_margin": 0.01859102306895109,
      "fcf_margin": 0.19654799526528424,
      "incr_op_margin_yoy": 1.0166938451246028,
      "rev_growth_yoy": -0.08914525334886429,
      "rev_growth_yoy_accel": 0.03307719627242324,
      "op_leverage_ratio": 0.8118283695627901,
      "fcf_margin_change": 0.008653882031981919
    },
    {
      "date": "2025-06-30T00:00:00",
      "quarter_label": "2025-06 (Q2)",
      "revenue": 1042521000,
      "gross_profit": 230414000,
      "operating_income": 37073000,
      "net_income": 71016000,
      "opex": 1005448000,
      "cogs": 812107000,
      "rd": null,
      "sga": null,
      "fcf": 170589000,
      "ocf": 170589000,
      "capex": null,
      "gross_margin": 0.22101617137688354,
      "op_margin": 0.03556091436047811,
      "fcf_margin": 0.16363123620531386,
      "incr_op_margin_yoy": 0.8926152194473557,
      "rev_growth_yoy": -0.10118511851185119,
      "rev_growth_yoy_accel": -0.012039865162986899,
      "op_leverage_ratio": 1.383272342103036,
      "fcf_margin_change": -0.03291675905997038
    },
    {
      "date": "2025-09-30T00:00:00",
      "quarter_label": "2025-09 (Q3)",
      "revenue": 947397000,
      "gross_profit": 177636000,
      "operating_income": -2419000,
      "net_income": 43055000,
      "opex": 949816000,
      "cogs": 769761000,
      "rd": null,
      "sga": null,
      "fcf": 51456000,
      "ocf": 51456000,
      "capex": null,
      "gross_margin": 0.1874990104465182,
      "op_margin": -0.002553311863980992,
      "fcf_margin": 0.054313028223648585,
      "incr_op_margin_yoy": 0.5737860979909092,
      "rev_growth_yoy": -0.16791207980480916,
      "rev_growth_yoy_accel": -0.06672696129295796,
      "fcf_margin_change": -0.10931820798166528
    },
    {
      "date": "2025-12-31T00:00:00",
      "quarter_label": "2025-12 (Q4)",
      "revenue": 1038737000,
      "gross_profit": 214112000,
      "operating_income": 19882000,
      "net_income": 13690000,
      "opex": 1018855000,
      "cogs": 824625000,
      "rd": null,
      "sga": null,
      "fcf": 195435000,
      "ocf": 195435000,
      "capex": null,
      "gross_margin": 0.20612724876460548,
      "op_margin": 0.019140552420872654,
      "fcf_margin": 0.18814675899674316,
      "incr_op_margin_yoy": -0.052982776919601106,
      "rev_growth_yoy": 0.1008537751146174,
      "rev_growth_yoy_accel": 0.26876585491942656,
      "op_leverage_ratio": 1.326398405331132,
      "fcf_margin_change": 0.13383373077309457
    }
  ],
  "signals": [
    {
      "quarter": "2025-12 (Q4)",
      "signal": "FCF MARGIN EXPANSION",
      "detail": "FCF margin: +5.4% -> +18.8% (+13.4%)",
      "severity": "MEDIUM"
    },
    {
      "quarter": "2025-12 (Q4)",
      "signal": "YoY REVENUE GROWTH ACCELERATION",
      "detail": "YoY growth: +10.1% vs prior quarter YoY: -16.8% (accel: +26.9%)",
      "severity": "HIGH"
    },
    {
      "quarter": "2025-12 (Q4)",
      "signal": "OP MARGIN TURNED POSITIVE (QoQ)",
      "detail": "Op margin: -0.3% -> +1.9%",
      "severity": "HIGH"
    },
    {
      "quarter": "2025-09 (Q3)",
      "signal": "YoY REVENUE GROWTH DECELERATION",
      "detail": "YoY growth: -16.8% vs prior quarter YoY: -10.1% (decel: -6.7%)",
      "severity": "WARNING"
    },
    {
      "quarter": "2025-06 (Q2)",
      "signal": "INCREMENTAL MARGIN (YoY)",
      "detail": "YoY Incr OPM: +89.3% vs year-ago OPM: +12.2%",
      "severity": "HIGH"
    },
    {
      "quarter": "2025-03 (Q1)",
      "signal": "INCREMENTAL MARGIN (YoY)",
      "detail": "YoY Incr OPM: +101.7% vs year-ago OPM: +10.8%",
      "severity": "HIGH"
    },
    {
      "quarter": "2024-12 (Q4)",
      "signal": "YoY REVENUE GROWTH DECELERATION",
      "detail": "YoY growth: -12.2% vs prior quarter YoY: -6.4% (decel: -5.9%)",
      "severity": "WARNING"
    },
    {
      "quarter": "2024-12 (Q4)",
      "signal": "INCREMENTAL MARGIN (YoY)",
      "detail": "YoY Incr OPM: +75.2% vs year-ago OPM: +11.5%",
      "severity": "HIGH"
    },
    {
      "quarter": "2024-09 (Q3)",
      "signal": "INCREMENTAL MARGIN (YoY)",
      "detail": "YoY Incr OPM: +126.7% vs year-ago OPM: +16.9%",
      "severity": "HIGH"
    },
    {
      "quarter": "2024-06 (Q2)",
      "signal": "FCF MARGIN EXPANSION",
      "detail": "FCF margin: +14.9% -> +21.4% (+6.5%)",
      "severity": "MEDIUM"
    },
    {
      "quarter": "2024-06 (Q2)",
      "signal": "YoY REVENUE GROWTH ACCELERATION",
      "detail": "YoY growth: -2.9% vs prior quarter YoY: -15.0% (accel: +12.0%)",
      "severity": "MEDIUM"
    },
    {
      "quarter": "2024-06 (Q2)",
      "signal": "INCREMENTAL MARGIN (YoY)",
      "detail": "YoY Incr OPM: +184.2% vs year-ago OPM: +17.3%",
      "severity": "HIGH"
    },
    {
      "quarter": "2024-03 (Q1)",
      "signal": "INCREMENTAL MARGIN (YoY)",
      "detail": "YoY Incr OPM: +58.1% vs year-ago OPM: +17.8%",
      "severity": "HIGH"
    },
    {
      "quarter": "2023-12 (Q4)",
      "signal": "YoY REVENUE GROWTH DECELERATION",
      "detail": "YoY growth: -12.3% vs prior quarter YoY: +2.3% (decel: -14.6%)",
      "severity": "WARNING"
    },
    {
      "quarter": "2023-12 (Q4)",
      "signal": "INCREMENTAL MARGIN (YoY)",
      "detail": "YoY Incr OPM: +49.6% vs year-ago OPM: +16.2%",
      "severity": "HIGH"
    },
    {
      "quarter": "2023-09 (Q3)",
      "signal": "YoY REVENUE GROWTH DECELERATION",
      "detail": "YoY growth: +2.3% vs prior quarter YoY: +26.8% (decel: -24.4%)",
      "severity": "WARNING"
    },
    {
      "quarter": "2023-09 (Q3)",
      "signal": "INCREMENTAL MARGIN (YoY)",
      "detail": "YoY Incr OPM: +80.4% vs year-ago OPM: +15.4%",
      "severity": "HIGH"
    },
    {
      "quarter": "2023-06 (Q2)",
      "signal": "YoY REVENUE GROWTH DECELERATION",
      "detail": "YoY growth: +26.8% vs prior quarter YoY: +59.2% (decel: -32.4%)",
      "severity": "WARNING"
    },
    {
      "quarter": "2023-06 (Q2)",
      "signal": "INCREMENTAL MARGIN (YoY)",
      "detail": "YoY Incr OPM: +38.0% vs year-ago OPM: +11.7%",
      "severity": "HIGH"
    },
    {
      "quarter": "2023-03 (Q1)",
      "signal": "OPERATING LEVERAGE",
      "detail": "Rev growth +3.0% vs OpEx growth +1.0% (leverage: 3.1x)",
      "severity": "MEDIUM"
    },
    {
      "quarter": "2023-03 (Q1)",
      "signal": "YoY REVENUE GROWTH DECELERATION",
      "detail": "YoY growth: +59.2% vs prior quarter YoY: +79.2% (decel: -20.1%)",
      "severity": "WARNING"
    },
    {
      "quarter": "2023-03 (Q1)",
      "signal": "INCREMENTAL MARGIN (YoY)",
      "detail": "YoY Incr OPM: +47.2% vs year-ago OPM: +0.5%",
      "severity": "HIGH"
    },
    {
      "quarter": "2022-12 (Q4)",
      "signal": "FCF MARGIN EXPANSION",
      "detail": "FCF margin: +13.2% -> +19.4% (+6.2%)",
      "severity": "MEDIUM"
    },
    {
      "quarter": "2022-12 (Q4)",
      "signal": "OP MARGIN TURNED POSITIVE (YoY)",
      "detail": "Op margin: -9.3% (year-ago) -> +16.2%",
      "severity": "HIGH"
    },
    {
      "quarter": "2022-09 (Q3)",
      "signal": "YoY REVENUE GROWTH ACCELERATION",
      "detail": "YoY growth: +81.8% vs prior quarter YoY: +62.2% (accel: +19.6%)",
      "severity": "HIGH"
    },
    {
      "quarter": "2022-09 (Q3)",
      "signal": "OP MARGIN TURNED POSITIVE (YoY)",
      "detail": "Op margin: -6.1% (year-ago) -> +15.4%",
      "severity": "HIGH"
    },
    {
      "quarter": "2022-06 (Q2)",
      "signal": "FCF MARGIN EXPANSION",
      "detail": "FCF margin: +1.8% -> +12.8% (+11.0%)",
      "severity": "MEDIUM"
    },
    {
      "quarter": "2022-06 (Q2)",
      "signal": "OPERATING LEVERAGE",
      "detail": "Rev growth +18.9% vs OpEx growth +5.5% (leverage: 3.5x)",
      "severity": "MEDIUM"
    },
    {
      "quarter": "2022-06 (Q2)",
      "signal": "YoY REVENUE GROWTH ACCELERATION",
      "detail": "YoY growth: +62.2% vs prior quarter YoY: +43.6% (accel: +18.6%)",
      "severity": "HIGH"
    },
    {
      "quarter": "2022-06 (Q2)",
      "signal": "OP MARGIN TURNED POSITIVE (YoY)",
      "detail": "Op margin: -6.2% (year-ago) -> +11.7%",
      "severity": "HIGH"
    },
    {
      "quarter": "2022-03 (Q1)",
      "signal": "OPERATING LEVERAGE",
      "detail": "Rev growth +15.9% vs OpEx growth +5.6% (leverage: 2.9x)",
      "severity": "MEDIUM"
    },
    {
      "quarter": "2022-03 (Q1)",
      "signal": "GROSS MARGIN INFLECTION",
      "detail": "GM: +9.2% -> +7.1% -> +15.5% (reversal +8.4%)",
      "severity": "HIGH"
    },
    {
      "quarter": "2022-03 (Q1)",
      "signal": "OP MARGIN TURNED POSITIVE (YoY)",
      "detail": "Op margin: -7.6% (year-ago) -> +0.5%",
      "severity": "HIGH"
    },
    {
      "quarter": "2022-03 (Q1)",
      "signal": "OP MARGIN TURNED POSITIVE (QoQ)",
      "detail": "Op margin: -9.3% -> +0.5%",
      "severity": "HIGH"
    },
    {
      "quarter": "2021-09 (Q3)",
      "signal": "FCF MARGIN EXPANSION",
      "detail": "FCF margin: +1.4% -> +6.8% (+5.4%)",
      "severity": "MEDIUM"
    }
  ],
  "data_quality": {
    "n_quarters": 20,
    "coverage": {
      "revenue": [
        20,
        20
      ],
      "gross_profit": [
        20,
        20
      ],
      "op_income": [
        20,
        20
      ],
      "fcf": [
        20,
        20
      ]
    },
    "gaps": [],
    "warnings": []
  },
  "market_cap": null,
  "source": "SEC EDGAR",
  "last_updated": "2026-02-04T13:48:25.605284",
  "sector": "Energy",
  "industry": "Oil & Gas Equipment & Services"
}