{
  "ticker": "LBTYB",
  "name": "Liberty Global Ltd.",
  "quarters": [
    {
      "date": "2020-12-31T00:00:00",
      "quarter_label": "2020-12 (Q4)",
      "revenue": 3311700000,
      "gross_profit": 2265100000,
      "operating_income": 624800000,
      "net_income": -1030500000,
      "opex": 2778700000,
      "cogs": 1046600000,
      "rd": null,
      "sga": 653000000,
      "fcf": 1493500000,
      "ocf": 1493500000,
      "capex": null,
      "gross_margin": 0.6839689585409306,
      "op_margin": 0.18866443216474924,
      "fcf_margin": 0.4509768396895854
    },
    {
      "date": "2021-03-31T00:00:00",
      "quarter_label": "2021-03 (Q1)",
      "revenue": 3615300000,
      "gross_profit": 2504700000,
      "operating_income": 625300000,
      "net_income": 1385400000,
      "opex": 2990000000,
      "cogs": 1110600000,
      "rd": null,
      "sga": 676700000,
      "fcf": 821200000,
      "ocf": 821200000,
      "capex": null,
      "gross_margin": 0.6928055763007219,
      "op_margin": 0.1729593671341244,
      "fcf_margin": 0.2271457417088485,
      "op_leverage_ratio": 1.2055714183250907,
      "fcf_margin_change": -0.22383109798073691
    },
    {
      "date": "2021-06-30T00:00:00",
      "quarter_label": "2021-06 (Q2)",
      "revenue": 3105500000,
      "gross_profit": 2232500000,
      "operating_income": 565500000,
      "net_income": 11128200000,
      "opex": 2540000000,
      "cogs": 873000000,
      "rd": null,
      "sga": 626200000,
      "fcf": 1123900000,
      "ocf": 1123900000,
      "capex": null,
      "gross_margin": 0.718885847689583,
      "op_margin": 0.18209628079214296,
      "fcf_margin": 0.3619062952825632,
      "fcf_margin_change": 0.1347605535737147
    },
    {
      "date": "2021-09-30T00:00:00",
      "quarter_label": "2021-09 (Q3)",
      "revenue": 1901400000,
      "gross_profit": 1379000000,
      "operating_income": 101000000,
      "net_income": 277100000,
      "opex": 1800400000,
      "cogs": 522400000,
      "rd": null,
      "sga": 399000000,
      "fcf": 612600000,
      "ocf": 612600000,
      "capex": null,
      "gross_margin": 0.7252550752077417,
      "op_margin": 0.053118754601872306,
      "fcf_margin": 0.322183654149574,
      "fcf_margin_change": -0.03972264113298918
    },
    {
      "date": "2021-12-31T00:00:00",
      "quarter_label": "2021-12 (Q4)",
      "revenue": 1920800000,
      "gross_profit": 1348900000,
      "operating_income": 80900000,
      "net_income": 636100000,
      "opex": 1839900000,
      "cogs": 571900000,
      "rd": null,
      "sga": 487500000,
      "fcf": 991300000,
      "ocf": 991300000,
      "capex": null,
      "gross_margin": 0.702259475218659,
      "op_margin": 0.04211786755518534,
      "fcf_margin": 0.5160870470637234,
      "incr_op_margin_yoy": 0.3910417715148465,
      "rev_growth_yoy": -0.41999577256394,
      "op_leverage_ratio": 0.4650505357145234,
      "fcf_margin_change": 0.19390339291414943
    },
    {
      "date": "2022-03-31T00:00:00",
      "quarter_label": "2022-03 (Q1)",
      "revenue": 1853300000,
      "gross_profit": 1316500000,
      "operating_income": 58800000,
      "net_income": 1038300000,
      "opex": 1794500000,
      "cogs": 536800000,
      "rd": null,
      "sga": 410400000,
      "fcf": 656700000,
      "ocf": 656700000,
      "capex": null,
      "gross_margin": 0.710354502778827,
      "op_margin": 0.03172718933793773,
      "fcf_margin": 0.35434090541196783,
      "incr_op_margin_yoy": 0.3215096481271283,
      "rev_growth_yoy": -0.487373108732332,
      "rev_growth_yoy_accel": -0.06737733616839203,
      "fcf_margin_change": -0.1617461416517556
    },
    {
      "date": "2022-06-30T00:00:00",
      "quarter_label": "2022-06 (Q2)",
      "revenue": 1754200000,
      "gross_profit": 1273600000,
      "operating_income": 24500000,
      "net_income": 2786600000,
      "opex": 1729700000,
      "cogs": 480600000,
      "rd": null,
      "sga": 405800000,
      "fcf": 757400000,
      "ocf": 757400000,
      "capex": null,
      "gross_margin": 0.7260289590696614,
      "op_margin": 0.013966480446927373,
      "fcf_margin": 0.4317637669592977,
      "incr_op_margin_yoy": 0.4003552134981129,
      "rev_growth_yoy": -0.43513121880534533,
      "rev_growth_yoy_accel": 0.052241889926986695,
      "fcf_margin_change": 0.07742286154732986
    },
    {
      "date": "2022-09-30T00:00:00",
      "quarter_label": "2022-09 (Q3)",
      "revenue": 1746300000,
      "gross_profit": 1262000000,
      "operating_income": 108900000,
      "net_income": 2348000000,
      "opex": 1637400000,
      "cogs": 484300000,
      "rd": null,
      "sga": 365100000,
      "fcf": 540500000,
      "ocf": 540500000,
      "capex": null,
      "gross_margin": 0.7226707896695871,
      "op_margin": 0.06236041917196358,
      "fcf_margin": 0.3095115386817843,
      "incr_op_margin_yoy": -0.050934880722114766,
      "rev_growth_yoy": -0.081571473650994,
      "rev_growth_yoy_accel": 0.35355974515435135,
      "fcf_margin_change": -0.12225222827751336
    },
    {
      "date": "2022-12-31T00:00:00",
      "quarter_label": "2022-12 (Q4)",
      "revenue": 1841900000,
      "gross_profit": 1257900000,
      "operating_income": -45400000,
      "net_income": -4699700000,
      "opex": 1887300000,
      "cogs": 584000000,
      "rd": null,
      "sga": 437200000,
      "fcf": 883200000,
      "ocf": 883200000,
      "capex": null,
      "gross_margin": 0.6829360985938433,
      "op_margin": -0.024648460828492317,
      "fcf_margin": 0.47950485911287255,
      "incr_op_margin_yoy": 1.6007604562737643,
      "rev_growth_yoy": -0.04107663473552686,
      "rev_growth_yoy_accel": 0.04049483891546714,
      "op_leverage_ratio": 0.3586968544504213,
      "fcf_margin_change": 0.16999332043108822
    },
    {
      "date": "2023-03-31T00:00:00",
      "quarter_label": "2023-03 (Q1)",
      "revenue": 1868400000,
      "gross_profit": 1297700000,
      "operating_income": 37400000,
      "net_income": -721400000,
      "opex": 1831000000,
      "cogs": 570700000,
      "rd": null,
      "sga": 415400000,
      "fcf": 307800000,
      "ocf": 307800000,
      "capex": null,
      "gross_margin": 0.694551487904089,
      "op_margin": 0.02001712695354314,
      "fcf_margin": 0.16473988439306358,
      "incr_op_margin_yoy": -1.4172185430463575,
      "rev_growth_yoy": 0.008147628554470404,
      "rev_growth_yoy_accel": 0.049224263289997267,
      "op_leverage_ratio": Infinity,
      "fcf_margin_change": -0.31476497471980897
    },
    {
      "date": "2023-06-30T00:00:00",
      "quarter_label": "2023-06 (Q2)",
      "revenue": 1848000000,
      "gross_profit": 1292300000,
      "operating_income": -49200000,
      "net_income": -499600000,
      "opex": 1897200000,
      "cogs": 555700000,
      "rd": null,
      "sga": 442100000,
      "fcf": 691800000,
      "ocf": 691800000,
      "capex": null,
      "gross_margin": 0.6992965367965368,
      "op_margin": -0.026623376623376622,
      "fcf_margin": 0.3743506493506494,
      "incr_op_margin_yoy": -0.7857142857142857,
      "rev_growth_yoy": 0.053471667996807665,
      "rev_growth_yoy_accel": 0.04532403944233726,
      "fcf_margin_change": 0.2096107649575858
    },
    {
      "date": "2023-09-30T00:00:00",
      "quarter_label": "2023-09 (Q3)",
      "revenue": 1854500000,
      "gross_profit": 1304500000,
      "operating_income": -27400000,
      "net_income": 659200000,
      "opex": 1881900000,
      "cogs": 550000000,
      "rd": null,
      "sga": 423700000,
      "fcf": 327100000,
      "ocf": 327100000,
      "capex": null,
      "gross_margin": 0.7034241035319493,
      "op_margin": -0.014774871933135616,
      "fcf_margin": 0.17638177406308977,
      "incr_op_margin_yoy": -1.2597042513863217,
      "rev_growth_yoy": 0.061959571665807706,
      "rev_growth_yoy_accel": 0.008487903669000041,
      "fcf_margin_change": -0.1979688752875596
    },
    {
      "date": "2023-12-31T00:00:00",
      "quarter_label": "2023-12 (Q4)",
      "revenue": 1023900000,
      "gross_profit": 315600000,
      "operating_income": -172500000,
      "net_income": -3489900000,
      "opex": 2125800000,
      "cogs": 708300000,
      "rd": null,
      "sga": 479800000,
      "fcf": 839200000,
      "ocf": 839200000,
      "capex": null,
      "gross_margin": 0.3082332259009669,
      "op_margin": -0.16847348373864635,
      "fcf_margin": 0.8196112901650552,
      "incr_op_margin_yoy": 0.1553789731051345,
      "rev_growth_yoy": -0.444106629024377,
      "rev_growth_yoy_accel": -0.5060662006901847,
      "fcf_margin_change": 0.6432295161019654
    },
    {
      "date": "2024-03-31T00:00:00",
      "quarter_label": "2024-03 (Q1)",
      "revenue": 1945100000,
      "gross_profit": 1273000000,
      "operating_income": 22600000,
      "net_income": 510000000,
      "opex": 1922500000,
      "cogs": 672100000,
      "rd": null,
      "sga": 427600000,
      "fcf": 245700000,
      "ocf": 245700000,
      "capex": null,
      "gross_margin": 0.6544650660634415,
      "op_margin": 0.011618939900262198,
      "fcf_margin": 0.12631741298647883,
      "incr_op_margin_yoy": -0.19295958279009126,
      "rev_growth_yoy": 0.041051166773710124,
      "rev_growth_yoy_accel": 0.4851577957980871,
      "op_leverage_ratio": Infinity,
      "fcf_margin_change": -0.6932938771785764
    },
    {
      "date": "2024-06-30T00:00:00",
      "quarter_label": "2024-06 (Q2)",
      "revenue": 1873700000,
      "gross_profit": 1284100000,
      "operating_income": 19100000,
      "net_income": 268100000,
      "opex": 1854600000,
      "cogs": 589600000,
      "rd": null,
      "sga": 436800000,
      "fcf": 546100000,
      "ocf": 546100000,
      "capex": null,
      "gross_margin": 0.6853284944227999,
      "op_margin": 0.010193734322463574,
      "fcf_margin": 0.2914554090836313,
      "incr_op_margin_yoy": 2.657587548638132,
      "rev_growth_yoy": 0.013906926406926408,
      "rev_growth_yoy_accel": -0.027144240366783715,
      "fcf_margin_change": 0.1651379960971525
    },
    {
      "date": "2024-09-30T00:00:00",
      "quarter_label": "2024-09 (Q3)",
      "revenue": 1935200000,
      "gross_profit": 1343600000,
      "operating_income": 101300000,
      "net_income": -1434100000,
      "opex": 1833900000,
      "cogs": 591600000,
      "rd": null,
      "sga": 416900000,
      "fcf": 449500000,
      "ocf": 449500000,
      "capex": null,
      "gross_margin": 0.6942951632906159,
      "op_margin": 0.05234601074824308,
      "fcf_margin": 0.2322757337742869,
      "incr_op_margin_yoy": 1.5947955390334572,
      "rev_growth_yoy": 0.04351577244540308,
      "rev_growth_yoy_accel": 0.029608846038476667,
      "op_leverage_ratio": Infinity,
      "fcf_margin_change": -0.059179675309344426
    },
    {
      "date": "2024-12-31T00:00:00",
      "quarter_label": "2024-12 (Q4)",
      "revenue": 1123200000,
      "gross_profit": 1525800000,
      "operating_income": -48200000,
      "net_income": 2244000000,
      "opex": -1209000000,
      "cogs": -402600000,
      "rd": null,
      "sga": -142700000,
      "fcf": 791600000,
      "ocf": 791600000,
      "capex": null,
      "gross_margin": 1.358440170940171,
      "op_margin": -0.04291310541310541,
      "fcf_margin": 0.7047720797720798,
      "incr_op_margin_yoy": 1.2517623363544814,
      "rev_growth_yoy": 0.09698212716085555,
      "rev_growth_yoy_accel": 0.053466354715452476,
      "fcf_margin_change": 0.4724963459977929
    },
    {
      "date": "2025-03-31T00:00:00",
      "quarter_label": "2025-03 (Q1)",
      "revenue": 1171200000,
      "gross_profit": 767800000,
      "operating_income": 60700000,
      "net_income": -1337300000,
      "opex": 1110500000,
      "cogs": 403400000,
      "rd": null,
      "sga": 285400000,
      "fcf": 129200000,
      "ocf": 129200000,
      "capex": null,
      "gross_margin": 0.6555669398907104,
      "op_margin": 0.051827185792349725,
      "fcf_margin": 0.11031420765027322,
      "incr_op_margin_yoy": -0.04923116681741827,
      "rev_growth_yoy": -0.39787157472623513,
      "rev_growth_yoy_accel": -0.49485370188709066,
      "op_leverage_ratio": Infinity,
      "fcf_margin_change": -0.5944578721218066
    },
    {
      "date": "2025-06-30T00:00:00",
      "quarter_label": "2025-06 (Q2)",
      "revenue": 1269100000,
      "gross_profit": 803800000,
      "operating_income": 29600000,
      "net_income": -2792900000,
      "opex": 1239500000,
      "cogs": 465300000,
      "rd": null,
      "sga": 305300000,
      "fcf": 149200000,
      "ocf": 149200000,
      "capex": null,
      "gross_margin": 0.6333622251989599,
      "op_margin": 0.023323615160349854,
      "fcf_margin": 0.1175636277677094,
      "incr_op_margin_yoy": -0.017366854118425406,
      "rev_growth_yoy": -0.32267705609222397,
      "rev_growth_yoy_accel": 0.07519451863401116,
      "op_leverage_ratio": 0.719582314038209,
      "fcf_margin_change": 0.007249420117436178
    },
    {
      "date": "2025-09-30T00:00:00",
      "quarter_label": "2025-09 (Q3)",
      "revenue": 1207100000,
      "gross_profit": 814200000,
      "operating_income": -8000000,
      "net_income": -90700000,
      "opex": 1215100000,
      "cogs": 392900000,
      "rd": null,
      "sga": 308000000,
      "fcf": 301800000,
      "ocf": 301800000,
      "capex": null,
      "gross_margin": 0.674509154171154,
      "op_margin": -0.00662745422914423,
      "fcf_margin": 0.2500207107944661,
      "incr_op_margin_yoy": 0.15011674220574098,
      "rev_growth_yoy": -0.37624018189334435,
      "rev_growth_yoy_accel": -0.05356312580112038,
      "fcf_margin_change": 0.13245708302675668
    }
  ],
  "signals": [
    {
      "quarter": "2025-09 (Q3)",
      "signal": "FCF MARGIN EXPANSION",
      "detail": "FCF margin: +11.8% -> +25.0% (+13.2%)",
      "severity": "MEDIUM"
    },
    {
      "quarter": "2025-09 (Q3)",
      "signal": "GROSS MARGIN INFLECTION",
      "detail": "GM: +65.6% -> +63.3% -> +67.5% (reversal +4.1%)",
      "severity": "MEDIUM"
    },
    {
      "quarter": "2025-09 (Q3)",
      "signal": "YoY REVENUE GROWTH DECELERATION",
      "detail": "YoY growth: -37.6% vs prior quarter YoY: -32.3% (decel: -5.4%)",
      "severity": "WARNING"
    },
    {
      "quarter": "2025-06 (Q2)",
      "signal": "YoY REVENUE GROWTH ACCELERATION",
      "detail": "YoY growth: -32.3% vs prior quarter YoY: -39.8% (accel: +7.5%)",
      "severity": "MEDIUM"
    },
    {
      "quarter": "2025-03 (Q1)",
      "signal": "YoY REVENUE GROWTH DECELERATION",
      "detail": "YoY growth: -39.8% vs prior quarter YoY: +9.7% (decel: -49.5%)",
      "severity": "WARNING"
    },
    {
      "quarter": "2025-03 (Q1)",
      "signal": "OP MARGIN TURNED POSITIVE (QoQ)",
      "detail": "Op margin: -4.3% -> +5.2%",
      "severity": "HIGH"
    },
    {
      "quarter": "2024-12 (Q4)",
      "signal": "FCF MARGIN EXPANSION",
      "detail": "FCF margin: +23.2% -> +70.5% (+47.2%)",
      "severity": "MEDIUM"
    },
    {
      "quarter": "2024-12 (Q4)",
      "signal": "YoY REVENUE GROWTH ACCELERATION",
      "detail": "YoY growth: +9.7% vs prior quarter YoY: +4.4% (accel: +5.3%)",
      "severity": "MEDIUM"
    },
    {
      "quarter": "2024-09 (Q3)",
      "signal": "OP MARGIN TURNED POSITIVE (YoY)",
      "detail": "Op margin: -1.5% (year-ago) -> +5.2%",
      "severity": "HIGH"
    },
    {
      "quarter": "2024-06 (Q2)",
      "signal": "FCF MARGIN EXPANSION",
      "detail": "FCF margin: +12.6% -> +29.1% (+16.5%)",
      "severity": "MEDIUM"
    },
    {
      "quarter": "2024-06 (Q2)",
      "signal": "OP MARGIN TURNED POSITIVE (YoY)",
      "detail": "Op margin: -2.7% (year-ago) -> +1.0%",
      "severity": "HIGH"
    },
    {
      "quarter": "2024-03 (Q1)",
      "signal": "GROSS MARGIN INFLECTION",
      "detail": "GM: +70.3% -> +30.8% -> +65.4% (reversal +34.6%)",
      "severity": "HIGH"
    },
    {
      "quarter": "2024-03 (Q1)",
      "signal": "YoY REVENUE GROWTH ACCELERATION",
      "detail": "YoY growth: +4.1% vs prior quarter YoY: -44.4% (accel: +48.5%)",
      "severity": "HIGH"
    },
    {
      "quarter": "2024-03 (Q1)",
      "signal": "OP MARGIN TURNED POSITIVE (QoQ)",
      "detail": "Op margin: -16.8% -> +1.2%",
      "severity": "HIGH"
    },
    {
      "quarter": "2023-12 (Q4)",
      "signal": "FCF MARGIN EXPANSION",
      "detail": "FCF margin: +17.6% -> +82.0% (+64.3%)",
      "severity": "MEDIUM"
    },
    {
      "quarter": "2023-12 (Q4)",
      "signal": "YoY REVENUE GROWTH DECELERATION",
      "detail": "YoY growth: -44.4% vs prior quarter YoY: +6.2% (decel: -50.6%)",
      "severity": "WARNING"
    },
    {
      "quarter": "2023-06 (Q2)",
      "signal": "FCF MARGIN EXPANSION",
      "detail": "FCF margin: +16.5% -> +37.4% (+21.0%)",
      "severity": "MEDIUM"
    },
    {
      "quarter": "2023-03 (Q1)",
      "signal": "OP MARGIN TURNED POSITIVE (QoQ)",
      "detail": "Op margin: -2.5% -> +2.0%",
      "severity": "HIGH"
    },
    {
      "quarter": "2022-12 (Q4)",
      "signal": "FCF MARGIN EXPANSION",
      "detail": "FCF margin: +31.0% -> +48.0% (+17.0%)",
      "severity": "MEDIUM"
    },
    {
      "quarter": "2022-09 (Q3)",
      "signal": "YoY REVENUE GROWTH ACCELERATION",
      "detail": "YoY growth: -8.2% vs prior quarter YoY: -43.5% (accel: +35.4%)",
      "severity": "HIGH"
    },
    {
      "quarter": "2022-06 (Q2)",
      "signal": "FCF MARGIN EXPANSION",
      "detail": "FCF margin: +35.4% -> +43.2% (+7.7%)",
      "severity": "MEDIUM"
    },
    {
      "quarter": "2022-06 (Q2)",
      "signal": "YoY REVENUE GROWTH ACCELERATION",
      "detail": "YoY growth: -43.5% vs prior quarter YoY: -48.7% (accel: +5.2%)",
      "severity": "MEDIUM"
    },
    {
      "quarter": "2022-06 (Q2)",
      "signal": "INCREMENTAL MARGIN (YoY)",
      "detail": "YoY Incr OPM: +40.0% vs year-ago OPM: +18.2%",
      "severity": "HIGH"
    },
    {
      "quarter": "2022-03 (Q1)",
      "signal": "YoY REVENUE GROWTH DECELERATION",
      "detail": "YoY growth: -48.7% vs prior quarter YoY: -42.0% (decel: -6.7%)",
      "severity": "WARNING"
    },
    {
      "quarter": "2022-03 (Q1)",
      "signal": "INCREMENTAL MARGIN (YoY)",
      "detail": "YoY Incr OPM: +32.2% vs year-ago OPM: +17.3%",
      "severity": "MEDIUM"
    },
    {
      "quarter": "2021-12 (Q4)",
      "signal": "FCF MARGIN EXPANSION",
      "detail": "FCF margin: +32.2% -> +51.6% (+19.4%)",
      "severity": "MEDIUM"
    },
    {
      "quarter": "2021-12 (Q4)",
      "signal": "INCREMENTAL MARGIN (YoY)",
      "detail": "YoY Incr OPM: +39.1% vs year-ago OPM: +18.9%",
      "severity": "HIGH"
    },
    {
      "quarter": "2021-06 (Q2)",
      "signal": "FCF MARGIN EXPANSION",
      "detail": "FCF margin: +22.7% -> +36.2% (+13.5%)",
      "severity": "MEDIUM"
    }
  ],
  "data_quality": {
    "n_quarters": 20,
    "coverage": {
      "revenue": [
        20,
        20
      ],
      "gross_profit": [
        20,
        20
      ],
      "op_income": [
        20,
        20
      ],
      "fcf": [
        20,
        20
      ]
    },
    "gaps": [],
    "warnings": []
  },
  "market_cap": null,
  "source": "SEC EDGAR",
  "last_updated": "2026-02-03T00:54:42.944790"
}