{
  "ticker": "LCID",
  "name": "Lucid Group, Inc.",
  "quarters": [
    {
      "date": "2020-12-31T00:00:00",
      "quarter_label": "2020-12 (Q4)",
      "revenue": 3634000,
      "gross_profit": 1114000,
      "operating_income": -199711000,
      "net_income": -311275000,
      "opex": 200825000,
      "cogs": 2520000,
      "rd": 169521000,
      "sga": 31304000,
      "fcf": -192789000,
      "ocf": -192789000,
      "capex": null,
      "gross_margin": 0.3065492570170611,
      "op_margin": -54.95624656026417,
      "fcf_margin": -53.051458447991195
    },
    {
      "date": "2021-03-31T00:00:00",
      "quarter_label": "2021-03 (Q1)",
      "revenue": 313000,
      "gross_profit": 228000,
      "operating_income": -3089824,
      "net_income": -871798158,
      "opex": 3089824,
      "cogs": 85000,
      "rd": 167369000,
      "sga": 131652000,
      "fcf": -218726000,
      "ocf": -218726000,
      "capex": null,
      "gross_margin": 0.7284345047923323,
      "op_margin": -9.871642172523961,
      "fcf_margin": -698.8051118210863,
      "fcf_margin_change": -645.7536533730951
    },
    {
      "date": "2021-06-30T00:00:00",
      "quarter_label": "2021-06 (Q2)",
      "revenue": 174000,
      "gross_profit": 155000,
      "operating_income": -562194,
      "net_income": -588819915,
      "opex": 562194,
      "cogs": 19000,
      "rd": 176802000,
      "sga": 72272000,
      "fcf": -235078000,
      "ocf": -235078000,
      "capex": null,
      "gross_margin": 0.8908045977011494,
      "op_margin": -3.231,
      "fcf_margin": -1351.0229885057472,
      "fcf_margin_change": -652.217876684661
    },
    {
      "date": "2021-09-30T00:00:00",
      "quarter_label": "2021-09 (Q3)",
      "revenue": 232000,
      "gross_profit": -3088000,
      "operating_income": -497050000,
      "net_income": -524403000,
      "opex": 493962000,
      "cogs": 3320000,
      "rd": 242408000,
      "sga": 251554000,
      "fcf": -384377000,
      "ocf": -291597000,
      "capex": -92780000,
      "gross_margin": -13.310344827586206,
      "op_margin": -2142.456896551724,
      "fcf_margin": -1656.7974137931035,
      "op_leverage_ratio": 0.00037980963454209383,
      "fcf_margin_change": -305.7744252873563
    },
    {
      "date": "2021-12-31T00:00:00",
      "quarter_label": "2021-12 (Q4)",
      "revenue": 26392000,
      "gross_profit": -125081000,
      "operating_income": -485684000,
      "net_income": -1045680000,
      "opex": 515500000,
      "cogs": 151473000,
      "rd": 163606000,
      "sga": 196997000,
      "fcf": -434639000,
      "ocf": -312732000,
      "capex": -121907000,
      "gross_margin": -4.73935283419218,
      "op_margin": -18.402697787208243,
      "fcf_margin": -16.46858896635344,
      "incr_op_margin_yoy": -12.565823007294139,
      "rev_growth_yoy": 6.26252063841497,
      "op_leverage_ratio": 2586.0559844508984,
      "fcf_margin_change": 1640.32882482675
    },
    {
      "date": "2022-03-31T00:00:00",
      "quarter_label": "2022-03 (Q1)",
      "revenue": 57675000,
      "gross_profit": -188295000,
      "operating_income": -597530000,
      "net_income": -81286000,
      "opex": 655205000,
      "cogs": 245970000,
      "rd": 186076000,
      "sga": 223159000,
      "fcf": -679731000,
      "ocf": -494649000,
      "capex": -185082000,
      "gross_margin": -3.2647594278283485,
      "op_margin": -10.360294755093195,
      "fcf_margin": -11.78553966189857,
      "incr_op_margin_yoy": -10.362961124089118,
      "rev_growth_yoy": 183.26517571884983,
      "rev_growth_yoy_accel": 177.00265508043486,
      "op_leverage_ratio": 4.373738484957027,
      "fcf_margin_change": 4.683049304454871
    },
    {
      "date": "2022-06-30T00:00:00",
      "quarter_label": "2022-06 (Q2)",
      "revenue": 97336000,
      "gross_profit": -195006000,
      "operating_income": -559199000,
      "net_income": -220425000,
      "opex": 656535000,
      "cogs": 292342000,
      "rd": 200381000,
      "sga": 163812000,
      "fcf": -823446000,
      "ocf": -513628000,
      "capex": -309818000,
      "gross_margin": -2.0034314128380046,
      "op_margin": -5.7450378071833645,
      "fcf_margin": -8.459829867674857,
      "incr_op_margin_yoy": -5.749540005351887,
      "rev_growth_yoy": 558.4022988505748,
      "rev_growth_yoy_accel": 375.13712313172493,
      "op_leverage_ratio": 338.7674062268806,
      "fcf_margin_change": 3.3257097942237124
    },
    {
      "date": "2022-09-30T00:00:00",
      "quarter_label": "2022-09 (Q3)",
      "revenue": 195457000,
      "gross_profit": -297026000,
      "operating_income": -687523000,
      "net_income": -530101000,
      "opex": 882980000,
      "cogs": 492483000,
      "rd": 213761000,
      "sga": 176736000,
      "fcf": -859530000,
      "ocf": -569466000,
      "capex": -290064000,
      "gross_margin": -1.5196488230147807,
      "op_margin": -3.517515361434996,
      "fcf_margin": -4.397540123914723,
      "incr_op_margin_yoy": -0.9756588551671148,
      "rev_growth_yoy": 841.4870689655172,
      "rev_growth_yoy_accel": 283.08477011494244,
      "op_leverage_ratio": 2.9226958187579273,
      "fcf_margin_change": 4.062289743760134
    },
    {
      "date": "2022-12-31T00:00:00",
      "quarter_label": "2022-12 (Q4)",
      "revenue": 257713000,
      "gross_profit": -357578000,
      "operating_income": -749739000,
      "net_income": -472648000,
      "opex": 1007452000,
      "cogs": 615291000,
      "rd": 221294000,
      "sga": 170867000,
      "fcf": -938403000,
      "ocf": -648515000,
      "capex": -289888000,
      "gross_margin": -1.3875047048460885,
      "op_margin": -2.909201320849162,
      "fcf_margin": -3.6412714919309463,
      "incr_op_margin_yoy": -1.141508985349363,
      "rev_growth_yoy": 8.76481509548348,
      "rev_growth_yoy_accel": -832.7222538700337,
      "op_leverage_ratio": 2.2594835492439835,
      "fcf_margin_change": 0.7562686319837768
    },
    {
      "date": "2023-03-31T00:00:00",
      "quarter_label": "2023-03 (Q1)",
      "revenue": 149432000,
      "gross_profit": -351092000,
      "operating_income": -772161000,
      "net_income": -779528000,
      "opex": 921593000,
      "cogs": 500524000,
      "rd": 229803000,
      "sga": 168770000,
      "fcf": -1043034000,
      "ocf": -801264000,
      "capex": -241770000,
      "gross_margin": -2.3495101450827134,
      "op_margin": -5.167306868676054,
      "fcf_margin": -6.97999089887039,
      "incr_op_margin_yoy": -1.9031899473609644,
      "rev_growth_yoy": 1.5909319462505418,
      "rev_growth_yoy_accel": -7.173883149232937,
      "fcf_margin_change": -3.3387194069394432
    },
    {
      "date": "2023-06-30T00:00:00",
      "quarter_label": "2023-06 (Q2)",
      "revenue": 150874000,
      "gross_profit": -404931000,
      "operating_income": -837685000,
      "net_income": -764232000,
      "opex": 988559000,
      "cogs": 555805000,
      "rd": 233474000,
      "sga": 197748000,
      "fcf": -904073000,
      "ocf": -700358000,
      "capex": -203715000,
      "gross_margin": -2.6839017988520224,
      "op_margin": -5.5522157561939105,
      "fcf_margin": -5.992238556676432,
      "incr_op_margin_yoy": -5.201651163659457,
      "rev_growth_yoy": 0.5500328758116216,
      "rev_growth_yoy_accel": -1.04089907043892,
      "fcf_margin_change": 0.987752342193958
    },
    {
      "date": "2023-09-30T00:00:00",
      "quarter_label": "2023-09 (Q3)",
      "revenue": 137814000,
      "gross_profit": -331908000,
      "operating_income": -752875000,
      "net_income": -630894000,
      "opex": 890689000,
      "cogs": 469722000,
      "rd": 230758000,
      "sga": 189691000,
      "fcf": -706099000,
      "ocf": -513582000,
      "capex": -192517000,
      "gross_margin": -2.4083765074665853,
      "op_margin": -5.4629790877559605,
      "fcf_margin": -5.1235650949830935,
      "incr_op_margin_yoy": 1.133736967194629,
      "rev_growth_yoy": -0.29491397084780796,
      "rev_growth_yoy_accel": -0.8449468466594297,
      "fcf_margin_change": 0.868673461693338
    },
    {
      "date": "2023-12-31T00:00:00",
      "quarter_label": "2023-12 (Q4)",
      "revenue": 157151000,
      "gross_profit": -252864000,
      "operating_income": -736867000,
      "net_income": -653766000,
      "opex": 894018000,
      "cogs": 410015000,
      "rd": 242977000,
      "sga": 241026000,
      "fcf": -747191000,
      "ocf": -474549000,
      "capex": -272642000,
      "gross_margin": -1.609051167348601,
      "op_margin": -4.68891066553824,
      "fcf_margin": -4.7546054431724905,
      "incr_op_margin_yoy": -0.12800063642330106,
      "rev_growth_yoy": -0.39020926379344467,
      "rev_growth_yoy_accel": -0.09529529294563671,
      "op_leverage_ratio": 37.541191534976576,
      "fcf_margin_change": 0.3689596518106031
    },
    {
      "date": "2024-03-31T00:00:00",
      "quarter_label": "2024-03 (Q1)",
      "revenue": 172740000,
      "gross_profit": -232056000,
      "operating_income": -729915000,
      "net_income": -680859000,
      "opex": 902655000,
      "cogs": 404796000,
      "rd": 284627000,
      "sga": 213232000,
      "fcf": -714942000,
      "ocf": -516745000,
      "capex": -198197000,
      "gross_margin": -1.3433831191385899,
      "op_margin": -4.225512330670371,
      "fcf_margin": -4.138832928100035,
      "incr_op_margin_yoy": 1.8125107259310107,
      "rev_growth_yoy": 0.15597730071202956,
      "rev_growth_yoy_accel": 0.5461865645054742,
      "op_leverage_ratio": 10.267966697357373,
      "fcf_margin_change": 0.6157725150724556
    },
    {
      "date": "2024-06-30T00:00:00",
      "quarter_label": "2024-06 (Q2)",
      "revenue": 200581000,
      "gross_profit": -269774000,
      "operating_income": -787417000,
      "net_income": -643390000,
      "opex": 987998000,
      "cogs": 470355000,
      "rd": 287170000,
      "sga": 210245000,
      "fcf": -741302000,
      "ocf": -506987000,
      "capex": -234315000,
      "gross_margin": -1.3449628828253923,
      "op_margin": -3.9256808969942316,
      "fcf_margin": -3.6957737771773,
      "incr_op_margin_yoy": 1.0112861367614219,
      "rev_growth_yoy": 0.3294603443933348,
      "rev_growth_yoy_accel": 0.17348304368130527,
      "op_leverage_ratio": 1.7046915247670438,
      "fcf_margin_change": 0.44305915092273507
    },
    {
      "date": "2024-09-30T00:00:00",
      "quarter_label": "2024-09 (Q3)",
      "revenue": 200038000,
      "gross_profit": -212506000,
      "operating_income": -770538000,
      "net_income": -992475000,
      "opex": 970576000,
      "cogs": 412544000,
      "rd": 324371000,
      "sga": 233585000,
      "fcf": -622489000,
      "ocf": -462795000,
      "capex": -159694000,
      "gross_margin": -1.0623281576500465,
      "op_margin": -3.8519581279556885,
      "fcf_margin": -3.1118537477879205,
      "incr_op_margin_yoy": -0.28386153252764207,
      "rev_growth_yoy": 0.45150710377755526,
      "rev_growth_yoy_accel": 0.12204675938422044,
      "fcf_margin_change": 0.5839200293893794
    },
    {
      "date": "2024-12-31T00:00:00",
      "quarter_label": "2024-12 (Q4)",
      "revenue": 234473000,
      "gross_profit": -208775000,
      "operating_income": -732950000,
      "net_income": -397218000,
      "opex": 967423000,
      "cogs": 443248000,
      "rd": 280285000,
      "sga": 243890000,
      "fcf": -824782000,
      "ocf": -533147000,
      "capex": -291635000,
      "gross_margin": -0.8904010269839171,
      "op_margin": -3.1259462709992194,
      "fcf_margin": -3.517599041254217,
      "incr_op_margin_yoy": 0.05065828612813947,
      "rev_growth_yoy": 0.49202359514097904,
      "rev_growth_yoy_accel": 0.04051649136342378,
      "op_leverage_ratio": Infinity,
      "fcf_margin_change": -0.4057452934662966
    },
    {
      "date": "2025-03-31T00:00:00",
      "quarter_label": "2025-03 (Q1)",
      "revenue": 235048000,
      "gross_profit": -228512000,
      "operating_income": -691933000,
      "net_income": -366171000,
      "opex": 926981000,
      "cogs": 463560000,
      "rd": 251246000,
      "sga": 212175000,
      "fcf": -589854000,
      "ocf": -428613000,
      "capex": -161241000,
      "gross_margin": -0.972192913787822,
      "op_margin": -2.9437944590041183,
      "fcf_margin": -2.5095044416459618,
      "incr_op_margin_yoy": 0.6095846440264493,
      "rev_growth_yoy": 0.3607039481301378,
      "rev_growth_yoy_accel": -0.13131964701084126,
      "fcf_margin_change": 1.0080945996082553
    },
    {
      "date": "2025-06-30T00:00:00",
      "quarter_label": "2025-06 (Q2)",
      "revenue": 259432000,
      "gross_profit": -272351000,
      "operating_income": -803047000,
      "net_income": -539432000,
      "opex": 1062479000,
      "cogs": 531783000,
      "rd": 273839000,
      "sga": 256857000,
      "fcf": -1012904000,
      "ocf": -830241000,
      "capex": -182663000,
      "gross_margin": -1.049797249375559,
      "op_margin": -3.095404576150976,
      "fcf_margin": -3.904314039902556,
      "incr_op_margin_yoy": -0.2655859713513789,
      "rev_growth_yoy": 0.2934026652574272,
      "rev_growth_yoy_accel": -0.06730128287271059,
      "op_leverage_ratio": 0.7097188452106779,
      "fcf_margin_change": -1.3948095982565945
    },
    {
      "date": "2025-09-30T00:00:00",
      "quarter_label": "2025-09 (Q3)",
      "revenue": 336580000,
      "gross_profit": -333617000,
      "operating_income": -942019000,
      "net_income": -978428000,
      "opex": 1278599000,
      "cogs": 670197000,
      "rd": 325305000,
      "sga": 283097000,
      "fcf": -955468000,
      "ocf": -756650000,
      "capex": -198818000,
      "gross_margin": -0.9911967437162041,
      "op_margin": -2.7987967199477093,
      "fcf_margin": -2.8387545308693327,
      "incr_op_margin_yoy": -1.2558846362291456,
      "rev_growth_yoy": 0.6825803097411491,
      "rev_growth_yoy_accel": 0.38917764448372194,
      "op_leverage_ratio": 1.4619298178830997,
      "fcf_margin_change": 1.0655595090332235
    }
  ],
  "signals": [
    {
      "quarter": "2025-09 (Q3)",
      "signal": "FCF MARGIN EXPANSION",
      "detail": "FCF margin: -390.4% -> -283.9% (+106.6%)",
      "severity": "MEDIUM"
    },
    {
      "quarter": "2025-09 (Q3)",
      "signal": "GROSS MARGIN INFLECTION",
      "detail": "GM: -97.2% -> -105.0% -> -99.1% (reversal +5.9%)",
      "severity": "HIGH"
    },
    {
      "quarter": "2025-09 (Q3)",
      "signal": "YoY REVENUE GROWTH ACCELERATION",
      "detail": "YoY growth: +68.3% vs prior quarter YoY: +29.3% (accel: +38.9%)",
      "severity": "HIGH"
    },
    {
      "quarter": "2025-06 (Q2)",
      "signal": "YoY REVENUE GROWTH DECELERATION",
      "detail": "YoY growth: +29.3% vs prior quarter YoY: +36.1% (decel: -6.7%)",
      "severity": "WARNING"
    },
    {
      "quarter": "2025-03 (Q1)",
      "signal": "FCF MARGIN EXPANSION",
      "detail": "FCF margin: -351.8% -> -251.0% (+100.8%)",
      "severity": "MEDIUM"
    },
    {
      "quarter": "2025-03 (Q1)",
      "signal": "YoY REVENUE GROWTH DECELERATION",
      "detail": "YoY growth: +36.1% vs prior quarter YoY: +49.2% (decel: -13.1%)",
      "severity": "WARNING"
    },
    {
      "quarter": "2024-09 (Q3)",
      "signal": "FCF MARGIN EXPANSION",
      "detail": "FCF margin: -369.6% -> -311.2% (+58.4%)",
      "severity": "MEDIUM"
    },
    {
      "quarter": "2024-09 (Q3)",
      "signal": "GROSS MARGIN INFLECTION",
      "detail": "GM: -134.3% -> -134.5% -> -106.2% (reversal +28.3%)",
      "severity": "HIGH"
    },
    {
      "quarter": "2024-09 (Q3)",
      "signal": "YoY REVENUE GROWTH ACCELERATION",
      "detail": "YoY growth: +45.2% vs prior quarter YoY: +32.9% (accel: +12.2%)",
      "severity": "MEDIUM"
    },
    {
      "quarter": "2024-06 (Q2)",
      "signal": "FCF MARGIN EXPANSION",
      "detail": "FCF margin: -413.9% -> -369.6% (+44.3%)",
      "severity": "MEDIUM"
    },
    {
      "quarter": "2024-06 (Q2)",
      "signal": "OPERATING LEVERAGE",
      "detail": "Rev growth +16.1% vs OpEx growth +9.5% (leverage: 1.7x)",
      "severity": "MEDIUM"
    },
    {
      "quarter": "2024-06 (Q2)",
      "signal": "YoY REVENUE GROWTH ACCELERATION",
      "detail": "YoY growth: +32.9% vs prior quarter YoY: +15.6% (accel: +17.3%)",
      "severity": "HIGH"
    },
    {
      "quarter": "2024-03 (Q1)",
      "signal": "FCF MARGIN EXPANSION",
      "detail": "FCF margin: -475.5% -> -413.9% (+61.6%)",
      "severity": "MEDIUM"
    },
    {
      "quarter": "2024-03 (Q1)",
      "signal": "OPERATING LEVERAGE",
      "detail": "Rev growth +9.9% vs OpEx growth +1.0% (leverage: 10.3x)",
      "severity": "MEDIUM"
    },
    {
      "quarter": "2024-03 (Q1)",
      "signal": "YoY REVENUE GROWTH ACCELERATION",
      "detail": "YoY growth: +15.6% vs prior quarter YoY: -39.0% (accel: +54.6%)",
      "severity": "HIGH"
    },
    {
      "quarter": "2023-12 (Q4)",
      "signal": "FCF MARGIN EXPANSION",
      "detail": "FCF margin: -512.4% -> -475.5% (+36.9%)",
      "severity": "MEDIUM"
    },
    {
      "quarter": "2023-12 (Q4)",
      "signal": "OPERATING LEVERAGE",
      "detail": "Rev growth +14.0% vs OpEx growth +0.4% (leverage: 37.5x)",
      "severity": "MEDIUM"
    },
    {
      "quarter": "2023-12 (Q4)",
      "signal": "YoY REVENUE GROWTH DECELERATION",
      "detail": "YoY growth: -39.0% vs prior quarter YoY: -29.5% (decel: -9.5%)",
      "severity": "WARNING"
    },
    {
      "quarter": "2023-09 (Q3)",
      "signal": "FCF MARGIN EXPANSION",
      "detail": "FCF margin: -599.2% -> -512.4% (+86.9%)",
      "severity": "MEDIUM"
    },
    {
      "quarter": "2023-09 (Q3)",
      "signal": "GROSS MARGIN INFLECTION",
      "detail": "GM: -235.0% -> -268.4% -> -240.8% (reversal +27.6%)",
      "severity": "HIGH"
    },
    {
      "quarter": "2023-09 (Q3)",
      "signal": "YoY REVENUE GROWTH DECELERATION",
      "detail": "YoY growth: -29.5% vs prior quarter YoY: +55.0% (decel: -84.5%)",
      "severity": "WARNING"
    },
    {
      "quarter": "2023-06 (Q2)",
      "signal": "FCF MARGIN EXPANSION",
      "detail": "FCF margin: -698.0% -> -599.2% (+98.8%)",
      "severity": "MEDIUM"
    },
    {
      "quarter": "2023-06 (Q2)",
      "signal": "YoY REVENUE GROWTH DECELERATION",
      "detail": "YoY growth: +55.0% vs prior quarter YoY: +159.1% (decel: -104.1%)",
      "severity": "WARNING"
    },
    {
      "quarter": "2023-03 (Q1)",
      "signal": "YoY REVENUE GROWTH DECELERATION",
      "detail": "YoY growth: +159.1% vs prior quarter YoY: +876.5% (decel: -717.4%)",
      "severity": "WARNING"
    },
    {
      "quarter": "2022-12 (Q4)",
      "signal": "FCF MARGIN EXPANSION",
      "detail": "FCF margin: -439.8% -> -364.1% (+75.6%)",
      "severity": "MEDIUM"
    },
    {
      "quarter": "2022-12 (Q4)",
      "signal": "OPERATING LEVERAGE",
      "detail": "Rev growth +31.9% vs OpEx growth +14.1% (leverage: 2.3x)",
      "severity": "MEDIUM"
    },
    {
      "quarter": "2022-12 (Q4)",
      "signal": "YoY REVENUE GROWTH DECELERATION",
      "detail": "YoY growth: +876.5% vs prior quarter YoY: +84148.7% (decel: -83272.2%)",
      "severity": "WARNING"
    },
    {
      "quarter": "2022-09 (Q3)",
      "signal": "FCF MARGIN EXPANSION",
      "detail": "FCF margin: -846.0% -> -439.8% (+406.2%)",
      "severity": "MEDIUM"
    },
    {
      "quarter": "2022-09 (Q3)",
      "signal": "OPERATING LEVERAGE",
      "detail": "Rev growth +100.8% vs OpEx growth +34.5% (leverage: 2.9x)",
      "severity": "MEDIUM"
    },
    {
      "quarter": "2022-09 (Q3)",
      "signal": "YoY REVENUE GROWTH ACCELERATION",
      "detail": "YoY growth: +84148.7% vs prior quarter YoY: +55840.2% (accel: +28308.5%)",
      "severity": "HIGH"
    },
    {
      "quarter": "2022-06 (Q2)",
      "signal": "FCF MARGIN EXPANSION",
      "detail": "FCF margin: -1178.6% -> -846.0% (+332.6%)",
      "severity": "MEDIUM"
    },
    {
      "quarter": "2022-06 (Q2)",
      "signal": "OPERATING LEVERAGE",
      "detail": "Rev growth +68.8% vs OpEx growth +0.2% (leverage: 338.8x)",
      "severity": "MEDIUM"
    },
    {
      "quarter": "2022-06 (Q2)",
      "signal": "YoY REVENUE GROWTH ACCELERATION",
      "detail": "YoY growth: +55840.2% vs prior quarter YoY: +18326.5% (accel: +37513.7%)",
      "severity": "HIGH"
    },
    {
      "quarter": "2022-03 (Q1)",
      "signal": "FCF MARGIN EXPANSION",
      "detail": "FCF margin: -1646.9% -> -1178.6% (+468.3%)",
      "severity": "MEDIUM"
    },
    {
      "quarter": "2022-03 (Q1)",
      "signal": "OPERATING LEVERAGE",
      "detail": "Rev growth +118.5% vs OpEx growth +27.1% (leverage: 4.4x)",
      "severity": "MEDIUM"
    },
    {
      "quarter": "2022-03 (Q1)",
      "signal": "YoY REVENUE GROWTH ACCELERATION",
      "detail": "YoY growth: +18326.5% vs prior quarter YoY: +626.3% (accel: +17700.3%)",
      "severity": "HIGH"
    },
    {
      "quarter": "2021-12 (Q4)",
      "signal": "FCF MARGIN EXPANSION",
      "detail": "FCF margin: -165679.7% -> -1646.9% (+164032.9%)",
      "severity": "MEDIUM"
    },
    {
      "quarter": "2021-12 (Q4)",
      "signal": "OPERATING LEVERAGE",
      "detail": "Rev growth +11275.9% vs OpEx growth +4.4% (leverage: 2586.1x)",
      "severity": "MEDIUM"
    },
    {
      "quarter": "2021-12 (Q4)",
      "signal": "GROSS MARGIN INFLECTION",
      "detail": "GM: +89.1% -> -1331.0% -> -473.9% (reversal +857.1%)",
      "severity": "HIGH"
    }
  ],
  "data_quality": {
    "n_quarters": 20,
    "coverage": {
      "revenue": [
        20,
        20
      ],
      "gross_profit": [
        20,
        20
      ],
      "op_income": [
        20,
        20
      ],
      "fcf": [
        20,
        20
      ]
    },
    "gaps": [],
    "warnings": []
  },
  "market_cap": null,
  "source": "SEC EDGAR",
  "last_updated": "2026-02-02T21:17:00.064176"
}