{
  "ticker": "LCII",
  "name": "LCI INDUSTRIES",
  "quarters": [
    {
      "date": "2020-12-31T00:00:00",
      "quarter_label": "2020-12 (Q4)",
      "revenue": 783002000,
      "gross_profit": 197304000,
      "operating_income": 63453000,
      "net_income": 48693000,
      "opex": 133851000,
      "cogs": 585698000,
      "rd": null,
      "sga": 133851000,
      "fcf": -9770000,
      "ocf": 18913000,
      "capex": -28683000,
      "gross_margin": 0.25198403069213104,
      "op_margin": 0.08103810718235713,
      "fcf_margin": -0.012477618192546124
    },
    {
      "date": "2021-03-31T00:00:00",
      "quarter_label": "2021-03 (Q1)",
      "revenue": 1000258000,
      "gross_profit": 241777000,
      "operating_income": 101431000,
      "net_income": 74120000,
      "opex": 140346000,
      "cogs": 758481000,
      "rd": null,
      "sga": 140346000,
      "fcf": -16110000,
      "ocf": 4847000,
      "capex": -20957000,
      "gross_margin": 0.24171463762349313,
      "op_margin": 0.10140483755191161,
      "fcf_margin": -0.016105844692069445,
      "op_leverage_ratio": 5.7180950820691985,
      "fcf_margin_change": -0.0036282264995233203
    },
    {
      "date": "2021-06-30T00:00:00",
      "quarter_label": "2021-06 (Q2)",
      "revenue": 1093720000,
      "gross_profit": 257611000,
      "operating_income": 93982000,
      "net_income": 67889000,
      "opex": 163629000,
      "cogs": 836109000,
      "rd": null,
      "sga": 163629000,
      "fcf": -2036000,
      "ocf": 19012000,
      "capex": -21048000,
      "gross_margin": 0.23553651757305344,
      "op_margin": 0.08592875690304648,
      "fcf_margin": -0.0018615367735800754,
      "op_leverage_ratio": 0.5632278715925848,
      "fcf_margin_change": 0.014244307918489369
    },
    {
      "date": "2021-09-30T00:00:00",
      "quarter_label": "2021-09 (Q3)",
      "revenue": 1165309000,
      "gross_profit": 251581000,
      "operating_income": 89024000,
      "net_income": 63401000,
      "opex": 162557000,
      "cogs": 913728000,
      "rd": null,
      "sga": 162557000,
      "fcf": -43433000,
      "ocf": -11566000,
      "capex": -31867000,
      "gross_margin": 0.2158920938566509,
      "op_margin": 0.07639518788578824,
      "fcf_margin": -0.03727165927663821,
      "op_leverage_ratio": Infinity,
      "fcf_margin_change": -0.03541012250305814
    },
    {
      "date": "2021-12-31T00:00:00",
      "quarter_label": "2021-12 (Q4)",
      "revenue": 1213410000,
      "gross_profit": 292066000,
      "operating_income": 113973000,
      "net_income": 82329000,
      "opex": 178093000,
      "cogs": 921344000,
      "rd": null,
      "sga": 178093000,
      "fcf": -148528000,
      "ocf": -123866000,
      "capex": -24662000,
      "gross_margin": 0.240698527290858,
      "op_margin": 0.09392785620688802,
      "fcf_margin": -0.12240545240273279,
      "incr_op_margin_yoy": 0.11737700042750135,
      "rev_growth_yoy": 0.5496895282515243,
      "op_leverage_ratio": 0.4318962843785057,
      "fcf_margin_change": -0.08513379312609458
    },
    {
      "date": "2022-03-31T00:00:00",
      "quarter_label": "2022-03 (Q1)",
      "revenue": 1644568000,
      "gross_profit": 464243000,
      "operating_income": 269701000,
      "net_income": 196181000,
      "opex": 194542000,
      "cogs": 1180325000,
      "rd": null,
      "sga": 194542000,
      "fcf": 92889000,
      "ocf": 134926000,
      "capex": -42037000,
      "gross_margin": 0.28228872263111043,
      "op_margin": 0.16399504307514193,
      "fcf_margin": 0.056482310248040825,
      "incr_op_margin_yoy": 0.26116310471667364,
      "rev_growth_yoy": 0.6441438108967886,
      "rev_growth_yoy_accel": 0.09445428264526434,
      "op_leverage_ratio": 3.847124384656959,
      "fcf_margin_change": 0.1788877626507736
    },
    {
      "date": "2022-06-30T00:00:00",
      "quarter_label": "2022-06 (Q2)",
      "revenue": 1536150000,
      "gross_profit": 409085000,
      "operating_income": 218789000,
      "net_income": 154530000,
      "opex": 190296000,
      "cogs": 1127065000,
      "rd": null,
      "sga": 190296000,
      "fcf": 184245000,
      "ocf": 213045000,
      "capex": -28800000,
      "gross_margin": 0.2663053738241708,
      "op_margin": 0.14242684633662078,
      "fcf_margin": 0.11993945903720339,
      "incr_op_margin_yoy": 0.2820943426078702,
      "rev_growth_yoy": 0.40451852393665655,
      "rev_growth_yoy_accel": -0.23962528696013208,
      "fcf_margin_change": 0.06345714878916256
    },
    {
      "date": "2022-09-30T00:00:00",
      "quarter_label": "2022-09 (Q3)",
      "revenue": 1132079000,
      "gross_profit": 253054000,
      "operating_income": 87575000,
      "net_income": 61392000,
      "opex": 165479000,
      "cogs": 879025000,
      "rd": null,
      "sga": 165479000,
      "fcf": 104625000,
      "ocf": 137536000,
      "capex": -32911000,
      "gross_margin": 0.22353033666378405,
      "op_margin": 0.07735767556857781,
      "fcf_margin": 0.09241846196246022,
      "incr_op_margin_yoy": 0.0436051760457418,
      "rev_growth_yoy": -0.028516041667918123,
      "rev_growth_yoy_accel": -0.43303456560457465,
      "fcf_margin_change": -0.027520997074743175
    },
    {
      "date": "2022-12-31T00:00:00",
      "quarter_label": "2022-12 (Q4)",
      "revenue": 894346000,
      "gross_profit": 146907000,
      "operating_income": -23037000,
      "net_income": -17129000,
      "opex": 169944000,
      "cogs": 747439000,
      "rd": null,
      "sga": 169944000,
      "fcf": 90114000,
      "ocf": 117007000,
      "capex": -26893000,
      "gross_margin": 0.16426192994657549,
      "op_margin": -0.025758487207411897,
      "fcf_margin": 0.10075966124967295,
      "incr_op_margin_yoy": 0.429412280921696,
      "rev_growth_yoy": -0.26294822030476095,
      "rev_growth_yoy_accel": -0.23443217863684282,
      "fcf_margin_change": 0.008341199287212733
    },
    {
      "date": "2023-03-31T00:00:00",
      "quarter_label": "2023-03 (Q1)",
      "revenue": 973310000,
      "gross_profit": 186071000,
      "operating_income": 20043000,
      "net_income": 7259000,
      "opex": 166028000,
      "cogs": 787239000,
      "rd": null,
      "sga": 166028000,
      "fcf": 57517000,
      "ocf": 74676000,
      "capex": -17159000,
      "gross_margin": 0.19117341854085543,
      "op_margin": 0.020592616946296657,
      "fcf_margin": 0.0590942248615549,
      "incr_op_margin_yoy": 0.37192554874578776,
      "rev_growth_yoy": -0.408166764767404,
      "rev_growth_yoy_accel": -0.14521854446264304,
      "op_leverage_ratio": Infinity,
      "fcf_margin_change": -0.04166543638811805
    },
    {
      "date": "2023-06-30T00:00:00",
      "quarter_label": "2023-06 (Q2)",
      "revenue": 1014639000,
      "gross_profit": 218120000,
      "operating_income": 55174000,
      "net_income": 33426000,
      "opex": 162946000,
      "cogs": 796519000,
      "rd": null,
      "sga": 162946000,
      "fcf": 181966000,
      "ocf": 198889000,
      "capex": -16923000,
      "gross_margin": 0.21497301010507186,
      "op_margin": 0.054377961028503737,
      "fcf_margin": 0.17934063248110904,
      "incr_op_margin_yoy": 0.3137325962443745,
      "rev_growth_yoy": -0.33949223708622206,
      "rev_growth_yoy_accel": 0.06867452768118193,
      "op_leverage_ratio": Infinity,
      "fcf_margin_change": 0.12024640761955414
    },
    {
      "date": "2023-09-30T00:00:00",
      "quarter_label": "2023-09 (Q3)",
      "revenue": 959315000,
      "gross_profit": 210948000,
      "operating_income": 45590000,
      "net_income": 25887000,
      "opex": 165358000,
      "cogs": 748367000,
      "rd": null,
      "sga": 165358000,
      "fcf": 99720000,
      "ocf": 115698000,
      "capex": -15978000,
      "gross_margin": 0.21989440381939196,
      "op_margin": 0.04752349332596697,
      "fcf_margin": 0.10394917206548422,
      "incr_op_margin_yoy": 0.24301937903729945,
      "rev_growth_yoy": -0.15260772437259237,
      "rev_growth_yoy_accel": 0.18688451271362969,
      "fcf_margin_change": -0.07539146041562482
    },
    {
      "date": "2023-12-31T00:00:00",
      "quarter_label": "2023-12 (Q4)",
      "revenue": 837544000,
      "gross_profit": 161051000,
      "operating_income": 2621000,
      "net_income": -2377000,
      "opex": 158430000,
      "cogs": 676493000,
      "rd": null,
      "sga": 158430000,
      "fcf": 125817000,
      "ocf": 137966000,
      "capex": -12149000,
      "gross_margin": 0.1922895991135988,
      "op_margin": 0.003129387829176736,
      "fcf_margin": 0.15022136150458962,
      "incr_op_margin_yoy": -0.451709446850463,
      "rev_growth_yoy": -0.06351233191628296,
      "rev_growth_yoy_accel": 0.08909539245630942,
      "fcf_margin_change": 0.046272189439105396
    },
    {
      "date": "2024-03-31T00:00:00",
      "quarter_label": "2024-03 (Q1)",
      "revenue": 968029000,
      "gross_profit": 223906000,
      "operating_income": 57611000,
      "net_income": 36545000,
      "opex": 166295000,
      "cogs": 744123000,
      "rd": null,
      "sga": 166295000,
      "fcf": -16262000,
      "ocf": -7654000,
      "capex": -8608000,
      "gross_margin": 0.23130092176990566,
      "op_margin": 0.05951371291562546,
      "fcf_margin": -0.016799083498531552,
      "incr_op_margin_yoy": -7.11380420374929,
      "rev_growth_yoy": -0.0054258150024144415,
      "rev_growth_yoy_accel": 0.05808651691386851,
      "op_leverage_ratio": 3.138279741824261,
      "fcf_margin_change": -0.16702044500312116
    },
    {
      "date": "2024-06-30T00:00:00",
      "quarter_label": "2024-06 (Q2)",
      "revenue": 1054544000,
      "gross_profit": 266445000,
      "operating_income": 90604000,
      "net_income": 61163000,
      "opex": 175841000,
      "cogs": 788099000,
      "rd": null,
      "sga": 175841000,
      "fcf": 180216000,
      "ocf": 192936000,
      "capex": -12720000,
      "gross_margin": 0.25266371057063525,
      "op_margin": 0.08591770471407546,
      "fcf_margin": 0.17089471847547377,
      "incr_op_margin_yoy": 0.8878586643277785,
      "rev_growth_yoy": 0.03932925897782364,
      "rev_growth_yoy_accel": 0.044755073980238085,
      "op_leverage_ratio": 1.5569003115470406,
      "fcf_margin_change": 0.18769380197400531
    },
    {
      "date": "2024-09-30T00:00:00",
      "quarter_label": "2024-09 (Q3)",
      "revenue": 915497000,
      "gross_profit": 219958000,
      "operating_income": 53888000,
      "net_income": 35612000,
      "opex": 166070000,
      "cogs": 695539000,
      "rd": null,
      "sga": 166070000,
      "fcf": 68344000,
      "ocf": 78406000,
      "capex": -10062000,
      "gross_margin": 0.2402607545409761,
      "op_margin": 0.05886201702463252,
      "fcf_margin": 0.07465234730425113,
      "incr_op_margin_yoy": -0.18937422976858825,
      "rev_growth_yoy": -0.045676341973178776,
      "rev_growth_yoy_accel": -0.08500560095100242,
      "fcf_margin_change": -0.09624237117122264
    },
    {
      "date": "2024-12-31T00:00:00",
      "quarter_label": "2024-12 (Q4)",
      "revenue": 803138000,
      "gross_profit": 169406000,
      "operating_income": 16134000,
      "net_income": 9547000,
      "opex": 153272000,
      "cogs": 633732000,
      "rd": null,
      "sga": 153272000,
      "fcf": 95653000,
      "ocf": 106596000,
      "capex": -10943000,
      "gross_margin": 0.21093012657849586,
      "op_margin": 0.020088702066145544,
      "fcf_margin": 0.11909908384362339,
      "incr_op_margin_yoy": -0.39275126431436375,
      "rev_growth_yoy": -0.04107963283123036,
      "rev_growth_yoy_accel": 0.004596709141948416,
      "fcf_margin_change": 0.044446736539372256
    },
    {
      "date": "2025-03-31T00:00:00",
      "quarter_label": "2025-03 (Q1)",
      "revenue": 1045590000,
      "gross_profit": 251749000,
      "operating_income": 81317000,
      "net_income": 49438000,
      "opex": 170432000,
      "cogs": 793841000,
      "rd": null,
      "sga": 170432000,
      "fcf": 33680000,
      "ocf": 42718000,
      "capex": -9038000,
      "gross_margin": 0.2407721956024828,
      "op_margin": 0.07777140179228952,
      "fcf_margin": 0.03221147868667451,
      "incr_op_margin_yoy": 0.3056433001121698,
      "rev_growth_yoy": 0.08012259963286224,
      "rev_growth_yoy_accel": 0.12120223246409259,
      "op_leverage_ratio": 2.6963802480109766,
      "fcf_margin_change": -0.08688760515694888
    },
    {
      "date": "2025-06-30T00:00:00",
      "quarter_label": "2025-06 (Q2)",
      "revenue": 1107250000,
      "gross_profit": 270021000,
      "operating_income": 87804000,
      "net_income": 57635000,
      "opex": 182217000,
      "cogs": 837229000,
      "rd": null,
      "sga": 182217000,
      "fcf": 99483000,
      "ocf": 112219000,
      "capex": -12736000,
      "gross_margin": 0.24386633551591783,
      "op_margin": 0.07929916459697449,
      "fcf_margin": 0.08984691804018965,
      "incr_op_margin_yoy": -0.05312488141767541,
      "rev_growth_yoy": 0.049979896523995204,
      "rev_growth_yoy_accel": -0.030142703108867033,
      "op_leverage_ratio": 0.8528323246785335,
      "fcf_margin_change": 0.057635439353515144
    },
    {
      "date": "2025-09-30T00:00:00",
      "quarter_label": "2025-09 (Q3)",
      "revenue": 1036477000,
      "gross_profit": 252613000,
      "operating_income": 75439000,
      "net_income": 62493000,
      "opex": 177174000,
      "cogs": 783864000,
      "rd": null,
      "sga": 177174000,
      "fcf": 80870000,
      "ocf": 97167000,
      "capex": -16297000,
      "gross_margin": 0.24372272611934467,
      "op_margin": 0.07278405598966499,
      "fcf_margin": 0.07802392141842028,
      "incr_op_margin_yoy": 0.17813688212927756,
      "rev_growth_yoy": 0.1321468011364319,
      "rev_growth_yoy_accel": 0.0821669046124367,
      "fcf_margin_change": -0.011822996621769374
    }
  ],
  "signals": [
    {
      "quarter": "2025-09 (Q3)",
      "signal": "YoY REVENUE GROWTH ACCELERATION",
      "detail": "YoY growth: +13.2% vs prior quarter YoY: +5.0% (accel: +8.2%)",
      "severity": "MEDIUM"
    },
    {
      "quarter": "2025-09 (Q3)",
      "signal": "INCREMENTAL MARGIN (YoY)",
      "detail": "YoY Incr OPM: +17.8% vs year-ago OPM: +5.9%",
      "severity": "MEDIUM"
    },
    {
      "quarter": "2025-06 (Q2)",
      "signal": "FCF MARGIN EXPANSION",
      "detail": "FCF margin: +3.2% -> +9.0% (+5.8%)",
      "severity": "MEDIUM"
    },
    {
      "quarter": "2025-03 (Q1)",
      "signal": "OPERATING LEVERAGE",
      "detail": "Rev growth +30.2% vs OpEx growth +11.2% (leverage: 2.7x)",
      "severity": "MEDIUM"
    },
    {
      "quarter": "2025-03 (Q1)",
      "signal": "GROSS MARGIN INFLECTION",
      "detail": "GM: +24.0% -> +21.1% -> +24.1% (reversal +3.0%)",
      "severity": "MEDIUM"
    },
    {
      "quarter": "2025-03 (Q1)",
      "signal": "YoY REVENUE GROWTH ACCELERATION",
      "detail": "YoY growth: +8.0% vs prior quarter YoY: -4.1% (accel: +12.1%)",
      "severity": "MEDIUM"
    },
    {
      "quarter": "2025-03 (Q1)",
      "signal": "INCREMENTAL MARGIN (YoY)",
      "detail": "YoY Incr OPM: +30.6% vs year-ago OPM: +6.0%",
      "severity": "HIGH"
    },
    {
      "quarter": "2024-09 (Q3)",
      "signal": "YoY REVENUE GROWTH DECELERATION",
      "detail": "YoY growth: -4.6% vs prior quarter YoY: +3.9% (decel: -8.5%)",
      "severity": "WARNING"
    },
    {
      "quarter": "2024-06 (Q2)",
      "signal": "FCF TURNED POSITIVE",
      "detail": "FCF margin: -1.7% -> +17.1%",
      "severity": "HIGH"
    },
    {
      "quarter": "2024-06 (Q2)",
      "signal": "OPERATING LEVERAGE",
      "detail": "Rev growth +8.9% vs OpEx growth +5.7% (leverage: 1.6x)",
      "severity": "MEDIUM"
    },
    {
      "quarter": "2024-06 (Q2)",
      "signal": "INCREMENTAL MARGIN (YoY)",
      "detail": "YoY Incr OPM: +88.8% vs year-ago OPM: +5.4%",
      "severity": "HIGH"
    },
    {
      "quarter": "2024-03 (Q1)",
      "signal": "OPERATING LEVERAGE",
      "detail": "Rev growth +15.6% vs OpEx growth +5.0% (leverage: 3.1x)",
      "severity": "MEDIUM"
    },
    {
      "quarter": "2024-03 (Q1)",
      "signal": "GROSS MARGIN INFLECTION",
      "detail": "GM: +22.0% -> +19.2% -> +23.1% (reversal +3.9%)",
      "severity": "MEDIUM"
    },
    {
      "quarter": "2024-03 (Q1)",
      "signal": "YoY REVENUE GROWTH ACCELERATION",
      "detail": "YoY growth: -0.5% vs prior quarter YoY: -6.4% (accel: +5.8%)",
      "severity": "MEDIUM"
    },
    {
      "quarter": "2023-12 (Q4)",
      "signal": "YoY REVENUE GROWTH ACCELERATION",
      "detail": "YoY growth: -6.4% vs prior quarter YoY: -15.3% (accel: +8.9%)",
      "severity": "MEDIUM"
    },
    {
      "quarter": "2023-12 (Q4)",
      "signal": "OP MARGIN TURNED POSITIVE (YoY)",
      "detail": "Op margin: -2.6% (year-ago) -> +0.3%",
      "severity": "HIGH"
    },
    {
      "quarter": "2023-09 (Q3)",
      "signal": "YoY REVENUE GROWTH ACCELERATION",
      "detail": "YoY growth: -15.3% vs prior quarter YoY: -33.9% (accel: +18.7%)",
      "severity": "HIGH"
    },
    {
      "quarter": "2023-09 (Q3)",
      "signal": "INCREMENTAL MARGIN (YoY)",
      "detail": "YoY Incr OPM: +24.3% vs year-ago OPM: +7.7%",
      "severity": "MEDIUM"
    },
    {
      "quarter": "2023-06 (Q2)",
      "signal": "FCF MARGIN EXPANSION",
      "detail": "FCF margin: +5.9% -> +17.9% (+12.0%)",
      "severity": "MEDIUM"
    },
    {
      "quarter": "2023-06 (Q2)",
      "signal": "YoY REVENUE GROWTH ACCELERATION",
      "detail": "YoY growth: -33.9% vs prior quarter YoY: -40.8% (accel: +6.9%)",
      "severity": "MEDIUM"
    },
    {
      "quarter": "2023-06 (Q2)",
      "signal": "INCREMENTAL MARGIN (YoY)",
      "detail": "YoY Incr OPM: +31.4% vs year-ago OPM: +14.2%",
      "severity": "MEDIUM"
    },
    {
      "quarter": "2023-03 (Q1)",
      "signal": "GROSS MARGIN INFLECTION",
      "detail": "GM: +22.4% -> +16.4% -> +19.1% (reversal +2.7%)",
      "severity": "MEDIUM"
    },
    {
      "quarter": "2023-03 (Q1)",
      "signal": "YoY REVENUE GROWTH DECELERATION",
      "detail": "YoY growth: -40.8% vs prior quarter YoY: -26.3% (decel: -14.5%)",
      "severity": "WARNING"
    },
    {
      "quarter": "2023-03 (Q1)",
      "signal": "INCREMENTAL MARGIN (YoY)",
      "detail": "YoY Incr OPM: +37.2% vs year-ago OPM: +16.4%",
      "severity": "HIGH"
    },
    {
      "quarter": "2023-03 (Q1)",
      "signal": "OP MARGIN TURNED POSITIVE (QoQ)",
      "detail": "Op margin: -2.6% -> +2.1%",
      "severity": "HIGH"
    },
    {
      "quarter": "2022-12 (Q4)",
      "signal": "YoY REVENUE GROWTH DECELERATION",
      "detail": "YoY growth: -26.3% vs prior quarter YoY: -2.9% (decel: -23.4%)",
      "severity": "WARNING"
    },
    {
      "quarter": "2022-09 (Q3)",
      "signal": "YoY REVENUE GROWTH DECELERATION",
      "detail": "YoY growth: -2.9% vs prior quarter YoY: +40.5% (decel: -43.3%)",
      "severity": "WARNING"
    },
    {
      "quarter": "2022-06 (Q2)",
      "signal": "FCF MARGIN EXPANSION",
      "detail": "FCF margin: +5.6% -> +12.0% (+6.3%)",
      "severity": "MEDIUM"
    },
    {
      "quarter": "2022-06 (Q2)",
      "signal": "YoY REVENUE GROWTH DECELERATION",
      "detail": "YoY growth: +40.5% vs prior quarter YoY: +64.4% (decel: -24.0%)",
      "severity": "WARNING"
    },
    {
      "quarter": "2022-06 (Q2)",
      "signal": "INCREMENTAL MARGIN (YoY)",
      "detail": "YoY Incr OPM: +28.2% vs year-ago OPM: +8.6%",
      "severity": "MEDIUM"
    },
    {
      "quarter": "2022-03 (Q1)",
      "signal": "FCF TURNED POSITIVE",
      "detail": "FCF margin: -12.2% -> +5.6%",
      "severity": "HIGH"
    },
    {
      "quarter": "2022-03 (Q1)",
      "signal": "OPERATING LEVERAGE",
      "detail": "Rev growth +35.5% vs OpEx growth +9.2% (leverage: 3.8x)",
      "severity": "MEDIUM"
    },
    {
      "quarter": "2022-03 (Q1)",
      "signal": "YoY REVENUE GROWTH ACCELERATION",
      "detail": "YoY growth: +64.4% vs prior quarter YoY: +55.0% (accel: +9.4%)",
      "severity": "MEDIUM"
    },
    {
      "quarter": "2022-03 (Q1)",
      "signal": "INCREMENTAL MARGIN (YoY)",
      "detail": "YoY Incr OPM: +26.1% vs year-ago OPM: +10.1%",
      "severity": "MEDIUM"
    },
    {
      "quarter": "2021-12 (Q4)",
      "signal": "GROSS MARGIN INFLECTION",
      "detail": "GM: +23.6% -> +21.6% -> +24.1% (reversal +2.5%)",
      "severity": "MEDIUM"
    },
    {
      "quarter": "2021-03 (Q1)",
      "signal": "OPERATING LEVERAGE",
      "detail": "Rev growth +27.7% vs OpEx growth +4.9% (leverage: 5.7x)",
      "severity": "MEDIUM"
    }
  ],
  "data_quality": {
    "n_quarters": 20,
    "coverage": {
      "revenue": [
        20,
        20
      ],
      "gross_profit": [
        20,
        20
      ],
      "op_income": [
        20,
        20
      ],
      "fcf": [
        20,
        20
      ]
    },
    "gaps": [],
    "warnings": []
  },
  "market_cap": null,
  "source": "SEC EDGAR",
  "last_updated": "2026-02-02T21:16:54.263426",
  "sector": "Consumer Cyclical",
  "industry": "Recreational Vehicles"
}