{
  "ticker": "LCUT",
  "name": "LIFETIME BRANDS, INC.",
  "quarters": [
    {
      "date": "2020-12-31T00:00:00",
      "quarter_label": "2020-12 (Q4)",
      "revenue": 249209000,
      "gross_profit": 88104000,
      "operating_income": 24413000,
      "net_income": 15221000,
      "opex": 63691000,
      "cogs": 161105000,
      "rd": null,
      "sga": 41598000,
      "fcf": -4832000,
      "ocf": -4395000,
      "capex": -437000,
      "gross_margin": 0.35353458342194705,
      "op_margin": 0.09796195161490957,
      "fcf_margin": -0.0193893478967453
    },
    {
      "date": "2021-03-31T00:00:00",
      "quarter_label": "2021-03 (Q1)",
      "revenue": 195653000,
      "gross_profit": 66000000,
      "operating_income": 9246000,
      "net_income": 3067000,
      "opex": 56754000,
      "cogs": 129653000,
      "rd": null,
      "sga": 38108000,
      "fcf": 35608000,
      "ocf": 36282000,
      "capex": -674000,
      "gross_margin": 0.3373319090430507,
      "op_margin": 0.04725713380321283,
      "fcf_margin": 0.1819956760182568,
      "fcf_margin_change": 0.2013850239150021
    },
    {
      "date": "2021-06-30T00:00:00",
      "quarter_label": "2021-06 (Q2)",
      "revenue": 186636000,
      "gross_profit": 66161000,
      "operating_income": 11001000,
      "net_income": 5789000,
      "opex": 55160000,
      "cogs": 120475000,
      "rd": null,
      "sga": 36229000,
      "fcf": 4026000,
      "ocf": 5849000,
      "capex": -1823000,
      "gross_margin": 0.35449216657022226,
      "op_margin": 0.058943612164855656,
      "fcf_margin": 0.02157140101588118,
      "fcf_margin_change": -0.16042427500237563
    },
    {
      "date": "2021-09-30T00:00:00",
      "quarter_label": "2021-09 (Q3)",
      "revenue": 224777000,
      "gross_profit": 83115000,
      "operating_income": 21680000,
      "net_income": 12571000,
      "opex": 61435000,
      "cogs": 141662000,
      "rd": null,
      "sga": 42542000,
      "fcf": -28397000,
      "ocf": -27533000,
      "capex": -864000,
      "gross_margin": 0.36976647966651394,
      "op_margin": 0.09645114936136705,
      "fcf_margin": -0.12633410001913006,
      "op_leverage_ratio": 1.7964171177012092,
      "fcf_margin_change": -0.14790550103501124
    },
    {
      "date": "2021-12-31T00:00:00",
      "quarter_label": "2021-12 (Q4)",
      "revenue": 255858000,
      "gross_profit": 88043000,
      "operating_income": 8915000,
      "net_income": -626000,
      "opex": 79128000,
      "cogs": 167815000,
      "rd": null,
      "sga": 40066000,
      "fcf": 21765000,
      "ocf": 22390000,
      "capex": -625000,
      "gross_margin": 0.3441088416230878,
      "op_margin": 0.034843546029438205,
      "fcf_margin": 0.08506671669441643,
      "incr_op_margin_yoy": -2.3308768235824937,
      "rev_growth_yoy": 0.026680416838878212,
      "op_leverage_ratio": 0.4801285130398615,
      "fcf_margin_change": 0.2114008167135465
    },
    {
      "date": "2022-03-31T00:00:00",
      "quarter_label": "2022-03 (Q1)",
      "revenue": 182717000,
      "gross_profit": 63068000,
      "operating_income": 4355000,
      "net_income": 380000,
      "opex": 58713000,
      "cogs": 119649000,
      "rd": null,
      "sga": 39488000,
      "fcf": 13022000,
      "ocf": 13404000,
      "capex": -382000,
      "gross_margin": 0.3451676636547229,
      "op_margin": 0.02383467329257814,
      "fcf_margin": 0.07126868326428301,
      "incr_op_margin_yoy": 0.3780921459492888,
      "rev_growth_yoy": -0.06611705417243793,
      "rev_growth_yoy_accel": -0.09279747101131615,
      "fcf_margin_change": -0.013798033430133416
    },
    {
      "date": "2022-06-30T00:00:00",
      "quarter_label": "2022-06 (Q2)",
      "revenue": 151314000,
      "gross_profit": 55167000,
      "operating_income": -464000,
      "net_income": -3460000,
      "opex": 55631000,
      "cogs": 96147000,
      "rd": null,
      "sga": 38258000,
      "fcf": -23358000,
      "ocf": -22261000,
      "capex": -1097000,
      "gross_margin": 0.3645862246718744,
      "op_margin": -0.003066471046961947,
      "fcf_margin": -0.15436773860977834,
      "incr_op_margin_yoy": 0.324585244323651,
      "rev_growth_yoy": -0.189256092072269,
      "rev_growth_yoy_accel": -0.12313903789983108,
      "fcf_margin_change": -0.22563642187406135
    },
    {
      "date": "2022-09-30T00:00:00",
      "quarter_label": "2022-09 (Q3)",
      "revenue": 186590000,
      "gross_profit": 67833000,
      "operating_income": 7590000,
      "net_income": -6358000,
      "opex": 60243000,
      "cogs": 118757000,
      "rd": null,
      "sga": 36462000,
      "fcf": -11724000,
      "ocf": -11228000,
      "capex": -496000,
      "gross_margin": 0.36354038265716276,
      "op_margin": 0.04067742108365936,
      "fcf_margin": -0.06283294924701216,
      "incr_op_margin_yoy": 0.36897373451698223,
      "rev_growth_yoy": -0.16988837825934147,
      "rev_growth_yoy_accel": 0.01936771381292754,
      "op_leverage_ratio": 2.812080766300449,
      "fcf_margin_change": 0.09153478936276618
    },
    {
      "date": "2022-12-31T00:00:00",
      "quarter_label": "2022-12 (Q4)",
      "revenue": 207041000,
      "gross_profit": 74248000,
      "operating_income": 12782000,
      "net_income": 3272000,
      "opex": 61466000,
      "cogs": 132793000,
      "rd": null,
      "sga": 40337000,
      "fcf": 43404000,
      "ocf": 44404000,
      "capex": -1000000,
      "gross_margin": 0.3586149603218686,
      "op_margin": 0.06173656425538903,
      "fcf_margin": 0.20963963659371815,
      "incr_op_margin_yoy": -0.07921420816518836,
      "rev_growth_yoy": -0.1907972390935597,
      "rev_growth_yoy_accel": -0.020908860834218224,
      "op_leverage_ratio": 5.398912859476466,
      "fcf_margin_change": 0.2724725858407303
    },
    {
      "date": "2023-03-31T00:00:00",
      "quarter_label": "2023-03 (Q1)",
      "revenue": 145435000,
      "gross_profit": 53842000,
      "operating_income": -1806000,
      "net_income": -8805000,
      "opex": 55648000,
      "cogs": 91593000,
      "rd": null,
      "sga": 37907000,
      "fcf": 11594000,
      "ocf": 12105000,
      "capex": -511000,
      "gross_margin": 0.37021349743871834,
      "op_margin": -0.012417918657819644,
      "fcf_margin": 0.07971946230274693,
      "incr_op_margin_yoy": 0.16525400997800546,
      "rev_growth_yoy": -0.20404231680686527,
      "rev_growth_yoy_accel": -0.013245077713305575,
      "fcf_margin_change": -0.12992017429097122
    },
    {
      "date": "2023-06-30T00:00:00",
      "quarter_label": "2023-06 (Q2)",
      "revenue": 146436000,
      "gross_profit": 55991000,
      "operating_income": 4396000,
      "net_income": -6520000,
      "opex": 51595000,
      "cogs": 90445000,
      "rd": null,
      "sga": 35863000,
      "fcf": 16406000,
      "ocf": 16888000,
      "capex": -482000,
      "gross_margin": 0.3823581632931793,
      "op_margin": 0.03001994045180147,
      "fcf_margin": 0.11203529186811986,
      "incr_op_margin_yoy": -0.996309963099631,
      "rev_growth_yoy": -0.032237598635949084,
      "rev_growth_yoy_accel": 0.1718047181709162,
      "fcf_margin_change": 0.03231582956537293
    },
    {
      "date": "2023-09-30T00:00:00",
      "quarter_label": "2023-09 (Q3)",
      "revenue": 191669000,
      "gross_profit": 70951000,
      "operating_income": 13612000,
      "net_income": 4206000,
      "opex": 57339000,
      "cogs": 120718000,
      "rd": null,
      "sga": 40214000,
      "fcf": -12804000,
      "ocf": -12032000,
      "capex": -772000,
      "gross_margin": 0.3701746239610996,
      "op_margin": 0.07101826586458948,
      "fcf_margin": -0.06680266501103464,
      "incr_op_margin_yoy": 1.1856664697775152,
      "rev_growth_yoy": 0.02722010825874913,
      "rev_growth_yoy_accel": 0.05945770689469822,
      "op_leverage_ratio": 2.774602164655996,
      "fcf_margin_change": -0.1788379568791545
    },
    {
      "date": "2023-12-31T00:00:00",
      "quarter_label": "2023-12 (Q4)",
      "revenue": 203143000,
      "gross_profit": 73855000,
      "operating_income": 15739000,
      "net_income": 2707000,
      "opex": 58116000,
      "cogs": 129288000,
      "rd": null,
      "sga": 38664000,
      "fcf": 38434000,
      "ocf": 39470000,
      "capex": -1036000,
      "gross_margin": 0.3635616290002609,
      "op_margin": 0.07747744199898593,
      "fcf_margin": 0.18919677271675617,
      "incr_op_margin_yoy": -0.758594150846588,
      "rev_growth_yoy": -0.018827188817673795,
      "rev_growth_yoy_accel": -0.046047297076422924,
      "op_leverage_ratio": 4.417657725610498,
      "fcf_margin_change": 0.2559994377277908
    },
    {
      "date": "2024-03-31T00:00:00",
      "quarter_label": "2024-03 (Q1)",
      "revenue": 142242000,
      "gross_profit": 57547000,
      "operating_income": 1830000,
      "net_income": -6260000,
      "opex": 55717000,
      "cogs": 84695000,
      "rd": null,
      "sga": 39536000,
      "fcf": 9913000,
      "ocf": 10513000,
      "capex": -600000,
      "gross_margin": 0.40457108308375866,
      "op_margin": 0.01286539840553423,
      "fcf_margin": 0.06969108983282013,
      "incr_op_margin_yoy": -1.138740995928594,
      "rev_growth_yoy": -0.021954825179633514,
      "rev_growth_yoy_accel": -0.0031276363619597188,
      "fcf_margin_change": -0.11950568288393604
    },
    {
      "date": "2024-06-30T00:00:00",
      "quarter_label": "2024-06 (Q2)",
      "revenue": 141666000,
      "gross_profit": 54550000,
      "operating_income": 1167000,
      "net_income": -18167000,
      "opex": 53383000,
      "cogs": 87116000,
      "rd": null,
      "sga": 38331000,
      "fcf": 9919000,
      "ocf": 10417000,
      "capex": -498000,
      "gross_margin": 0.3850606355794616,
      "op_margin": 0.00823768582440388,
      "fcf_margin": 0.0700168000790592,
      "incr_op_margin_yoy": 0.6769392033542977,
      "rev_growth_yoy": -0.032573957223633536,
      "rev_growth_yoy_accel": -0.010619132044000022,
      "fcf_margin_change": 0.00032571024623906375
    },
    {
      "date": "2024-09-30T00:00:00",
      "quarter_label": "2024-09 (Q3)",
      "revenue": 183837000,
      "gross_profit": 67417000,
      "operating_income": 8613000,
      "net_income": 344000,
      "opex": 58804000,
      "cogs": 116420000,
      "rd": null,
      "sga": 38770000,
      "fcf": -23173000,
      "ocf": -22667000,
      "capex": -506000,
      "gross_margin": 0.3667216066406654,
      "op_margin": 0.04685128673770786,
      "fcf_margin": -0.12605188291801978,
      "incr_op_margin_yoy": 0.6382788559754852,
      "rev_growth_yoy": -0.04086211124386312,
      "rev_growth_yoy_accel": -0.00828815402022958,
      "op_leverage_ratio": 2.9313780878289126,
      "fcf_margin_change": -0.19606868299707897
    },
    {
      "date": "2024-12-31T00:00:00",
      "quarter_label": "2024-12 (Q4)",
      "revenue": 215207000,
      "gross_profit": 81189000,
      "operating_income": 15474000,
      "net_income": 8918000,
      "opex": 65715000,
      "cogs": 134018000,
      "rd": null,
      "sga": 43172000,
      "fcf": 19683000,
      "ocf": 20306000,
      "capex": -623000,
      "gross_margin": 0.37726003336322705,
      "op_margin": 0.07190286561310738,
      "fcf_margin": 0.09146077962148072,
      "incr_op_margin_yoy": -0.021966180371352784,
      "rev_growth_yoy": 0.05938673742142235,
      "rev_growth_yoy_accel": 0.10024884866528547,
      "op_leverage_ratio": 1.4519363240277494,
      "fcf_margin_change": 0.2175126625395005
    },
    {
      "date": "2025-03-31T00:00:00",
      "quarter_label": "2025-03 (Q1)",
      "revenue": 140085000,
      "gross_profit": 50637000,
      "operating_income": 1099000,
      "net_income": -4201000,
      "opex": 49538000,
      "cogs": 89448000,
      "rd": null,
      "sga": 31468000,
      "fcf": 15138000,
      "ocf": 16711000,
      "capex": -1573000,
      "gross_margin": 0.36147339115536997,
      "op_margin": 0.007845236820501839,
      "fcf_margin": 0.10806296177320912,
      "incr_op_margin_yoy": 0.3388966156699119,
      "rev_growth_yoy": -0.01516429746488379,
      "rev_growth_yoy_accel": -0.07455103488630614,
      "fcf_margin_change": 0.0166021821517284
    },
    {
      "date": "2025-06-30T00:00:00",
      "quarter_label": "2025-06 (Q2)",
      "revenue": 131862000,
      "gross_profit": 50839000,
      "operating_income": -37207000,
      "net_income": -39699000,
      "opex": 88046000,
      "cogs": 81023000,
      "rd": null,
      "sga": 37495000,
      "fcf": 8173000,
      "ocf": 9346000,
      "capex": -1173000,
      "gross_margin": 0.38554701126935736,
      "op_margin": -0.2821662040618222,
      "fcf_margin": 0.06198146547147776,
      "incr_op_margin_yoy": 3.9141166870665036,
      "rev_growth_yoy": -0.06920503155308966,
      "rev_growth_yoy_accel": -0.054040734088205866,
      "fcf_margin_change": -0.04608149630173136
    },
    {
      "date": "2025-09-30T00:00:00",
      "quarter_label": "2025-09 (Q3)",
      "revenue": 171912000,
      "gross_profit": 60424000,
      "operating_income": 6693000,
      "net_income": -1189000,
      "opex": 53731000,
      "cogs": 111488000,
      "rd": null,
      "sga": 35488000,
      "fcf": -22662000,
      "ocf": -22187000,
      "capex": -475000,
      "gross_margin": 0.3514821536600121,
      "op_margin": 0.038932709758481086,
      "fcf_margin": -0.1318232584112802,
      "incr_op_margin_yoy": 0.1610062893081761,
      "rev_growth_yoy": -0.06486724652817441,
      "rev_growth_yoy_accel": 0.004337785024915247,
      "op_leverage_ratio": Infinity,
      "fcf_margin_change": -0.19380472388275796
    }
  ],
  "signals": [
    {
      "quarter": "2025-09 (Q3)",
      "signal": "INCREMENTAL MARGIN (YoY)",
      "detail": "YoY Incr OPM: +16.1% vs year-ago OPM: +4.7%",
      "severity": "MEDIUM"
    },
    {
      "quarter": "2025-09 (Q3)",
      "signal": "OP MARGIN TURNED POSITIVE (QoQ)",
      "detail": "Op margin: -28.2% -> +3.9%",
      "severity": "HIGH"
    },
    {
      "quarter": "2025-06 (Q2)",
      "signal": "GROSS MARGIN INFLECTION",
      "detail": "GM: +37.7% -> +36.1% -> +38.6% (reversal +2.4%)",
      "severity": "MEDIUM"
    },
    {
      "quarter": "2025-06 (Q2)",
      "signal": "YoY REVENUE GROWTH DECELERATION",
      "detail": "YoY growth: -6.9% vs prior quarter YoY: -1.5% (decel: -5.4%)",
      "severity": "WARNING"
    },
    {
      "quarter": "2025-03 (Q1)",
      "signal": "YoY REVENUE GROWTH DECELERATION",
      "detail": "YoY growth: -1.5% vs prior quarter YoY: +5.9% (decel: -7.5%)",
      "severity": "WARNING"
    },
    {
      "quarter": "2025-03 (Q1)",
      "signal": "INCREMENTAL MARGIN (YoY)",
      "detail": "YoY Incr OPM: +33.9% vs year-ago OPM: +1.3%",
      "severity": "HIGH"
    },
    {
      "quarter": "2024-12 (Q4)",
      "signal": "FCF TURNED POSITIVE",
      "detail": "FCF margin: -12.6% -> +9.1%",
      "severity": "HIGH"
    },
    {
      "quarter": "2024-12 (Q4)",
      "signal": "YoY REVENUE GROWTH ACCELERATION",
      "detail": "YoY growth: +5.9% vs prior quarter YoY: -4.1% (accel: +10.0%)",
      "severity": "MEDIUM"
    },
    {
      "quarter": "2024-09 (Q3)",
      "signal": "OPERATING LEVERAGE",
      "detail": "Rev growth +29.8% vs OpEx growth +10.2% (leverage: 2.9x)",
      "severity": "MEDIUM"
    },
    {
      "quarter": "2024-09 (Q3)",
      "signal": "INCREMENTAL MARGIN (YoY)",
      "detail": "YoY Incr OPM: +63.8% vs year-ago OPM: +7.1%",
      "severity": "HIGH"
    },
    {
      "quarter": "2024-06 (Q2)",
      "signal": "INCREMENTAL MARGIN (YoY)",
      "detail": "YoY Incr OPM: +67.7% vs year-ago OPM: +3.0%",
      "severity": "HIGH"
    },
    {
      "quarter": "2024-03 (Q1)",
      "signal": "GROSS MARGIN INFLECTION",
      "detail": "GM: +37.0% -> +36.4% -> +40.5% (reversal +4.1%)",
      "severity": "MEDIUM"
    },
    {
      "quarter": "2024-03 (Q1)",
      "signal": "OP MARGIN TURNED POSITIVE (YoY)",
      "detail": "Op margin: -1.2% (year-ago) -> +1.3%",
      "severity": "HIGH"
    },
    {
      "quarter": "2023-12 (Q4)",
      "signal": "FCF TURNED POSITIVE",
      "detail": "FCF margin: -6.7% -> +18.9%",
      "severity": "HIGH"
    },
    {
      "quarter": "2023-12 (Q4)",
      "signal": "OPERATING LEVERAGE",
      "detail": "Rev growth +6.0% vs OpEx growth +1.4% (leverage: 4.4x)",
      "severity": "MEDIUM"
    },
    {
      "quarter": "2023-09 (Q3)",
      "signal": "OPERATING LEVERAGE",
      "detail": "Rev growth +30.9% vs OpEx growth +11.1% (leverage: 2.8x)",
      "severity": "MEDIUM"
    },
    {
      "quarter": "2023-09 (Q3)",
      "signal": "YoY REVENUE GROWTH ACCELERATION",
      "detail": "YoY growth: +2.7% vs prior quarter YoY: -3.2% (accel: +5.9%)",
      "severity": "MEDIUM"
    },
    {
      "quarter": "2023-09 (Q3)",
      "signal": "INCREMENTAL MARGIN (YoY)",
      "detail": "YoY Incr OPM: +118.6% vs year-ago OPM: +4.1%",
      "severity": "HIGH"
    },
    {
      "quarter": "2023-06 (Q2)",
      "signal": "YoY REVENUE GROWTH ACCELERATION",
      "detail": "YoY growth: -3.2% vs prior quarter YoY: -20.4% (accel: +17.2%)",
      "severity": "HIGH"
    },
    {
      "quarter": "2023-06 (Q2)",
      "signal": "OP MARGIN TURNED POSITIVE (YoY)",
      "detail": "Op margin: -0.3% (year-ago) -> +3.0%",
      "severity": "HIGH"
    },
    {
      "quarter": "2023-06 (Q2)",
      "signal": "OP MARGIN TURNED POSITIVE (QoQ)",
      "detail": "Op margin: -1.2% -> +3.0%",
      "severity": "HIGH"
    },
    {
      "quarter": "2022-12 (Q4)",
      "signal": "FCF TURNED POSITIVE",
      "detail": "FCF margin: -6.3% -> +21.0%",
      "severity": "HIGH"
    },
    {
      "quarter": "2022-12 (Q4)",
      "signal": "OPERATING LEVERAGE",
      "detail": "Rev growth +11.0% vs OpEx growth +2.0% (leverage: 5.4x)",
      "severity": "MEDIUM"
    },
    {
      "quarter": "2022-09 (Q3)",
      "signal": "FCF MARGIN EXPANSION",
      "detail": "FCF margin: -15.4% -> -6.3% (+9.2%)",
      "severity": "MEDIUM"
    },
    {
      "quarter": "2022-09 (Q3)",
      "signal": "OPERATING LEVERAGE",
      "detail": "Rev growth +23.3% vs OpEx growth +8.3% (leverage: 2.8x)",
      "severity": "MEDIUM"
    },
    {
      "quarter": "2022-09 (Q3)",
      "signal": "INCREMENTAL MARGIN (YoY)",
      "detail": "YoY Incr OPM: +36.9% vs year-ago OPM: +9.6%",
      "severity": "HIGH"
    },
    {
      "quarter": "2022-09 (Q3)",
      "signal": "OP MARGIN TURNED POSITIVE (QoQ)",
      "detail": "Op margin: -0.3% -> +4.1%",
      "severity": "HIGH"
    },
    {
      "quarter": "2022-06 (Q2)",
      "signal": "YoY REVENUE GROWTH DECELERATION",
      "detail": "YoY growth: -18.9% vs prior quarter YoY: -6.6% (decel: -12.3%)",
      "severity": "WARNING"
    },
    {
      "quarter": "2022-03 (Q1)",
      "signal": "YoY REVENUE GROWTH DECELERATION",
      "detail": "YoY growth: -6.6% vs prior quarter YoY: +2.7% (decel: -9.3%)",
      "severity": "WARNING"
    },
    {
      "quarter": "2022-03 (Q1)",
      "signal": "INCREMENTAL MARGIN (YoY)",
      "detail": "YoY Incr OPM: +37.8% vs year-ago OPM: +4.7%",
      "severity": "HIGH"
    },
    {
      "quarter": "2021-12 (Q4)",
      "signal": "FCF TURNED POSITIVE",
      "detail": "FCF margin: -12.6% -> +8.5%",
      "severity": "HIGH"
    },
    {
      "quarter": "2021-09 (Q3)",
      "signal": "OPERATING LEVERAGE",
      "detail": "Rev growth +20.4% vs OpEx growth +11.4% (leverage: 1.8x)",
      "severity": "MEDIUM"
    },
    {
      "quarter": "2021-03 (Q1)",
      "signal": "FCF TURNED POSITIVE",
      "detail": "FCF margin: -1.9% -> +18.2%",
      "severity": "HIGH"
    }
  ],
  "data_quality": {
    "n_quarters": 20,
    "coverage": {
      "revenue": [
        20,
        20
      ],
      "gross_profit": [
        20,
        20
      ],
      "op_income": [
        20,
        20
      ],
      "fcf": [
        20,
        20
      ]
    },
    "gaps": [],
    "warnings": []
  },
  "market_cap": null,
  "source": "SEC EDGAR",
  "last_updated": "2026-02-02T23:26:20.167932",
  "sector": "Consumer Cyclical",
  "industry": "Furnishings, Fixtures & Appliances"
}