{
  "ticker": "LDWY",
  "name": "Lendway, Inc.",
  "quarters": [
    {
      "date": "2020-06-30T00:00:00",
      "quarter_label": "2020-06 (Q2)",
      "revenue": 3388000,
      "gross_profit": 373000,
      "operating_income": null,
      "net_income": -1772000,
      "opex": 2150000,
      "cogs": 208000,
      "rd": null,
      "sga": null,
      "fcf": null,
      "ocf": null,
      "capex": null,
      "gross_margin": 0.11009445100354191,
      "op_margin": null,
      "fcf_margin": null
    },
    {
      "date": "2020-09-30T00:00:00",
      "quarter_label": "2020-09 (Q3)",
      "revenue": 4491000,
      "gross_profit": 615000,
      "operating_income": -792000,
      "net_income": -794000,
      "opex": 1407000,
      "cogs": 112000,
      "rd": null,
      "sga": null,
      "fcf": null,
      "ocf": null,
      "capex": null,
      "gross_margin": 0.13694054776219106,
      "op_margin": -0.17635270541082165,
      "fcf_margin": null,
      "op_leverage_ratio": Infinity
    },
    {
      "date": "2020-12-31T00:00:00",
      "quarter_label": "2020-12 (Q4)",
      "revenue": 5054000,
      "gross_profit": 1032000,
      "operating_income": -990000,
      "net_income": -961000,
      "opex": 2022000,
      "cogs": 41000,
      "rd": null,
      "sga": null,
      "fcf": 62000,
      "ocf": 67000,
      "capex": -5000,
      "gross_margin": 0.20419469726948952,
      "op_margin": -0.1958844479620103,
      "fcf_margin": 0.01226751088246933,
      "op_leverage_ratio": 0.2868034171323677
    },
    {
      "date": "2021-03-31T00:00:00",
      "quarter_label": "2021-03 (Q1)",
      "revenue": 5419000,
      "gross_profit": 962000,
      "operating_income": -1708000,
      "net_income": -659000,
      "opex": 2670000,
      "cogs": 0,
      "rd": null,
      "sga": null,
      "fcf": -332000,
      "ocf": -303000,
      "capex": -29000,
      "gross_margin": 0.17752352832625945,
      "op_margin": -0.3151873039306145,
      "fcf_margin": -0.06126591622070493,
      "op_leverage_ratio": 0.22535322223687873,
      "fcf_margin_change": -0.07353342710317426
    },
    {
      "date": "2021-06-30T00:00:00",
      "quarter_label": "2021-06 (Q2)",
      "revenue": 6096000,
      "gross_profit": 1208000,
      "operating_income": -853000,
      "net_income": -894000,
      "opex": 2061000,
      "cogs": 0,
      "rd": null,
      "sga": null,
      "fcf": -851000,
      "ocf": -848000,
      "capex": -3000,
      "gross_margin": 0.19816272965879264,
      "op_margin": -0.1399278215223097,
      "fcf_margin": -0.1395997375328084,
      "rev_growth_yoy": 0.7992916174734357,
      "op_leverage_ratio": Infinity,
      "fcf_margin_change": -0.07833382131210348
    },
    {
      "date": "2021-09-30T00:00:00",
      "quarter_label": "2021-09 (Q3)",
      "revenue": 3493000,
      "gross_profit": 545000,
      "operating_income": -925000,
      "net_income": -921000,
      "opex": 1470000,
      "cogs": 0,
      "rd": null,
      "sga": null,
      "fcf": -2221000,
      "ocf": -2172000,
      "capex": -49000,
      "gross_margin": 0.15602633839106786,
      "op_margin": -0.2648153449756656,
      "fcf_margin": -0.6358431148010306,
      "rev_growth_yoy": -0.2222222222222222,
      "rev_growth_yoy_accel": -1.021513839695658,
      "fcf_margin_change": -0.4962433772682222
    },
    {
      "date": "2021-12-31T00:00:00",
      "quarter_label": "2021-12 (Q4)",
      "revenue": 4528000,
      "gross_profit": 548000,
      "operating_income": -1254000,
      "net_income": -982000,
      "opex": 1802000,
      "cogs": 0,
      "rd": null,
      "sga": null,
      "fcf": 298000,
      "ocf": 323000,
      "capex": -25000,
      "gross_margin": 0.12102473498233215,
      "op_margin": -0.2769434628975265,
      "fcf_margin": 0.06581272084805653,
      "rev_growth_yoy": -0.10407597942223981,
      "rev_growth_yoy_accel": 0.1181462427999824,
      "op_leverage_ratio": 1.3119612719414733,
      "fcf_margin_change": 0.7016558356490872
    },
    {
      "date": "2022-03-31T00:00:00",
      "quarter_label": "2022-03 (Q1)",
      "revenue": 6148000,
      "gross_profit": 1280000,
      "operating_income": 73000,
      "net_income": 62000,
      "opex": 1207000,
      "cogs": 4868000,
      "rd": null,
      "sga": null,
      "fcf": -3398000,
      "ocf": -3380000,
      "capex": -18000,
      "gross_margin": 0.20819778789850357,
      "op_margin": 0.011873780091086533,
      "fcf_margin": -0.5527000650618087,
      "rev_growth_yoy": 0.13452666543642738,
      "rev_growth_yoy_accel": 0.2386026448586672,
      "op_leverage_ratio": Infinity,
      "fcf_margin_change": -0.6185127859098652
    },
    {
      "date": "2022-06-30T00:00:00",
      "quarter_label": "2022-06 (Q2)",
      "revenue": 3254000,
      "gross_profit": 416000,
      "operating_income": -1101000,
      "net_income": -1084000,
      "opex": 1517000,
      "cogs": 2838000,
      "rd": null,
      "sga": null,
      "fcf": 1895000,
      "ocf": 1905000,
      "capex": -10000,
      "gross_margin": 0.12784265519360788,
      "op_margin": -0.33835279655808237,
      "fcf_margin": 0.582360172095882,
      "incr_op_margin_yoy": 0.08726249120337791,
      "rev_growth_yoy": -0.46620734908136485,
      "rev_growth_yoy_accel": -0.6007340145177922,
      "fcf_margin_change": 1.1350602371576906
    },
    {
      "date": "2022-09-30T00:00:00",
      "quarter_label": "2022-09 (Q3)",
      "revenue": 4869000,
      "gross_profit": 838000,
      "operating_income": 11539000,
      "net_income": 11801000,
      "opex": 1299000,
      "cogs": 4031000,
      "rd": null,
      "sga": null,
      "fcf": 11891000,
      "ocf": 11863000,
      "capex": 28000,
      "gross_margin": 0.1721092626822756,
      "op_margin": 2.369891148079688,
      "fcf_margin": 2.4421852536455124,
      "incr_op_margin_yoy": 9.05813953488372,
      "rev_growth_yoy": 0.39393071858001716,
      "rev_growth_yoy_accel": 0.860138067661382,
      "op_leverage_ratio": Infinity,
      "fcf_margin_change": 1.8598250815496304
    },
    {
      "date": "2022-12-31T00:00:00",
      "quarter_label": "2022-12 (Q4)",
      "revenue": 4529000,
      "gross_profit": 767000,
      "operating_income": -905000,
      "net_income": -733000,
      "opex": 1672000,
      "cogs": 3762000,
      "rd": null,
      "sga": null,
      "fcf": 275000,
      "ocf": 275000,
      "capex": null,
      "gross_margin": 0.16935305807021417,
      "op_margin": -0.1998233605652462,
      "fcf_margin": 0.06071980569662177,
      "rev_growth_yoy": 0.00022084805653710247,
      "rev_growth_yoy_accel": -0.39370987052348005,
      "fcf_margin_change": -2.381465447948891
    },
    {
      "date": "2023-03-31T00:00:00",
      "quarter_label": "2023-03 (Q1)",
      "revenue": 12831000,
      "gross_profit": 2920000,
      "operating_income": 1539000,
      "net_income": 1648000,
      "opex": 1381000,
      "cogs": 9911000,
      "rd": null,
      "sga": null,
      "fcf": -3852000,
      "ocf": -3846000,
      "capex": -6000,
      "gross_margin": 0.2275738445951212,
      "op_margin": 0.1199438859013327,
      "fcf_margin": -0.30021042787000235,
      "incr_op_margin_yoy": 0.21936256172377674,
      "rev_growth_yoy": 1.0870201691607027,
      "rev_growth_yoy_accel": 1.0867993211041655,
      "op_leverage_ratio": Infinity,
      "fcf_margin_change": -0.3609302335666241
    },
    {
      "date": "2023-06-30T00:00:00",
      "quarter_label": "2023-06 (Q2)",
      "revenue": 6211000,
      "gross_profit": 1623000,
      "operating_income": -167000,
      "net_income": -36000,
      "opex": 1790000,
      "cogs": 4588000,
      "rd": null,
      "sga": null,
      "fcf": 824000,
      "ocf": 837000,
      "capex": -13000,
      "gross_margin": 0.2613105780067622,
      "op_margin": -0.026887779745612624,
      "fcf_margin": 0.13266784736757367,
      "incr_op_margin_yoy": 0.3158606695975651,
      "rev_growth_yoy": 0.9087277197295636,
      "rev_growth_yoy_accel": -0.1782924494311391,
      "fcf_margin_change": 0.43287827523757605
    },
    {
      "date": "2023-09-30T00:00:00",
      "quarter_label": "2023-09 (Q3)",
      "revenue": 0,
      "gross_profit": 0,
      "operating_income": -1633000,
      "net_income": 1126000,
      "opex": 1633000,
      "cogs": 0,
      "rd": null,
      "sga": null,
      "fcf": 2414000,
      "ocf": 2419000,
      "capex": -5000,
      "gross_margin": null,
      "op_margin": null,
      "fcf_margin": null,
      "incr_op_margin_yoy": 2.7052782912302322,
      "rev_growth_yoy": -1.0,
      "rev_growth_yoy_accel": -1.9087277197295636
    },
    {
      "date": "2024-03-31T00:00:00",
      "quarter_label": "2024-03 (Q1)",
      "revenue": 8033000,
      "gross_profit": 1894000,
      "operating_income": -1494000,
      "net_income": -1264000,
      "opex": 3388000,
      "cogs": 6139000,
      "rd": null,
      "sga": 3388000,
      "fcf": 1240000,
      "ocf": 1470000,
      "capex": -230000,
      "gross_margin": 0.2357774181501307,
      "op_margin": -0.18598282086393628,
      "fcf_margin": 0.1543632515872028,
      "incr_op_margin_yoy": 0.6321383909962485,
      "rev_growth_yoy": -0.3739381186189697,
      "rev_growth_yoy_accel": 0.6260618813810304
    },
    {
      "date": "2024-06-30T00:00:00",
      "quarter_label": "2024-06 (Q2)",
      "revenue": 16780000,
      "gross_profit": 3977000,
      "operating_income": -118000,
      "net_income": -817000,
      "opex": 4095000,
      "cogs": 12803000,
      "rd": null,
      "sga": null,
      "fcf": 3241000,
      "ocf": 3512000,
      "capex": -271000,
      "gross_margin": 0.23700834326579262,
      "op_margin": -0.007032181168057211,
      "fcf_margin": 0.19314660309892728,
      "incr_op_margin_yoy": 0.0046362002081559274,
      "rev_growth_yoy": 1.7016583480920946,
      "rev_growth_yoy_accel": 2.0755964667110645,
      "op_leverage_ratio": 5.218015290885494,
      "fcf_margin_change": 0.03878335151172449
    },
    {
      "date": "2024-09-30T00:00:00",
      "quarter_label": "2024-09 (Q3)",
      "revenue": 6628000,
      "gross_profit": 1440000,
      "operating_income": -1351000,
      "net_income": -1392000,
      "opex": 2791000,
      "cogs": 5188000,
      "rd": null,
      "sga": 2791000,
      "fcf": -7602000,
      "ocf": -7555000,
      "capex": -47000,
      "gross_margin": 0.21726010863005432,
      "op_margin": -0.20383222691611347,
      "fcf_margin": -1.1469523234761618,
      "incr_op_margin_yoy": 0.04254677127338564,
      "fcf_margin_change": -1.3400989265750891
    },
    {
      "date": "2024-12-31T00:00:00",
      "quarter_label": "2024-12 (Q4)",
      "revenue": 6192000,
      "gross_profit": -582000,
      "operating_income": -3888000,
      "net_income": null,
      "opex": 3306000,
      "cogs": 6774000,
      "rd": null,
      "sga": null,
      "fcf": -1945000,
      "ocf": -1479000,
      "capex": -466000,
      "gross_margin": -0.0939922480620155,
      "op_margin": -0.627906976744186,
      "fcf_margin": -0.3141149870801034,
      "fcf_margin_change": 0.8328373363960584
    },
    {
      "date": "2025-03-31T00:00:00",
      "quarter_label": "2025-03 (Q1)",
      "revenue": 12443000,
      "gross_profit": 3889000,
      "operating_income": 1432000,
      "net_income": 449000,
      "opex": 2457000,
      "cogs": 8554000,
      "rd": null,
      "sga": 2457000,
      "fcf": 1669000,
      "ocf": 1737000,
      "capex": -68000,
      "gross_margin": 0.31254520613999837,
      "op_margin": 0.11508478662701921,
      "fcf_margin": 0.1341316402796753,
      "incr_op_margin_yoy": 0.6634920634920635,
      "rev_growth_yoy": 0.5489854350802937,
      "op_leverage_ratio": Infinity,
      "fcf_margin_change": 0.4482466273597787
    },
    {
      "date": "2025-09-30T00:00:00",
      "quarter_label": "2025-09 (Q3)",
      "revenue": 5153000,
      "gross_profit": -60000,
      "operating_income": -3043000,
      "net_income": -2854000,
      "opex": 2983000,
      "cogs": 5213000,
      "rd": null,
      "sga": 2983000,
      "fcf": -9973000,
      "ocf": -9927000,
      "capex": -46000,
      "gross_margin": -0.011643702697457792,
      "op_margin": -0.5905297884727343,
      "fcf_margin": -1.9353774500291092,
      "incr_op_margin_yoy": 1.1471186440677965,
      "rev_growth_yoy": -0.22254073627036813,
      "rev_growth_yoy_accel": -0.7715261713506618,
      "fcf_margin_change": -2.0695090903087845
    }
  ],
  "signals": [
    {
      "quarter": "2025-09 (Q3)",
      "signal": "YoY REVENUE GROWTH DECELERATION",
      "detail": "YoY growth: -22.3% vs prior quarter YoY: +54.9% (decel: -77.2%)",
      "severity": "WARNING"
    },
    {
      "quarter": "2025-03 (Q1)",
      "signal": "FCF TURNED POSITIVE",
      "detail": "FCF margin: -31.4% -> +13.4%",
      "severity": "HIGH"
    },
    {
      "quarter": "2025-03 (Q1)",
      "signal": "GROSS MARGIN INFLECTION",
      "detail": "GM: +21.7% -> -9.4% -> +31.3% (reversal +40.7%)",
      "severity": "HIGH"
    },
    {
      "quarter": "2025-03 (Q1)",
      "signal": "OP MARGIN TURNED POSITIVE (YoY)",
      "detail": "Op margin: -18.6% (year-ago) -> +11.5%",
      "severity": "HIGH"
    },
    {
      "quarter": "2025-03 (Q1)",
      "signal": "OP MARGIN TURNED POSITIVE (QoQ)",
      "detail": "Op margin: -62.8% -> +11.5%",
      "severity": "HIGH"
    },
    {
      "quarter": "2024-12 (Q4)",
      "signal": "FCF MARGIN EXPANSION",
      "detail": "FCF margin: -114.7% -> -31.4% (+83.3%)",
      "severity": "MEDIUM"
    },
    {
      "quarter": "2024-06 (Q2)",
      "signal": "OPERATING LEVERAGE",
      "detail": "Rev growth +108.9% vs OpEx growth +20.9% (leverage: 5.2x)",
      "severity": "MEDIUM"
    },
    {
      "quarter": "2024-06 (Q2)",
      "signal": "YoY REVENUE GROWTH ACCELERATION",
      "detail": "YoY growth: +170.2% vs prior quarter YoY: -37.4% (accel: +207.6%)",
      "severity": "HIGH"
    },
    {
      "quarter": "2024-03 (Q1)",
      "signal": "YoY REVENUE GROWTH ACCELERATION",
      "detail": "YoY growth: -37.4% vs prior quarter YoY: -100.0% (accel: +62.6%)",
      "severity": "HIGH"
    },
    {
      "quarter": "2023-09 (Q3)",
      "signal": "YoY REVENUE GROWTH DECELERATION",
      "detail": "YoY growth: -100.0% vs prior quarter YoY: +90.9% (decel: -190.9%)",
      "severity": "WARNING"
    },
    {
      "quarter": "2023-06 (Q2)",
      "signal": "FCF TURNED POSITIVE",
      "detail": "FCF margin: -30.0% -> +13.3%",
      "severity": "HIGH"
    },
    {
      "quarter": "2023-06 (Q2)",
      "signal": "YoY REVENUE GROWTH DECELERATION",
      "detail": "YoY growth: +90.9% vs prior quarter YoY: +108.7% (decel: -17.8%)",
      "severity": "WARNING"
    },
    {
      "quarter": "2023-03 (Q1)",
      "signal": "GROSS MARGIN INFLECTION",
      "detail": "GM: +17.2% -> +16.9% -> +22.8% (reversal +5.8%)",
      "severity": "HIGH"
    },
    {
      "quarter": "2023-03 (Q1)",
      "signal": "YoY REVENUE GROWTH ACCELERATION",
      "detail": "YoY growth: +108.7% vs prior quarter YoY: +0.0% (accel: +108.7%)",
      "severity": "HIGH"
    },
    {
      "quarter": "2023-03 (Q1)",
      "signal": "INCREMENTAL MARGIN (YoY)",
      "detail": "YoY Incr OPM: +21.9% vs year-ago OPM: +1.2%",
      "severity": "HIGH"
    },
    {
      "quarter": "2023-03 (Q1)",
      "signal": "OP MARGIN TURNED POSITIVE (QoQ)",
      "detail": "Op margin: -20.0% -> +12.0%",
      "severity": "HIGH"
    },
    {
      "quarter": "2022-12 (Q4)",
      "signal": "YoY REVENUE GROWTH DECELERATION",
      "detail": "YoY growth: +0.0% vs prior quarter YoY: +39.4% (decel: -39.4%)",
      "severity": "WARNING"
    },
    {
      "quarter": "2022-09 (Q3)",
      "signal": "FCF MARGIN EXPANSION",
      "detail": "FCF margin: +58.2% -> +244.2% (+186.0%)",
      "severity": "MEDIUM"
    },
    {
      "quarter": "2022-09 (Q3)",
      "signal": "GROSS MARGIN INFLECTION",
      "detail": "GM: +20.8% -> +12.8% -> +17.2% (reversal +4.4%)",
      "severity": "MEDIUM"
    },
    {
      "quarter": "2022-09 (Q3)",
      "signal": "YoY REVENUE GROWTH ACCELERATION",
      "detail": "YoY growth: +39.4% vs prior quarter YoY: -46.6% (accel: +86.0%)",
      "severity": "HIGH"
    },
    {
      "quarter": "2022-09 (Q3)",
      "signal": "OP MARGIN TURNED POSITIVE (YoY)",
      "detail": "Op margin: -26.5% (year-ago) -> +237.0%",
      "severity": "HIGH"
    },
    {
      "quarter": "2022-09 (Q3)",
      "signal": "OP MARGIN TURNED POSITIVE (QoQ)",
      "detail": "Op margin: -33.8% -> +237.0%",
      "severity": "HIGH"
    },
    {
      "quarter": "2022-06 (Q2)",
      "signal": "FCF TURNED POSITIVE",
      "detail": "FCF margin: -55.3% -> +58.2%",
      "severity": "HIGH"
    },
    {
      "quarter": "2022-06 (Q2)",
      "signal": "YoY REVENUE GROWTH DECELERATION",
      "detail": "YoY growth: -46.6% vs prior quarter YoY: +13.5% (decel: -60.1%)",
      "severity": "WARNING"
    },
    {
      "quarter": "2022-03 (Q1)",
      "signal": "GROSS MARGIN INFLECTION",
      "detail": "GM: +15.6% -> +12.1% -> +20.8% (reversal +8.7%)",
      "severity": "HIGH"
    },
    {
      "quarter": "2022-03 (Q1)",
      "signal": "YoY REVENUE GROWTH ACCELERATION",
      "detail": "YoY growth: +13.5% vs prior quarter YoY: -10.4% (accel: +23.9%)",
      "severity": "HIGH"
    },
    {
      "quarter": "2022-03 (Q1)",
      "signal": "OP MARGIN TURNED POSITIVE (YoY)",
      "detail": "Op margin: -31.5% (year-ago) -> +1.2%",
      "severity": "HIGH"
    },
    {
      "quarter": "2022-03 (Q1)",
      "signal": "OP MARGIN TURNED POSITIVE (QoQ)",
      "detail": "Op margin: -27.7% -> +1.2%",
      "severity": "HIGH"
    },
    {
      "quarter": "2021-12 (Q4)",
      "signal": "FCF TURNED POSITIVE",
      "detail": "FCF margin: -63.6% -> +6.6%",
      "severity": "HIGH"
    },
    {
      "quarter": "2021-12 (Q4)",
      "signal": "YoY REVENUE GROWTH ACCELERATION",
      "detail": "YoY growth: -10.4% vs prior quarter YoY: -22.2% (accel: +11.8%)",
      "severity": "MEDIUM"
    },
    {
      "quarter": "2021-09 (Q3)",
      "signal": "YoY REVENUE GROWTH DECELERATION",
      "detail": "YoY growth: -22.2% vs prior quarter YoY: +79.9% (decel: -102.2%)",
      "severity": "WARNING"
    },
    {
      "quarter": "2021-06 (Q2)",
      "signal": "GROSS MARGIN INFLECTION",
      "detail": "GM: +20.4% -> +17.8% -> +19.8% (reversal +2.1%)",
      "severity": "MEDIUM"
    }
  ],
  "data_quality": {
    "n_quarters": 20,
    "coverage": {
      "revenue": [
        20,
        20
      ],
      "gross_profit": [
        20,
        20
      ],
      "op_income": [
        19,
        20
      ],
      "fcf": [
        18,
        20
      ]
    },
    "gaps": [
      [
        "2023-09 (Q3)",
        "2024-03 (Q1)",
        183
      ],
      [
        "2025-03 (Q1)",
        "2025-09 (Q3)",
        183
      ]
    ],
    "warnings": [
      "gap: 1Q missing between 2023-09 (Q3) and 2024-03 (Q1)",
      "gap: 1Q missing between 2025-03 (Q1) and 2025-09 (Q3)"
    ]
  },
  "market_cap": null,
  "source": "SEC EDGAR",
  "last_updated": "2026-02-03T00:15:03.659378"
}