{
  "ticker": "LE",
  "name": "LANDS\u2019 END, INC.",
  "quarters": [
    {
      "date": "2021-01-29T00:00:00",
      "quarter_label": "2021-01 (Q1)",
      "revenue": 538375000,
      "gross_profit": 212821000,
      "operating_income": 35978000,
      "net_income": 19927000,
      "opex": 176843000,
      "cogs": 325554000,
      "rd": null,
      "sga": 166733000,
      "fcf": 113186000,
      "ocf": 117697000,
      "capex": -4511000,
      "gross_margin": 0.3953025307638728,
      "op_margin": 0.06682702577199907,
      "fcf_margin": 0.21023635941490595
    },
    {
      "date": "2021-04-30T00:00:00",
      "quarter_label": "2021-04 (Q2)",
      "revenue": 321297000,
      "gross_profit": 147737000,
      "operating_income": 11868000,
      "net_income": 2639000,
      "opex": 135869000,
      "cogs": 173560000,
      "rd": null,
      "sga": 125522000,
      "fcf": -43644000,
      "ocf": -38702000,
      "capex": -4942000,
      "gross_margin": 0.4598144395994983,
      "op_margin": 0.03693778653395457,
      "fcf_margin": -0.1358369359191029,
      "fcf_margin_change": -0.3460732953340089
    },
    {
      "date": "2021-07-30T00:00:00",
      "quarter_label": "2021-07 (Q3)",
      "revenue": 384109000,
      "gross_profit": 177789000,
      "operating_income": 31349000,
      "net_income": 16221000,
      "opex": 146440000,
      "cogs": 206320000,
      "rd": null,
      "sga": 136649000,
      "fcf": 62208000,
      "ocf": 69227000,
      "capex": -7019000,
      "gross_margin": 0.4628608025326144,
      "op_margin": 0.08161485411693035,
      "fcf_margin": 0.1619540286741524,
      "op_leverage_ratio": 2.5126977894572824,
      "fcf_margin_change": 0.29779096459325527
    },
    {
      "date": "2021-10-29T00:00:00",
      "quarter_label": "2021-10 (Q4)",
      "revenue": 375843000,
      "gross_profit": 166815000,
      "operating_income": 19479000,
      "net_income": 7399000,
      "opex": 147336000,
      "cogs": 209028000,
      "rd": null,
      "sga": 137408000,
      "fcf": -43657000,
      "ocf": -36879000,
      "capex": -6778000,
      "gross_margin": 0.44384224263854855,
      "op_margin": 0.05182749179843711,
      "fcf_margin": -0.11615754450661579,
      "fcf_margin_change": -0.2781115731807682
    },
    {
      "date": "2022-01-28T00:00:00",
      "quarter_label": "2022-01 (Q1)",
      "revenue": 555375000,
      "gross_profit": 199119000,
      "operating_income": 17090000,
      "net_income": 7110000,
      "opex": 182029000,
      "cogs": 356256000,
      "rd": null,
      "sga": 172188000,
      "fcf": 70424000,
      "ocf": 76923000,
      "capex": -6499000,
      "gross_margin": 0.35853072248480755,
      "op_margin": 0.030772000900292595,
      "fcf_margin": 0.12680441143371596,
      "incr_op_margin_yoy": -1.1110588235294117,
      "rev_growth_yoy": 0.03157650336661249,
      "op_leverage_ratio": 2.028628030087536,
      "fcf_margin_change": 0.24296195594033176
    },
    {
      "date": "2022-04-29T00:00:00",
      "quarter_label": "2022-04 (Q2)",
      "revenue": 303665000,
      "gross_profit": 129175000,
      "operating_income": 3898000,
      "net_income": -2371000,
      "opex": 125277000,
      "cogs": 174490000,
      "rd": null,
      "sga": 115693000,
      "fcf": -129375000,
      "ocf": -122410000,
      "capex": -6965000,
      "gross_margin": 0.42538652791727727,
      "op_margin": 0.012836513921591228,
      "fcf_margin": -0.4260451484365995,
      "incr_op_margin_yoy": 0.45201905626134303,
      "rev_growth_yoy": -0.05487757433153749,
      "rev_growth_yoy_accel": -0.08645407769814997,
      "fcf_margin_change": -0.5528495598703155
    },
    {
      "date": "2022-07-29T00:00:00",
      "quarter_label": "2022-07 (Q3)",
      "revenue": 351178000,
      "gross_profit": 144037000,
      "operating_income": 5542000,
      "net_income": -2179000,
      "opex": 138495000,
      "cogs": 207141000,
      "rd": null,
      "sga": 128573000,
      "fcf": -3013000,
      "ocf": 4885000,
      "capex": -7898000,
      "gross_margin": 0.41015382512571974,
      "op_margin": 0.015781170802271212,
      "fcf_margin": -0.00857969462779559,
      "incr_op_margin_yoy": 0.7836688834229146,
      "rev_growth_yoy": -0.08573347669541719,
      "rev_growth_yoy_accel": -0.030855902363879695,
      "op_leverage_ratio": 1.4829390842016215,
      "fcf_margin_change": 0.41746545380880395
    },
    {
      "date": "2022-10-28T00:00:00",
      "quarter_label": "2022-10 (Q4)",
      "revenue": 370983000,
      "gross_profit": 148410000,
      "operating_income": 2746000,
      "net_income": -4682000,
      "opex": 145664000,
      "cogs": 222573000,
      "rd": null,
      "sga": 132807000,
      "fcf": -14151000,
      "ocf": -8470000,
      "capex": -5681000,
      "gross_margin": 0.4000452850939261,
      "op_margin": 0.007401956423879261,
      "fcf_margin": -0.03814460500885485,
      "incr_op_margin_yoy": 3.4430041152263375,
      "rev_growth_yoy": -0.01293093126651288,
      "rev_growth_yoy_accel": 0.07280254542890431,
      "op_leverage_ratio": 1.0894895269739011,
      "fcf_margin_change": -0.02956491038105926
    },
    {
      "date": "2023-01-27T00:00:00",
      "quarter_label": "2023-01 (Q1)",
      "revenue": 282984000,
      "gross_profit": 172144000,
      "operating_income": 12540000,
      "net_income": -3298000,
      "opex": 159604000,
      "cogs": 357459000,
      "rd": null,
      "sga": 150300000,
      "fcf": 78366000,
      "ocf": 89628000,
      "capex": -11262000,
      "gross_margin": 0.6083170779973426,
      "op_margin": 0.04431345941820032,
      "fcf_margin": 0.2769273174455093,
      "incr_op_margin_yoy": 0.016703929278133273,
      "rev_growth_yoy": -0.49046320054017556,
      "rev_growth_yoy_accel": -0.47753226927366266,
      "fcf_margin_change": 0.31507192245436416
    },
    {
      "date": "2023-04-28T00:00:00",
      "quarter_label": "2023-04 (Q2)",
      "revenue": 309558000,
      "gross_profit": 137937000,
      "operating_income": 9920000,
      "net_income": -1652000,
      "opex": 128017000,
      "cogs": 171621000,
      "rd": null,
      "sga": 118514000,
      "fcf": -23139000,
      "ocf": -10755000,
      "capex": -12384000,
      "gross_margin": 0.4455933944527358,
      "op_margin": 0.03204569095290705,
      "fcf_margin": -0.07474851239509235,
      "incr_op_margin_yoy": 1.0218903784150688,
      "rev_growth_yoy": 0.019406253601830965,
      "rev_growth_yoy_accel": 0.5098694541420066,
      "op_leverage_ratio": Infinity,
      "fcf_margin_change": -0.35167582984060164
    },
    {
      "date": "2023-07-28T00:00:00",
      "quarter_label": "2023-07 (Q3)",
      "revenue": 323363000,
      "gross_profit": 139597000,
      "operating_income": 5798000,
      "net_income": -8018000,
      "opex": 133799000,
      "cogs": 183766000,
      "rd": null,
      "sga": 123866000,
      "fcf": 55104000,
      "ocf": 65582000,
      "capex": -10478000,
      "gross_margin": 0.4317036890429641,
      "op_margin": 0.017930313610400695,
      "fcf_margin": 0.1704091067932942,
      "incr_op_margin_yoy": -0.00920366708610462,
      "rev_growth_yoy": -0.07920484768408044,
      "rev_growth_yoy_accel": -0.09861110128591141,
      "op_leverage_ratio": 0.9873791156719364,
      "fcf_margin_change": 0.24515761918838658
    },
    {
      "date": "2023-10-27T00:00:00",
      "quarter_label": "2023-10 (Q4)",
      "revenue": 324735000,
      "gross_profit": 152593000,
      "operating_income": -101308000,
      "net_income": -112394000,
      "opex": 253901000,
      "cogs": 172142000,
      "rd": null,
      "sga": 135282000,
      "fcf": -23833000,
      "ocf": -18160000,
      "capex": -5673000,
      "gross_margin": 0.469900072366699,
      "op_margin": -0.3119712996751197,
      "fcf_margin": -0.07339215052273391,
      "incr_op_margin_yoy": 2.2499135097733958,
      "rev_growth_yoy": -0.12466339427952224,
      "rev_growth_yoy_accel": -0.045458546595441796,
      "fcf_margin_change": -0.24380125731602814
    },
    {
      "date": "2024-02-02T00:00:00",
      "quarter_label": "2024-02 (Q1)",
      "revenue": 335522000,
      "gross_profit": 195400000,
      "operating_income": 8075000,
      "net_income": -8620000,
      "opex": 187325000,
      "cogs": 319452000,
      "rd": null,
      "sga": 172549000,
      "fcf": 87517000,
      "ocf": 93898000,
      "capex": -6381000,
      "gross_margin": 0.5823761184065427,
      "op_margin": 0.024066976234047247,
      "fcf_margin": 0.26083833548917806,
      "incr_op_margin_yoy": -0.08498610529521489,
      "rev_growth_yoy": 0.18565713962626862,
      "rev_growth_yoy_accel": 0.31032053390579084,
      "op_leverage_ratio": Infinity,
      "fcf_margin_change": 0.33423048601191196
    },
    {
      "date": "2024-05-03T00:00:00",
      "quarter_label": "2024-05 (Q2)",
      "revenue": 228727000,
      "gross_profit": 138980000,
      "operating_income": 2233000,
      "net_income": -6442000,
      "opex": 136747000,
      "cogs": 146491000,
      "rd": null,
      "sga": 127401000,
      "fcf": -32551000,
      "ocf": -25815000,
      "capex": -6736000,
      "gross_margin": 0.6076239359585882,
      "op_margin": 0.009762730241729222,
      "fcf_margin": -0.14231376269526552,
      "incr_op_margin_yoy": 0.09509965236109909,
      "rev_growth_yoy": -0.2611174642554869,
      "rev_growth_yoy_accel": -0.4467746038817555,
      "fcf_margin_change": -0.4031520981844436
    },
    {
      "date": "2024-08-02T00:00:00",
      "quarter_label": "2024-08 (Q3)",
      "revenue": 270361000,
      "gross_profit": 151885000,
      "operating_income": 2486000,
      "net_income": -5251000,
      "opex": 149399000,
      "cogs": 165288000,
      "rd": null,
      "sga": 135510000,
      "fcf": 25990000,
      "ocf": 30724000,
      "capex": -4734000,
      "gross_margin": 0.5617859084705265,
      "op_margin": 0.009195113200498593,
      "fcf_margin": 0.09613072891430346,
      "incr_op_margin_yoy": 0.06248820799215124,
      "rev_growth_yoy": -0.1639086722970779,
      "rev_growth_yoy_accel": 0.09720879195840898,
      "op_leverage_ratio": 1.9673848750249532,
      "fcf_margin_change": 0.238444491609569
    },
    {
      "date": "2024-11-01T00:00:00",
      "quarter_label": "2024-11 (Q4)",
      "revenue": 273501000,
      "gross_profit": 161145000,
      "operating_income": 9287000,
      "net_income": -593000,
      "opex": 151858000,
      "cogs": 157483000,
      "rd": null,
      "sga": 140876000,
      "fcf": -27793000,
      "ocf": -17121000,
      "capex": -10672000,
      "gross_margin": 0.5891934581592023,
      "op_margin": 0.03395600016087692,
      "fcf_margin": -0.10161937250686469,
      "incr_op_margin_yoy": -2.1586251317484484,
      "rev_growth_yoy": -0.1577717215575777,
      "rev_growth_yoy_accel": 0.0061369507395001854,
      "op_leverage_ratio": 0.7056263103488766,
      "fcf_margin_change": -0.19775010142116817
    },
    {
      "date": "2025-01-31T00:00:00",
      "quarter_label": "2025-01 (Q1)",
      "revenue": 381853000,
      "gross_profit": 201335000,
      "operating_income": 36951000,
      "net_income": 18519000,
      "opex": 164384000,
      "cogs": 240328000,
      "rd": null,
      "sga": 158017000,
      "fcf": 49727000,
      "ocf": 65355000,
      "capex": -15628000,
      "gross_margin": 0.5272578714845765,
      "op_margin": 0.09676760428751378,
      "fcf_margin": 0.13022550562651072,
      "incr_op_margin_yoy": 0.6232544084953918,
      "rev_growth_yoy": 0.13808632518881028,
      "rev_growth_yoy_accel": 0.295858046746388,
      "op_leverage_ratio": 4.8028970979590095,
      "fcf_margin_change": 0.2318448781333754
    },
    {
      "date": "2025-05-02T00:00:00",
      "quarter_label": "2025-05 (Q2)",
      "revenue": 227752000,
      "gross_profit": 132726000,
      "operating_income": -2370000,
      "net_income": -8262000,
      "opex": 135096000,
      "cogs": 128482000,
      "rd": null,
      "sga": 123462000,
      "fcf": -30749000,
      "ocf": -22463000,
      "capex": -8286000,
      "gross_margin": 0.582765464189118,
      "op_margin": -0.010406055709719343,
      "fcf_margin": -0.13501088903719835,
      "rev_growth_yoy": -0.004262723683692787,
      "rev_growth_yoy_accel": -0.14234904887250308,
      "fcf_margin_change": -0.2652363946637091
    },
    {
      "date": "2025-08-01T00:00:00",
      "quarter_label": "2025-08 (Q3)",
      "revenue": 255254000,
      "gross_profit": 143418000,
      "operating_income": 3983000,
      "net_income": -3667000,
      "opex": 139435000,
      "cogs": 150661000,
      "rd": null,
      "sga": 129356000,
      "fcf": 14055000,
      "ocf": 22932000,
      "capex": -8877000,
      "gross_margin": 0.5618638689305554,
      "op_margin": 0.015604064970578325,
      "fcf_margin": 0.055062800191182114,
      "incr_op_margin_yoy": -0.09909313563248826,
      "rev_growth_yoy": -0.055877142043416025,
      "rev_growth_yoy_accel": -0.05161441835972324,
      "op_leverage_ratio": 3.759714943594797,
      "fcf_margin_change": 0.19007368922838047
    },
    {
      "date": "2025-10-31T00:00:00",
      "quarter_label": "2025-10 (Q4)",
      "revenue": 277453000,
      "gross_profit": 164474000,
      "operating_income": 16767000,
      "net_income": 5164000,
      "opex": 147707000,
      "cogs": 153013000,
      "rd": null,
      "sga": 138605000,
      "fcf": -22433000,
      "ocf": -15650000,
      "capex": -6783000,
      "gross_margin": 0.5927995011767759,
      "op_margin": 0.060431856927119186,
      "fcf_margin": -0.08085333371778283,
      "incr_op_margin_yoy": 1.8927125506072875,
      "rev_growth_yoy": 0.014449672944523055,
      "rev_growth_yoy_accel": 0.07032681498793908,
      "op_leverage_ratio": 1.4659600324114521,
      "fcf_margin_change": -0.13591613390896495
    }
  ],
  "signals": [
    {
      "quarter": "2025-10 (Q4)",
      "signal": "GROSS MARGIN INFLECTION",
      "detail": "GM: +58.3% -> +56.2% -> +59.3% (reversal +3.1%)",
      "severity": "MEDIUM"
    },
    {
      "quarter": "2025-10 (Q4)",
      "signal": "YoY REVENUE GROWTH ACCELERATION",
      "detail": "YoY growth: +1.4% vs prior quarter YoY: -5.6% (accel: +7.0%)",
      "severity": "MEDIUM"
    },
    {
      "quarter": "2025-10 (Q4)",
      "signal": "INCREMENTAL MARGIN (YoY)",
      "detail": "YoY Incr OPM: +189.3% vs year-ago OPM: +3.4%",
      "severity": "HIGH"
    },
    {
      "quarter": "2025-08 (Q3)",
      "signal": "FCF TURNED POSITIVE",
      "detail": "FCF margin: -13.5% -> +5.5%",
      "severity": "HIGH"
    },
    {
      "quarter": "2025-08 (Q3)",
      "signal": "OPERATING LEVERAGE",
      "detail": "Rev growth +12.1% vs OpEx growth +3.2% (leverage: 3.8x)",
      "severity": "MEDIUM"
    },
    {
      "quarter": "2025-08 (Q3)",
      "signal": "YoY REVENUE GROWTH DECELERATION",
      "detail": "YoY growth: -5.6% vs prior quarter YoY: -0.4% (decel: -5.2%)",
      "severity": "WARNING"
    },
    {
      "quarter": "2025-08 (Q3)",
      "signal": "OP MARGIN TURNED POSITIVE (QoQ)",
      "detail": "Op margin: -1.0% -> +1.6%",
      "severity": "HIGH"
    },
    {
      "quarter": "2025-05 (Q2)",
      "signal": "GROSS MARGIN INFLECTION",
      "detail": "GM: +58.9% -> +52.7% -> +58.3% (reversal +5.6%)",
      "severity": "HIGH"
    },
    {
      "quarter": "2025-05 (Q2)",
      "signal": "YoY REVENUE GROWTH DECELERATION",
      "detail": "YoY growth: -0.4% vs prior quarter YoY: +13.8% (decel: -14.2%)",
      "severity": "WARNING"
    },
    {
      "quarter": "2025-01 (Q1)",
      "signal": "FCF TURNED POSITIVE",
      "detail": "FCF margin: -10.2% -> +13.0%",
      "severity": "HIGH"
    },
    {
      "quarter": "2025-01 (Q1)",
      "signal": "OPERATING LEVERAGE",
      "detail": "Rev growth +39.6% vs OpEx growth +8.2% (leverage: 4.8x)",
      "severity": "MEDIUM"
    },
    {
      "quarter": "2025-01 (Q1)",
      "signal": "YoY REVENUE GROWTH ACCELERATION",
      "detail": "YoY growth: +13.8% vs prior quarter YoY: -15.8% (accel: +29.6%)",
      "severity": "HIGH"
    },
    {
      "quarter": "2025-01 (Q1)",
      "signal": "INCREMENTAL MARGIN (YoY)",
      "detail": "YoY Incr OPM: +62.3% vs year-ago OPM: +2.4%",
      "severity": "HIGH"
    },
    {
      "quarter": "2024-11 (Q4)",
      "signal": "GROSS MARGIN INFLECTION",
      "detail": "GM: +60.8% -> +56.2% -> +58.9% (reversal +2.7%)",
      "severity": "MEDIUM"
    },
    {
      "quarter": "2024-11 (Q4)",
      "signal": "OP MARGIN TURNED POSITIVE (YoY)",
      "detail": "Op margin: -31.2% (year-ago) -> +3.4%",
      "severity": "HIGH"
    },
    {
      "quarter": "2024-08 (Q3)",
      "signal": "FCF TURNED POSITIVE",
      "detail": "FCF margin: -14.2% -> +9.6%",
      "severity": "HIGH"
    },
    {
      "quarter": "2024-08 (Q3)",
      "signal": "OPERATING LEVERAGE",
      "detail": "Rev growth +18.2% vs OpEx growth +9.3% (leverage: 2.0x)",
      "severity": "MEDIUM"
    },
    {
      "quarter": "2024-08 (Q3)",
      "signal": "YoY REVENUE GROWTH ACCELERATION",
      "detail": "YoY growth: -16.4% vs prior quarter YoY: -26.1% (accel: +9.7%)",
      "severity": "MEDIUM"
    },
    {
      "quarter": "2024-05 (Q2)",
      "signal": "YoY REVENUE GROWTH DECELERATION",
      "detail": "YoY growth: -26.1% vs prior quarter YoY: +18.6% (decel: -44.7%)",
      "severity": "WARNING"
    },
    {
      "quarter": "2024-02 (Q1)",
      "signal": "FCF TURNED POSITIVE",
      "detail": "FCF margin: -7.3% -> +26.1%",
      "severity": "HIGH"
    },
    {
      "quarter": "2024-02 (Q1)",
      "signal": "YoY REVENUE GROWTH ACCELERATION",
      "detail": "YoY growth: +18.6% vs prior quarter YoY: -12.5% (accel: +31.0%)",
      "severity": "HIGH"
    },
    {
      "quarter": "2024-02 (Q1)",
      "signal": "OP MARGIN TURNED POSITIVE (QoQ)",
      "detail": "Op margin: -31.2% -> +2.4%",
      "severity": "HIGH"
    },
    {
      "quarter": "2023-10 (Q4)",
      "signal": "GROSS MARGIN INFLECTION",
      "detail": "GM: +44.6% -> +43.2% -> +47.0% (reversal +3.8%)",
      "severity": "MEDIUM"
    },
    {
      "quarter": "2023-07 (Q3)",
      "signal": "FCF TURNED POSITIVE",
      "detail": "FCF margin: -7.5% -> +17.0%",
      "severity": "HIGH"
    },
    {
      "quarter": "2023-07 (Q3)",
      "signal": "YoY REVENUE GROWTH DECELERATION",
      "detail": "YoY growth: -7.9% vs prior quarter YoY: +1.9% (decel: -9.9%)",
      "severity": "WARNING"
    },
    {
      "quarter": "2023-04 (Q2)",
      "signal": "YoY REVENUE GROWTH ACCELERATION",
      "detail": "YoY growth: +1.9% vs prior quarter YoY: -49.0% (accel: +51.0%)",
      "severity": "HIGH"
    },
    {
      "quarter": "2023-04 (Q2)",
      "signal": "INCREMENTAL MARGIN (YoY)",
      "detail": "YoY Incr OPM: +102.2% vs year-ago OPM: +1.3%",
      "severity": "HIGH"
    },
    {
      "quarter": "2023-01 (Q1)",
      "signal": "FCF TURNED POSITIVE",
      "detail": "FCF margin: -3.8% -> +27.7%",
      "severity": "HIGH"
    },
    {
      "quarter": "2023-01 (Q1)",
      "signal": "GROSS MARGIN INFLECTION",
      "detail": "GM: +41.0% -> +40.0% -> +60.8% (reversal +20.8%)",
      "severity": "HIGH"
    },
    {
      "quarter": "2023-01 (Q1)",
      "signal": "YoY REVENUE GROWTH DECELERATION",
      "detail": "YoY growth: -49.0% vs prior quarter YoY: -1.3% (decel: -47.8%)",
      "severity": "WARNING"
    },
    {
      "quarter": "2022-10 (Q4)",
      "signal": "YoY REVENUE GROWTH ACCELERATION",
      "detail": "YoY growth: -1.3% vs prior quarter YoY: -8.6% (accel: +7.3%)",
      "severity": "MEDIUM"
    },
    {
      "quarter": "2022-10 (Q4)",
      "signal": "INCREMENTAL MARGIN (YoY)",
      "detail": "YoY Incr OPM: +344.3% vs year-ago OPM: +5.2%",
      "severity": "HIGH"
    },
    {
      "quarter": "2022-07 (Q3)",
      "signal": "FCF MARGIN EXPANSION",
      "detail": "FCF margin: -42.6% -> -0.9% (+41.7%)",
      "severity": "MEDIUM"
    },
    {
      "quarter": "2022-07 (Q3)",
      "signal": "INCREMENTAL MARGIN (YoY)",
      "detail": "YoY Incr OPM: +78.4% vs year-ago OPM: +8.2%",
      "severity": "HIGH"
    },
    {
      "quarter": "2022-04 (Q2)",
      "signal": "GROSS MARGIN INFLECTION",
      "detail": "GM: +44.4% -> +35.9% -> +42.5% (reversal +6.7%)",
      "severity": "HIGH"
    },
    {
      "quarter": "2022-04 (Q2)",
      "signal": "YoY REVENUE GROWTH DECELERATION",
      "detail": "YoY growth: -5.5% vs prior quarter YoY: +3.2% (decel: -8.6%)",
      "severity": "WARNING"
    },
    {
      "quarter": "2022-04 (Q2)",
      "signal": "INCREMENTAL MARGIN (YoY)",
      "detail": "YoY Incr OPM: +45.2% vs year-ago OPM: +3.7%",
      "severity": "HIGH"
    },
    {
      "quarter": "2022-01 (Q1)",
      "signal": "FCF TURNED POSITIVE",
      "detail": "FCF margin: -11.6% -> +12.7%",
      "severity": "HIGH"
    },
    {
      "quarter": "2022-01 (Q1)",
      "signal": "OPERATING LEVERAGE",
      "detail": "Rev growth +47.8% vs OpEx growth +23.5% (leverage: 2.0x)",
      "severity": "MEDIUM"
    },
    {
      "quarter": "2021-07 (Q3)",
      "signal": "FCF TURNED POSITIVE",
      "detail": "FCF margin: -13.6% -> +16.2%",
      "severity": "HIGH"
    },
    {
      "quarter": "2021-07 (Q3)",
      "signal": "OPERATING LEVERAGE",
      "detail": "Rev growth +19.5% vs OpEx growth +7.8% (leverage: 2.5x)",
      "severity": "MEDIUM"
    }
  ],
  "data_quality": {
    "n_quarters": 20,
    "coverage": {
      "revenue": [
        20,
        20
      ],
      "gross_profit": [
        20,
        20
      ],
      "op_income": [
        20,
        20
      ],
      "fcf": [
        20,
        20
      ]
    },
    "gaps": [],
    "warnings": []
  },
  "market_cap": null,
  "source": "SEC EDGAR",
  "last_updated": "2026-02-02T22:19:45.855871"
}