{
  "ticker": "LEA",
  "name": "LEAR CORP",
  "sector": "Consumer Cyclical",
  "industry": "Auto Parts",
  "quarters": [
    {
      "date": "2021-04-03T00:00:00",
      "quarter_label": "2021-04 (Q2)",
      "revenue": 5354400000,
      "gross_profit": 492800000,
      "operating_income": 307400000,
      "net_income": 203700000,
      "opex": 185400000,
      "cogs": 4861600000,
      "rd": null,
      "sga": 168900000,
      "fcf": 134600000,
      "ocf": 247500000,
      "capex": -112900000,
      "gross_margin": 0.09203645599880472,
      "op_margin": 0.05741072762587778,
      "fcf_margin": 0.025138204093829376
    },
    {
      "date": "2021-07-03T00:00:00",
      "quarter_label": "2021-07 (Q3)",
      "revenue": 4760700000,
      "gross_profit": 401400000,
      "operating_income": 205500000,
      "net_income": 175200000,
      "opex": 195900000,
      "cogs": 4359300000,
      "rd": null,
      "sga": 170800000,
      "fcf": 120100000,
      "ocf": 260100000,
      "capex": -140000000,
      "gross_margin": 0.08431533177894007,
      "op_margin": 0.043165920978007435,
      "fcf_margin": 0.025227382527779528,
      "fcf_margin_change": 8.917843395015237e-05
    },
    {
      "date": "2021-10-02T00:00:00",
      "quarter_label": "2021-10 (Q4)",
      "revenue": 4268200000,
      "gross_profit": 226700000,
      "operating_income": 47600000,
      "net_income": -26500000,
      "opex": 179100000,
      "cogs": 4041500000,
      "rd": null,
      "sga": 163300000,
      "fcf": -157000000,
      "ocf": -4400000,
      "capex": -152600000,
      "gross_margin": 0.05311372475516611,
      "op_margin": 0.011152242162972682,
      "fcf_margin": -0.0367836558736704,
      "fcf_margin_change": -0.062011038401449926
    },
    {
      "date": "2021-12-31T00:00:00",
      "quarter_label": "2021-12 (Q4)",
      "revenue": 4879800000,
      "gross_profit": 271000000,
      "operating_income": 114900000,
      "net_income": 21500000,
      "opex": 156100000,
      "cogs": 4608800000,
      "rd": null,
      "sga": 140200000,
      "fcf": -12700000,
      "ocf": 166900000,
      "capex": -179600000,
      "gross_margin": 0.055535062912414446,
      "op_margin": 0.02354604696913808,
      "fcf_margin": -0.002602565678921267,
      "op_leverage_ratio": null,
      "fcf_margin_change": 0.03418109019474913
    },
    {
      "date": "2022-04-02T00:00:00",
      "quarter_label": "2022-04 (Q2)",
      "revenue": 5208400000,
      "gross_profit": 321500000,
      "operating_income": 128500000,
      "net_income": 49400000,
      "opex": 193000000,
      "cogs": 4886900000,
      "rd": null,
      "sga": 177300000,
      "fcf": 90400000,
      "ocf": 220700000,
      "capex": -130300000,
      "gross_margin": 0.06172720989171339,
      "op_margin": 0.024671684202442208,
      "fcf_margin": 0.017356577835803702,
      "incr_op_margin_yoy": 1.2253424657534246,
      "rev_growth_yoy": -0.027267294187957567,
      "op_leverage_ratio": 0.28486695498538245,
      "fcf_margin_change": 0.01995914351472497
    },
    {
      "date": "2022-07-02T00:00:00",
      "quarter_label": "2022-07 (Q3)",
      "revenue": 5071000000,
      "gross_profit": 339900000,
      "operating_income": 144100000,
      "net_income": 68500000,
      "opex": 195800000,
      "cogs": 4731100000,
      "rd": null,
      "sga": 171200000,
      "fcf": -160800000,
      "ocf": 11400000,
      "capex": -172200000,
      "gross_margin": 0.06702819956616052,
      "op_margin": 0.02841648590021692,
      "fcf_margin": -0.031709721948333665,
      "incr_op_margin_yoy": -0.19787302610377056,
      "rev_growth_yoy": 0.065179490411074,
      "rev_growth_yoy_accel": 0.09244678459903156,
      "fcf_margin_change": -0.04906629978413737
    },
    {
      "date": "2022-10-01T00:00:00",
      "quarter_label": "2022-10 (Q4)",
      "revenue": 5241200000,
      "gross_profit": 376900000,
      "operating_income": 197800000,
      "net_income": 92300000,
      "opex": 179100000,
      "cogs": 4864300000,
      "rd": null,
      "sga": 163900000,
      "fcf": 111700000,
      "ocf": 252100000,
      "capex": -140400000,
      "gross_margin": 0.07191101274517286,
      "op_margin": 0.03773944898114936,
      "fcf_margin": 0.021311913302297186,
      "incr_op_margin_yoy": 0.15436793422404932,
      "rev_growth_yoy": 0.22796495009605922,
      "rev_growth_yoy_accel": 0.1627854596849852,
      "op_leverage_ratio": null,
      "fcf_margin_change": 0.05302163525063085
    },
    {
      "date": "2022-12-31T00:00:00",
      "quarter_label": "2022-12 (Q4)",
      "revenue": 5370900000,
      "gross_profit": 371600000,
      "operating_income": 183900000,
      "net_income": 117500000,
      "opex": 187700000,
      "cogs": 4999300000,
      "rd": null,
      "sga": 172400000,
      "fcf": 341900000,
      "ocf": 537200000,
      "capex": -195300000,
      "gross_margin": 0.06918765942393268,
      "op_margin": 0.034240071496397254,
      "fcf_margin": 0.06365785994898435,
      "incr_op_margin_yoy": 0.14050091631032377,
      "rev_growth_yoy": 0.1006393704660027,
      "rev_growth_yoy_accel": -0.12732557963005653,
      "op_leverage_ratio": 0.5153548628132383,
      "fcf_margin_change": 0.04234594664668716
    },
    {
      "date": "2023-04-01T00:00:00",
      "quarter_label": "2023-04 (Q2)",
      "revenue": 5845500000,
      "gross_profit": 430000000,
      "operating_income": 237300000,
      "net_income": 143600000,
      "opex": 192700000,
      "cogs": 5415500000,
      "rd": null,
      "sga": 176800000,
      "fcf": -147400000,
      "ocf": -35600000,
      "capex": -111800000,
      "gross_margin": 0.07356085878025832,
      "op_margin": 0.040595329740826275,
      "fcf_margin": -0.025215978102814132,
      "incr_op_margin_yoy": 0.17077381886673992,
      "rev_growth_yoy": 0.12232163428308118,
      "rev_growth_yoy_accel": 0.02168226381707848,
      "op_leverage_ratio": 3.317225046081662,
      "fcf_margin_change": -0.08887383805179848
    },
    {
      "date": "2023-07-01T00:00:00",
      "quarter_label": "2023-07 (Q3)",
      "revenue": 5999200000,
      "gross_profit": 457000000,
      "operating_income": 258200000,
      "net_income": 168700000,
      "opex": 198800000,
      "cogs": 5542200000,
      "rd": null,
      "sga": 182800000,
      "fcf": 143100000,
      "ocf": 311400000,
      "capex": -168300000,
      "gross_margin": 0.07617682357647686,
      "op_margin": 0.04303907187625017,
      "fcf_margin": 0.02385318042405654,
      "incr_op_margin_yoy": 0.1229260935143288,
      "rev_growth_yoy": 0.18304082035101557,
      "rev_growth_yoy_accel": 0.06071918606793439,
      "op_leverage_ratio": 0.8306232480919187,
      "fcf_margin_change": 0.049069158526870674
    },
    {
      "date": "2023-09-30T00:00:00",
      "quarter_label": "2023-09 (Q3)",
      "revenue": 5781000000,
      "gross_profit": 418200000,
      "operating_income": 220200000,
      "net_income": 132900000,
      "opex": 198000000,
      "cogs": 5362800000,
      "rd": null,
      "sga": 182500000,
      "fcf": 250600000,
      "ocf": 403800000,
      "capex": -153200000,
      "gross_margin": 0.07234042553191489,
      "op_margin": 0.03809029579657499,
      "fcf_margin": 0.04334890157412213,
      "incr_op_margin_yoy": 0.041496850685439055,
      "rev_growth_yoy": 0.10299168129436007,
      "rev_growth_yoy_accel": -0.0800491390566555,
      "fcf_margin_change": 0.019495721150065586
    },
    {
      "date": "2023-12-31T00:00:00",
      "quarter_label": "2023-12 (Q4)",
      "revenue": 5841200000,
      "gross_profit": 405200000,
      "operating_income": 217500000,
      "net_income": 127300000,
      "opex": 187700000,
      "cogs": 5436000000,
      "rd": null,
      "sga": 172600000,
      "fcf": 376500000,
      "ocf": 569700000,
      "capex": -193200000,
      "gross_margin": 0.06936930767650483,
      "op_margin": 0.03723549955488598,
      "fcf_margin": 0.0644559337122509,
      "incr_op_margin_yoy": 0.07144375930257282,
      "rev_growth_yoy": 0.08756446778007411,
      "rev_growth_yoy_accel": -0.015427213514285956,
      "op_leverage_ratio": null,
      "fcf_margin_change": 0.021107032138128777
    },
    {
      "date": "2024-03-30T00:00:00",
      "quarter_label": "2024-03 (Q1)",
      "revenue": 5994600000,
      "gross_profit": 398100000,
      "operating_income": 196500000,
      "net_income": 109600000,
      "opex": 201600000,
      "cogs": 5596500000,
      "rd": null,
      "sga": 186500000,
      "fcf": -148200000,
      "ocf": -34600000,
      "capex": -113600000,
      "gross_margin": 0.06640976879191272,
      "op_margin": 0.03277950155139626,
      "fcf_margin": -0.02472225002502252,
      "incr_op_margin_yoy": -0.27364185110663986,
      "rev_growth_yoy": 0.02550680010264306,
      "rev_growth_yoy_accel": -0.06205766767743105,
      "op_leverage_ratio": 0.3546277817162828,
      "fcf_margin_change": -0.08917818373727343
    },
    {
      "date": "2024-06-29T00:00:00",
      "quarter_label": "2024-06 (Q2)",
      "revenue": 6012400000,
      "gross_profit": 448800000,
      "operating_income": 260800000,
      "net_income": 173100000,
      "opex": 188000000,
      "cogs": 5563600000,
      "rd": null,
      "sga": 175300000,
      "fcf": 170400000,
      "ocf": 291200000,
      "capex": -120800000,
      "gross_margin": 0.07464573215354933,
      "op_margin": 0.043377020823631166,
      "fcf_margin": 0.02834142771605349,
      "incr_op_margin_yoy": 0.19696969696969696,
      "rev_growth_yoy": 0.00220029337244966,
      "rev_growth_yoy_accel": -0.0233065067301934,
      "fcf_margin_change": 0.05306367774107601
    },
    {
      "date": "2024-09-28T00:00:00",
      "quarter_label": "2024-09 (Q3)",
      "revenue": 5584400000,
      "gross_profit": 405300000,
      "operating_income": 220500000,
      "net_income": 135800000,
      "opex": 184800000,
      "cogs": 5179100000,
      "rd": null,
      "sga": 174100000,
      "fcf": 50500000,
      "ocf": 182700000,
      "capex": -132200000,
      "gross_margin": 0.07257717928515149,
      "op_margin": 0.039484993911610915,
      "fcf_margin": 0.00904304849222835,
      "incr_op_margin_yoy": -0.001525940996948118,
      "rev_growth_yoy": -0.034007957100847606,
      "rev_growth_yoy_accel": -0.03620825047329727,
      "fcf_margin_change": -0.01929837922382514
    },
    {
      "date": "2024-12-31T00:00:00",
      "quarter_label": "2024-12 (Q4)",
      "revenue": 5714600000,
      "gross_profit": 387100000,
      "operating_income": 209900000,
      "net_income": 88100000,
      "opex": 177200000,
      "cogs": 5327500000,
      "rd": null,
      "sga": 166600000,
      "fcf": 488700000,
      "ocf": 680800000,
      "capex": -192100000,
      "gross_margin": 0.0677387743674098,
      "op_margin": 0.036730479823609705,
      "fcf_margin": 0.08551779652119133,
      "incr_op_margin_yoy": 0.06003159557661927,
      "rev_growth_yoy": -0.021673628706430186,
      "rev_growth_yoy_accel": 0.012334328394417421,
      "op_leverage_ratio": null,
      "fcf_margin_change": 0.07647474802896298
    },
    {
      "date": "2025-03-29T00:00:00",
      "quarter_label": "2025-03 (Q1)",
      "revenue": 5560300000,
      "gross_profit": 359200000,
      "operating_income": 181600000,
      "net_income": 80700000,
      "opex": 177600000,
      "cogs": 5201100000,
      "rd": null,
      "sga": 172400000,
      "fcf": -231700000,
      "ocf": -127700000,
      "capex": -104000000,
      "gross_margin": 0.06460083089041958,
      "op_margin": 0.03266010826753952,
      "fcf_margin": -0.041670413466899266,
      "incr_op_margin_yoy": 0.034308081970987794,
      "rev_growth_yoy": -0.07244853701664832,
      "rev_growth_yoy_accel": -0.05077490831021813,
      "fcf_margin_change": -0.1271882099880906
    },
    {
      "date": "2025-06-28T00:00:00",
      "quarter_label": "2025-06 (Q2)",
      "revenue": 6030400000,
      "gross_profit": 439100000,
      "operating_income": 248100000,
      "net_income": 165200000,
      "opex": 191000000,
      "cogs": 5591300000,
      "rd": null,
      "sga": 186300000,
      "fcf": 170800000,
      "ocf": 296200000,
      "capex": -125400000,
      "gross_margin": 0.07281440700451049,
      "op_margin": 0.04114154948262139,
      "fcf_margin": 0.028323162642610773,
      "incr_op_margin_yoy": -0.7055555555555556,
      "rev_growth_yoy": 0.002993812786907059,
      "rev_growth_yoy_accel": 0.07544234980355538,
      "op_leverage_ratio": 1.1205472914190981,
      "fcf_margin_change": 0.06999357610951004
    },
    {
      "date": "2025-09-27T00:00:00",
      "quarter_label": "2025-09 (Q3)",
      "revenue": 5679800000,
      "gross_profit": 363700000,
      "operating_income": 192500000,
      "net_income": 108200000,
      "opex": 171200000,
      "cogs": 5316100000,
      "rd": null,
      "sga": 166400000,
      "fcf": 307000000,
      "ocf": 444400000,
      "capex": -137400000,
      "gross_margin": 0.06403394485721328,
      "op_margin": 0.03389203845205817,
      "fcf_margin": 0.05405119898587978,
      "incr_op_margin_yoy": -0.29350104821802936,
      "rev_growth_yoy": 0.017083303488288803,
      "rev_growth_yoy_accel": 0.014089490701381744,
      "fcf_margin_change": 0.02572803634326901
    },
    {
      "date": "2025-12-31T00:00:00",
      "quarter_label": "2025-12 (Q4)",
      "revenue": 5988600000,
      "gross_profit": 342400000,
      "operating_income": 155100000,
      "net_income": 82700000,
      "opex": 187300000,
      "cogs": 5646200000,
      "rd": null,
      "sga": 182500000,
      "fcf": 281100000,
      "ocf": 475900000,
      "capex": -194800000,
      "gross_margin": 0.05717529973616538,
      "op_margin": 0.025899208496142672,
      "fcf_margin": 0.04693918445045587,
      "incr_op_margin_yoy": -0.2,
      "rev_growth_yoy": 0.04794736289504077,
      "rev_growth_yoy_accel": 0.030864059406751968,
      "op_leverage_ratio": 0.5781255091870744,
      "fcf_margin_change": -0.007112014535423913
    }
  ],
  "signals": [
    {
      "quarter": "2025-06 (Q2)",
      "signal": "FCF TURNED POSITIVE",
      "detail": "FCF margin: -4.2% -> +2.8%",
      "severity": "HIGH"
    },
    {
      "quarter": "2025-06 (Q2)",
      "signal": "YoY REVENUE GROWTH ACCELERATION",
      "detail": "YoY growth: +0.3% vs prior quarter YoY: -7.2% (accel: +7.5%)",
      "severity": "MEDIUM"
    },
    {
      "quarter": "2025-03 (Q1)",
      "signal": "YoY REVENUE GROWTH DECELERATION",
      "detail": "YoY growth: -7.2% vs prior quarter YoY: -2.2% (decel: -5.1%)",
      "severity": "WARNING"
    },
    {
      "quarter": "2024-12 (Q4)",
      "signal": "FCF MARGIN EXPANSION",
      "detail": "FCF margin: +0.9% -> +8.6% (+7.6%)",
      "severity": "MEDIUM"
    },
    {
      "quarter": "2024-06 (Q2)",
      "signal": "FCF TURNED POSITIVE",
      "detail": "FCF margin: -2.5% -> +2.8%",
      "severity": "HIGH"
    },
    {
      "quarter": "2024-06 (Q2)",
      "signal": "INCREMENTAL MARGIN (YoY)",
      "detail": "YoY Incr OPM: +19.7% vs year-ago OPM: +4.3%",
      "severity": "MEDIUM"
    },
    {
      "quarter": "2024-03 (Q1)",
      "signal": "YoY REVENUE GROWTH DECELERATION",
      "detail": "YoY growth: +2.6% vs prior quarter YoY: +8.8% (decel: -6.2%)",
      "severity": "WARNING"
    },
    {
      "quarter": "2023-09 (Q3)",
      "signal": "YoY REVENUE GROWTH DECELERATION",
      "detail": "YoY growth: +10.3% vs prior quarter YoY: +18.3% (decel: -8.0%)",
      "severity": "WARNING"
    },
    {
      "quarter": "2023-07 (Q3)",
      "signal": "FCF TURNED POSITIVE",
      "detail": "FCF margin: -2.5% -> +2.4%",
      "severity": "HIGH"
    },
    {
      "quarter": "2023-07 (Q3)",
      "signal": "YoY REVENUE GROWTH ACCELERATION",
      "detail": "YoY growth: +18.3% vs prior quarter YoY: +12.2% (accel: +6.1%)",
      "severity": "MEDIUM"
    },
    {
      "quarter": "2023-04 (Q2)",
      "signal": "OPERATING LEVERAGE",
      "detail": "Rev growth +8.8% vs OpEx growth +2.7% (leverage: 3.3x)",
      "severity": "MEDIUM"
    },
    {
      "quarter": "2023-04 (Q2)",
      "signal": "INCREMENTAL MARGIN (YoY)",
      "detail": "YoY Incr OPM: +17.1% vs year-ago OPM: +2.5%",
      "severity": "MEDIUM"
    },
    {
      "quarter": "2022-12 (Q4)",
      "signal": "YoY REVENUE GROWTH DECELERATION",
      "detail": "YoY growth: +10.1% vs prior quarter YoY: +22.8% (decel: -12.7%)",
      "severity": "WARNING"
    },
    {
      "quarter": "2022-12 (Q4)",
      "signal": "INCREMENTAL MARGIN (YoY)",
      "detail": "YoY Incr OPM: +14.1% vs year-ago OPM: +2.4%",
      "severity": "MEDIUM"
    },
    {
      "quarter": "2022-10 (Q4)",
      "signal": "FCF TURNED POSITIVE",
      "detail": "FCF margin: -3.2% -> +2.1%",
      "severity": "HIGH"
    },
    {
      "quarter": "2022-10 (Q4)",
      "signal": "YoY REVENUE GROWTH ACCELERATION",
      "detail": "YoY growth: +22.8% vs prior quarter YoY: +6.5% (accel: +16.3%)",
      "severity": "HIGH"
    },
    {
      "quarter": "2022-10 (Q4)",
      "signal": "INCREMENTAL MARGIN (YoY)",
      "detail": "YoY Incr OPM: +15.4% vs year-ago OPM: +1.1%",
      "severity": "MEDIUM"
    },
    {
      "quarter": "2022-07 (Q3)",
      "signal": "YoY REVENUE GROWTH ACCELERATION",
      "detail": "YoY growth: +6.5% vs prior quarter YoY: -2.7% (accel: +9.2%)",
      "severity": "MEDIUM"
    },
    {
      "quarter": "2022-04 (Q2)",
      "signal": "FCF TURNED POSITIVE",
      "detail": "FCF margin: -0.3% -> +1.7%",
      "severity": "HIGH"
    },
    {
      "quarter": "2022-04 (Q2)",
      "signal": "INCREMENTAL MARGIN (YoY)",
      "detail": "YoY Incr OPM: +122.5% vs year-ago OPM: +5.7%",
      "severity": "HIGH"
    }
  ],
  "data_quality": {
    "n_quarters": 20,
    "coverage": {
      "revenue": [
        20,
        20
      ],
      "gross_profit": [
        20,
        20
      ],
      "op_income": [
        20,
        20
      ],
      "fcf": [
        20,
        20
      ]
    },
    "gaps": [],
    "warnings": []
  },
  "market_cap": null,
  "source": "SEC EDGAR",
  "last_updated": "2026-02-24T10:46:12.328155"
}