{
  "ticker": "LEAT",
  "name": "LEATT CORPORATION",
  "quarters": [
    {
      "date": "2020-12-31T00:00:00",
      "quarter_label": "2020-12 (Q4)",
      "revenue": 12748339,
      "gross_profit": 5662186,
      "operating_income": 2305634,
      "net_income": 1775460,
      "opex": 3404625,
      "cogs": 7086153,
      "rd": 393223,
      "sga": null,
      "fcf": 217419,
      "ocf": 217419,
      "capex": null,
      "gross_margin": 0.4441508811461634,
      "op_margin": 0.1808576003509163,
      "fcf_margin": 0.017054692379924945
    },
    {
      "date": "2021-03-31T00:00:00",
      "quarter_label": "2021-03 (Q1)",
      "revenue": 12896475,
      "gross_profit": 6051954,
      "operating_income": 2752793,
      "net_income": 2060838,
      "opex": 3323971,
      "cogs": 6844521,
      "rd": 405105,
      "sga": null,
      "fcf": 1109147,
      "ocf": 1109147,
      "capex": null,
      "gross_margin": 0.46927195221950185,
      "op_margin": 0.21345313351128894,
      "fcf_margin": 0.08600388865949804,
      "op_leverage_ratio": Infinity,
      "fcf_margin_change": 0.06894919627957309
    },
    {
      "date": "2021-06-30T00:00:00",
      "quarter_label": "2021-06 (Q2)",
      "revenue": 14300559,
      "gross_profit": 6193539,
      "operating_income": 3148782,
      "net_income": 2408648,
      "opex": 3103236,
      "cogs": 8107020,
      "rd": 445156,
      "sga": null,
      "fcf": 161129,
      "ocf": 161129,
      "capex": null,
      "gross_margin": 0.4330976852023757,
      "op_margin": 0.22018593818605273,
      "fcf_margin": 0.011267321787910529,
      "op_leverage_ratio": Infinity,
      "fcf_margin_change": -0.07473656687158751
    },
    {
      "date": "2021-09-30T00:00:00",
      "quarter_label": "2021-09 (Q3)",
      "revenue": 22100827,
      "gross_profit": 9529135,
      "operating_income": 5754334,
      "net_income": 4287811,
      "opex": 3833047,
      "cogs": 12571692,
      "rd": 468922,
      "sga": null,
      "fcf": -124859,
      "ocf": -124859,
      "capex": null,
      "gross_margin": 0.4311664445859877,
      "op_margin": 0.2603673609136889,
      "fcf_margin": -0.005649517097256134,
      "op_leverage_ratio": 2.3193212660641214,
      "fcf_margin_change": -0.016916838885166662
    },
    {
      "date": "2021-12-31T00:00:00",
      "quarter_label": "2021-12 (Q4)",
      "revenue": 23177952,
      "gross_profit": 9671475,
      "operating_income": 4959839,
      "net_income": 3817140,
      "opex": 4752799,
      "cogs": 13506477,
      "rd": 507663,
      "sga": null,
      "fcf": 1636993,
      "ocf": 1636993,
      "capex": null,
      "gross_margin": 0.4172704732497505,
      "op_margin": 0.2139895276338479,
      "fcf_margin": 0.07062716326274211,
      "incr_op_margin_yoy": 0.25448739085525035,
      "rev_growth_yoy": 0.818115442333311,
      "op_leverage_ratio": 0.20310984959166323,
      "fcf_margin_change": 0.07627668035999825
    },
    {
      "date": "2022-03-31T00:00:00",
      "quarter_label": "2022-03 (Q1)",
      "revenue": 24228108,
      "gross_profit": 9627090,
      "operating_income": 5624655,
      "net_income": 4222755,
      "opex": 4081274,
      "cogs": 14601018,
      "rd": 533700,
      "sga": null,
      "fcf": -686720,
      "ocf": -686720,
      "capex": null,
      "gross_margin": 0.3973521168058191,
      "op_margin": 0.23215411620255283,
      "fcf_margin": -0.028343938371085352,
      "incr_op_margin_yoy": 0.25343761133104115,
      "rev_growth_yoy": 0.8786612620890593,
      "rev_growth_yoy_accel": 0.06054581975574824,
      "op_leverage_ratio": Infinity,
      "fcf_margin_change": -0.09897110163382747
    },
    {
      "date": "2022-06-30T00:00:00",
      "quarter_label": "2022-06 (Q2)",
      "revenue": 17938310,
      "gross_profit": 7644072,
      "operating_income": 3730419,
      "net_income": 2726920,
      "opex": 3960624,
      "cogs": 10294238,
      "rd": 480843,
      "sga": null,
      "fcf": 1640180,
      "ocf": 1640180,
      "capex": null,
      "gross_margin": 0.4261311126856432,
      "op_margin": 0.20795821902955183,
      "fcf_margin": 0.09143447738387842,
      "incr_op_margin_yoy": 0.15988917328316313,
      "rev_growth_yoy": 0.25437823794160774,
      "rev_growth_yoy_accel": -0.6242830241474515,
      "fcf_margin_change": 0.11977841575496377
    },
    {
      "date": "2022-09-30T00:00:00",
      "quarter_label": "2022-09 (Q3)",
      "revenue": 23258752,
      "gross_profit": 10136539,
      "operating_income": 5472217,
      "net_income": 4088123,
      "opex": 4738733,
      "cogs": 13122213,
      "rd": 501604,
      "sga": null,
      "fcf": 795201,
      "ocf": 795201,
      "capex": null,
      "gross_margin": 0.4358161177349498,
      "op_margin": 0.23527560722088614,
      "fcf_margin": 0.034189323657606394,
      "incr_op_margin_yoy": -0.24364013213291016,
      "rev_growth_yoy": 0.052392835797502056,
      "rev_growth_yoy_accel": -0.20198540214410568,
      "op_leverage_ratio": 1.5096955133632624,
      "fcf_margin_change": -0.05724515372627202
    },
    {
      "date": "2022-12-31T00:00:00",
      "quarter_label": "2022-12 (Q4)",
      "revenue": 10910369,
      "gross_profit": 3725126,
      "operating_income": -1810415,
      "net_income": -1077345,
      "opex": 5575364,
      "cogs": 7185243,
      "rd": 663849,
      "sga": null,
      "fcf": 1338321,
      "ocf": 1338321,
      "capex": null,
      "gross_margin": 0.34142988197741064,
      "op_margin": -0.16593526763393612,
      "fcf_margin": 0.12266505376674244,
      "incr_op_margin_yoy": 0.5518816542753369,
      "rev_growth_yoy": -0.5292781260397813,
      "rev_growth_yoy_accel": -0.5816709618372834,
      "fcf_margin_change": 0.08847573010913605
    },
    {
      "date": "2023-03-31T00:00:00",
      "quarter_label": "2023-03 (Q1)",
      "revenue": 13079343,
      "gross_profit": 5772770,
      "operating_income": 1387194,
      "net_income": 1023221,
      "opex": 4398712,
      "cogs": 7306573,
      "rd": 584991,
      "sga": null,
      "fcf": 5279753,
      "ocf": 5279753,
      "capex": null,
      "gross_margin": 0.4413654416739434,
      "op_margin": 0.10605991447735563,
      "fcf_margin": 0.4036711171195679,
      "incr_op_margin_yoy": 0.38008344422005486,
      "rev_growth_yoy": -0.4601583004335295,
      "rev_growth_yoy_accel": 0.0691198256062518,
      "op_leverage_ratio": Infinity,
      "fcf_margin_change": 0.2810060633528254
    },
    {
      "date": "2023-06-30T00:00:00",
      "quarter_label": "2023-06 (Q2)",
      "revenue": 12350224,
      "gross_profit": 5342782,
      "operating_income": 1313558,
      "net_income": 776139,
      "opex": 4039472,
      "cogs": 7007442,
      "rd": 632968,
      "sga": null,
      "fcf": 1538395,
      "ocf": 1538395,
      "capex": null,
      "gross_margin": 0.43260608066703893,
      "op_margin": 0.10635904255663703,
      "fcf_margin": 0.12456413746017886,
      "incr_op_margin_yoy": 0.43250247043442064,
      "rev_growth_yoy": -0.3115168597264737,
      "rev_growth_yoy_accel": 0.14864144070705582,
      "fcf_margin_change": -0.279106979659389
    },
    {
      "date": "2023-09-30T00:00:00",
      "quarter_label": "2023-09 (Q3)",
      "revenue": 12008847,
      "gross_profit": 5118002,
      "operating_income": 620395,
      "net_income": 460474,
      "opex": 4499374,
      "cogs": 6890845,
      "rd": 610589,
      "sga": null,
      "fcf": -232160,
      "ocf": -232160,
      "capex": null,
      "gross_margin": 0.4261859610668701,
      "op_margin": 0.05166149589548439,
      "fcf_margin": -0.019332413844559766,
      "incr_op_margin_yoy": 0.4312767085588723,
      "rev_growth_yoy": -0.48368480819607174,
      "rev_growth_yoy_accel": -0.17216794846959804,
      "fcf_margin_change": -0.14389655130473863
    },
    {
      "date": "2023-12-31T00:00:00",
      "quarter_label": "2023-12 (Q4)",
      "revenue": 9802773,
      "gross_profit": 3572518,
      "operating_income": -1902661,
      "net_income": -1456675,
      "opex": 5543724,
      "cogs": 6230255,
      "rd": 698002,
      "sga": null,
      "fcf": 71224,
      "ocf": 71224,
      "capex": null,
      "gross_margin": 0.3644395315488791,
      "op_margin": -0.19409416090732692,
      "fcf_margin": 0.007265699205724748,
      "incr_op_margin_yoy": 0.08328488004651516,
      "rev_growth_yoy": -0.10151773968414816,
      "rev_growth_yoy_accel": 0.38216706851192356,
      "fcf_margin_change": 0.026598113050284512
    },
    {
      "date": "2024-03-31T00:00:00",
      "quarter_label": "2024-03 (Q1)",
      "revenue": 10614470,
      "gross_profit": 4008333,
      "operating_income": -790557,
      "net_income": -816679,
      "opex": 4838193,
      "cogs": 6606137,
      "rd": 555778,
      "sga": null,
      "fcf": 2828382,
      "ocf": 2828382,
      "capex": null,
      "gross_margin": 0.37762912326286663,
      "op_margin": -0.07447917795236125,
      "fcf_margin": 0.26646474105631274,
      "incr_op_margin_yoy": 0.8835144853304815,
      "rev_growth_yoy": -0.18845541400665156,
      "rev_growth_yoy_accel": -0.08693767432250339,
      "op_leverage_ratio": Infinity,
      "fcf_margin_change": 0.259199041850588
    },
    {
      "date": "2024-06-30T00:00:00",
      "quarter_label": "2024-06 (Q2)",
      "revenue": 10078695,
      "gross_profit": 3921413,
      "operating_income": -1130386,
      "net_income": -1057363,
      "opex": 5144579,
      "cogs": 6157282,
      "rd": 628793,
      "sga": null,
      "fcf": 165571,
      "ocf": 165571,
      "capex": null,
      "gross_margin": 0.3890794393520193,
      "op_margin": -0.11215598844890137,
      "fcf_margin": 0.016427821260589788,
      "incr_op_margin_yoy": 1.075902618896787,
      "rev_growth_yoy": -0.18392613769596405,
      "rev_growth_yoy_accel": 0.004529276310687502,
      "fcf_margin_change": -0.25003691979572296
    },
    {
      "date": "2024-09-30T00:00:00",
      "quarter_label": "2024-09 (Q3)",
      "revenue": 12138123,
      "gross_profit": 5170072,
      "operating_income": 25898,
      "net_income": 115837,
      "opex": 5267880,
      "cogs": 6968051,
      "rd": 620019,
      "sga": null,
      "fcf": -17553,
      "ocf": -17553,
      "capex": null,
      "gross_margin": 0.42593669548413704,
      "op_margin": 0.0021336083017118876,
      "fcf_margin": -0.0014461049702659957,
      "rev_growth_yoy": 0.010765063456966352,
      "rev_growth_yoy_accel": 0.1946912011529304,
      "op_leverage_ratio": 8.525611764537976,
      "fcf_margin_change": -0.017873926230855784
    },
    {
      "date": "2024-12-31T00:00:00",
      "quarter_label": "2024-12 (Q4)",
      "revenue": 11196654,
      "gross_profit": 4613179,
      "operating_income": -1083831,
      "net_income": -446459,
      "opex": 5767835,
      "cogs": 6583475,
      "rd": 719291,
      "sga": null,
      "fcf": -183208,
      "ocf": -183208,
      "capex": null,
      "gross_margin": 0.41201407134667195,
      "op_margin": -0.09679954386372928,
      "fcf_margin": -0.016362745513079174,
      "incr_op_margin_yoy": 0.5874461306237764,
      "rev_growth_yoy": 0.14219252042253758,
      "rev_growth_yoy_accel": 0.13142745696557123,
      "fcf_margin_change": -0.014916640542813178
    },
    {
      "date": "2025-03-31T00:00:00",
      "quarter_label": "2025-03 (Q1)",
      "revenue": 15367864,
      "gross_profit": 6721013,
      "operating_income": 1429282,
      "net_income": 1121124,
      "opex": 5377029,
      "cogs": 8646851,
      "rd": 664490,
      "sga": null,
      "fcf": 768124,
      "ocf": 768124,
      "capex": null,
      "gross_margin": 0.43734204050738607,
      "op_margin": 0.09300459712553416,
      "fcf_margin": 0.04998248292670992,
      "incr_op_margin_yoy": 0.4670008419247384,
      "rev_growth_yoy": 0.4478220768441571,
      "rev_growth_yoy_accel": 0.3056295564216195,
      "op_leverage_ratio": Infinity,
      "fcf_margin_change": 0.0663452284397891
    },
    {
      "date": "2025-06-30T00:00:00",
      "quarter_label": "2025-06 (Q2)",
      "revenue": 16176339,
      "gross_profit": 6889193,
      "operating_income": 1399918,
      "net_income": 1138734,
      "opex": 5537581,
      "cogs": 9287146,
      "rd": 616795,
      "sga": null,
      "fcf": 3346316,
      "ocf": 3346316,
      "capex": null,
      "gross_margin": 0.4258808498016764,
      "op_margin": 0.08654108942697109,
      "fcf_margin": 0.20686485366064597,
      "incr_op_margin_yoy": 0.4149642058473732,
      "rev_growth_yoy": 0.6050033263234973,
      "rev_growth_yoy_accel": 0.1571812494793402,
      "op_leverage_ratio": 1.7618938730284144,
      "fcf_margin_change": 0.15688237073393604
    },
    {
      "date": "2025-09-30T00:00:00",
      "quarter_label": "2025-09 (Q3)",
      "revenue": 14343992,
      "gross_profit": 6316128,
      "operating_income": 630180,
      "net_income": 539256,
      "opex": 5737248,
      "cogs": 8027864,
      "rd": 688223,
      "sga": null,
      "fcf": -2667513,
      "ocf": -2667513,
      "capex": null,
      "gross_margin": 0.4403326493768262,
      "op_margin": 0.043933376426869175,
      "fcf_margin": -0.18596726768949676,
      "incr_op_margin_yoy": 0.2739428316006073,
      "rev_growth_yoy": 0.18173065143597572,
      "rev_growth_yoy_accel": -0.42327267488752157,
      "fcf_margin_change": -0.3928321213501427
    }
  ],
  "signals": [
    {
      "quarter": "2025-09 (Q3)",
      "signal": "YoY REVENUE GROWTH DECELERATION",
      "detail": "YoY growth: +18.2% vs prior quarter YoY: +60.5% (decel: -42.3%)",
      "severity": "WARNING"
    },
    {
      "quarter": "2025-09 (Q3)",
      "signal": "INCREMENTAL MARGIN (YoY)",
      "detail": "YoY Incr OPM: +27.4% vs year-ago OPM: +0.2%",
      "severity": "HIGH"
    },
    {
      "quarter": "2025-06 (Q2)",
      "signal": "FCF MARGIN EXPANSION",
      "detail": "FCF margin: +5.0% -> +20.7% (+15.7%)",
      "severity": "MEDIUM"
    },
    {
      "quarter": "2025-06 (Q2)",
      "signal": "OPERATING LEVERAGE",
      "detail": "Rev growth +5.3% vs OpEx growth +3.0% (leverage: 1.8x)",
      "severity": "MEDIUM"
    },
    {
      "quarter": "2025-06 (Q2)",
      "signal": "YoY REVENUE GROWTH ACCELERATION",
      "detail": "YoY growth: +60.5% vs prior quarter YoY: +44.8% (accel: +15.7%)",
      "severity": "HIGH"
    },
    {
      "quarter": "2025-06 (Q2)",
      "signal": "OP MARGIN TURNED POSITIVE (YoY)",
      "detail": "Op margin: -11.2% (year-ago) -> +8.7%",
      "severity": "HIGH"
    },
    {
      "quarter": "2025-03 (Q1)",
      "signal": "FCF TURNED POSITIVE",
      "detail": "FCF margin: -1.6% -> +5.0%",
      "severity": "HIGH"
    },
    {
      "quarter": "2025-03 (Q1)",
      "signal": "GROSS MARGIN INFLECTION",
      "detail": "GM: +42.6% -> +41.2% -> +43.7% (reversal +2.5%)",
      "severity": "MEDIUM"
    },
    {
      "quarter": "2025-03 (Q1)",
      "signal": "YoY REVENUE GROWTH ACCELERATION",
      "detail": "YoY growth: +44.8% vs prior quarter YoY: +14.2% (accel: +30.6%)",
      "severity": "HIGH"
    },
    {
      "quarter": "2025-03 (Q1)",
      "signal": "OP MARGIN TURNED POSITIVE (YoY)",
      "detail": "Op margin: -7.4% (year-ago) -> +9.3%",
      "severity": "HIGH"
    },
    {
      "quarter": "2025-03 (Q1)",
      "signal": "OP MARGIN TURNED POSITIVE (QoQ)",
      "detail": "Op margin: -9.7% -> +9.3%",
      "severity": "HIGH"
    },
    {
      "quarter": "2024-12 (Q4)",
      "signal": "YoY REVENUE GROWTH ACCELERATION",
      "detail": "YoY growth: +14.2% vs prior quarter YoY: +1.1% (accel: +13.1%)",
      "severity": "MEDIUM"
    },
    {
      "quarter": "2024-09 (Q3)",
      "signal": "OPERATING LEVERAGE",
      "detail": "Rev growth +20.4% vs OpEx growth +2.4% (leverage: 8.5x)",
      "severity": "MEDIUM"
    },
    {
      "quarter": "2024-09 (Q3)",
      "signal": "YoY REVENUE GROWTH ACCELERATION",
      "detail": "YoY growth: +1.1% vs prior quarter YoY: -18.4% (accel: +19.5%)",
      "severity": "HIGH"
    },
    {
      "quarter": "2024-09 (Q3)",
      "signal": "OP MARGIN TURNED POSITIVE (QoQ)",
      "detail": "Op margin: -11.2% -> +0.2%",
      "severity": "HIGH"
    },
    {
      "quarter": "2024-03 (Q1)",
      "signal": "FCF MARGIN EXPANSION",
      "detail": "FCF margin: +0.7% -> +26.6% (+25.9%)",
      "severity": "MEDIUM"
    },
    {
      "quarter": "2024-03 (Q1)",
      "signal": "YoY REVENUE GROWTH DECELERATION",
      "detail": "YoY growth: -18.8% vs prior quarter YoY: -10.2% (decel: -8.7%)",
      "severity": "WARNING"
    },
    {
      "quarter": "2023-12 (Q4)",
      "signal": "FCF TURNED POSITIVE",
      "detail": "FCF margin: -1.9% -> +0.7%",
      "severity": "HIGH"
    },
    {
      "quarter": "2023-12 (Q4)",
      "signal": "YoY REVENUE GROWTH ACCELERATION",
      "detail": "YoY growth: -10.2% vs prior quarter YoY: -48.4% (accel: +38.2%)",
      "severity": "HIGH"
    },
    {
      "quarter": "2023-09 (Q3)",
      "signal": "YoY REVENUE GROWTH DECELERATION",
      "detail": "YoY growth: -48.4% vs prior quarter YoY: -31.2% (decel: -17.2%)",
      "severity": "WARNING"
    },
    {
      "quarter": "2023-09 (Q3)",
      "signal": "INCREMENTAL MARGIN (YoY)",
      "detail": "YoY Incr OPM: +43.1% vs year-ago OPM: +23.5%",
      "severity": "MEDIUM"
    },
    {
      "quarter": "2023-06 (Q2)",
      "signal": "YoY REVENUE GROWTH ACCELERATION",
      "detail": "YoY growth: -31.2% vs prior quarter YoY: -46.0% (accel: +14.9%)",
      "severity": "MEDIUM"
    },
    {
      "quarter": "2023-06 (Q2)",
      "signal": "INCREMENTAL MARGIN (YoY)",
      "detail": "YoY Incr OPM: +43.3% vs year-ago OPM: +20.8%",
      "severity": "HIGH"
    },
    {
      "quarter": "2023-03 (Q1)",
      "signal": "FCF MARGIN EXPANSION",
      "detail": "FCF margin: +12.3% -> +40.4% (+28.1%)",
      "severity": "MEDIUM"
    },
    {
      "quarter": "2023-03 (Q1)",
      "signal": "GROSS MARGIN INFLECTION",
      "detail": "GM: +43.6% -> +34.1% -> +44.1% (reversal +10.0%)",
      "severity": "HIGH"
    },
    {
      "quarter": "2023-03 (Q1)",
      "signal": "YoY REVENUE GROWTH ACCELERATION",
      "detail": "YoY growth: -46.0% vs prior quarter YoY: -52.9% (accel: +6.9%)",
      "severity": "MEDIUM"
    },
    {
      "quarter": "2023-03 (Q1)",
      "signal": "INCREMENTAL MARGIN (YoY)",
      "detail": "YoY Incr OPM: +38.0% vs year-ago OPM: +23.2%",
      "severity": "MEDIUM"
    },
    {
      "quarter": "2023-03 (Q1)",
      "signal": "OP MARGIN TURNED POSITIVE (QoQ)",
      "detail": "Op margin: -16.6% -> +10.6%",
      "severity": "HIGH"
    },
    {
      "quarter": "2022-12 (Q4)",
      "signal": "FCF MARGIN EXPANSION",
      "detail": "FCF margin: +3.4% -> +12.3% (+8.8%)",
      "severity": "MEDIUM"
    },
    {
      "quarter": "2022-12 (Q4)",
      "signal": "YoY REVENUE GROWTH DECELERATION",
      "detail": "YoY growth: -52.9% vs prior quarter YoY: +5.2% (decel: -58.2%)",
      "severity": "WARNING"
    },
    {
      "quarter": "2022-09 (Q3)",
      "signal": "OPERATING LEVERAGE",
      "detail": "Rev growth +29.7% vs OpEx growth +19.6% (leverage: 1.5x)",
      "severity": "MEDIUM"
    },
    {
      "quarter": "2022-09 (Q3)",
      "signal": "YoY REVENUE GROWTH DECELERATION",
      "detail": "YoY growth: +5.2% vs prior quarter YoY: +25.4% (decel: -20.2%)",
      "severity": "WARNING"
    },
    {
      "quarter": "2022-06 (Q2)",
      "signal": "FCF TURNED POSITIVE",
      "detail": "FCF margin: -2.8% -> +9.1%",
      "severity": "HIGH"
    },
    {
      "quarter": "2022-06 (Q2)",
      "signal": "GROSS MARGIN INFLECTION",
      "detail": "GM: +41.7% -> +39.7% -> +42.6% (reversal +2.9%)",
      "severity": "MEDIUM"
    },
    {
      "quarter": "2022-06 (Q2)",
      "signal": "YoY REVENUE GROWTH DECELERATION",
      "detail": "YoY growth: +25.4% vs prior quarter YoY: +87.9% (decel: -62.4%)",
      "severity": "WARNING"
    },
    {
      "quarter": "2022-03 (Q1)",
      "signal": "YoY REVENUE GROWTH ACCELERATION",
      "detail": "YoY growth: +87.9% vs prior quarter YoY: +81.8% (accel: +6.1%)",
      "severity": "MEDIUM"
    },
    {
      "quarter": "2021-12 (Q4)",
      "signal": "FCF TURNED POSITIVE",
      "detail": "FCF margin: -0.6% -> +7.1%",
      "severity": "HIGH"
    },
    {
      "quarter": "2021-09 (Q3)",
      "signal": "OPERATING LEVERAGE",
      "detail": "Rev growth +54.5% vs OpEx growth +23.5% (leverage: 2.3x)",
      "severity": "MEDIUM"
    },
    {
      "quarter": "2021-03 (Q1)",
      "signal": "FCF MARGIN EXPANSION",
      "detail": "FCF margin: +1.7% -> +8.6% (+6.9%)",
      "severity": "MEDIUM"
    }
  ],
  "data_quality": {
    "n_quarters": 20,
    "coverage": {
      "revenue": [
        20,
        20
      ],
      "gross_profit": [
        20,
        20
      ],
      "op_income": [
        20,
        20
      ],
      "fcf": [
        20,
        20
      ]
    },
    "gaps": [],
    "warnings": []
  },
  "market_cap": null,
  "source": "SEC EDGAR",
  "last_updated": "2026-02-02T23:36:48.220371"
}