{
  "ticker": "LECO",
  "name": "LINCOLN ELECTRIC HOLDINGS INC",
  "quarters": [
    {
      "date": "2020-12-31T00:00:00",
      "quarter_label": "2020-12 (Q4)",
      "revenue": 693794000,
      "gross_profit": 229254000,
      "operating_income": 83440000,
      "net_income": 65078000,
      "opex": 145814000,
      "cogs": 464540000,
      "rd": null,
      "sga": 136362000,
      "fcf": 135801000,
      "ocf": 135801000,
      "capex": null,
      "gross_margin": 0.3304352588808782,
      "op_margin": 0.12026624617681905,
      "fcf_margin": 0.1957367748928356
    },
    {
      "date": "2021-03-31T00:00:00",
      "quarter_label": "2021-03 (Q1)",
      "revenue": 757021000,
      "gross_profit": 253767000,
      "operating_income": 103928000,
      "net_income": 74177000,
      "opex": 149839000,
      "cogs": 503254000,
      "rd": null,
      "sga": 145676000,
      "fcf": 45262000,
      "ocf": 45262000,
      "capex": null,
      "gross_margin": 0.33521791337360524,
      "op_margin": 0.1372854914196568,
      "fcf_margin": 0.05978962274494367,
      "op_leverage_ratio": 3.301454948134049,
      "fcf_margin_change": -0.13594715214789194
    },
    {
      "date": "2021-06-30T00:00:00",
      "quarter_label": "2021-06 (Q2)",
      "revenue": 826454000,
      "gross_profit": 274009000,
      "operating_income": 121822000,
      "net_income": 96105000,
      "opex": 152187000,
      "cogs": 552445000,
      "rd": null,
      "sga": 151557000,
      "fcf": 99972000,
      "ocf": 99972000,
      "capex": null,
      "gross_margin": 0.3315477933436102,
      "op_margin": 0.14740324325370802,
      "fcf_margin": 0.12096499018699165,
      "op_leverage_ratio": 5.853084264705495,
      "fcf_margin_change": 0.06117536744204798
    },
    {
      "date": "2021-09-30T00:00:00",
      "quarter_label": "2021-09 (Q3)",
      "revenue": 806454000,
      "gross_profit": 268172000,
      "operating_income": 115570000,
      "net_income": 31757000,
      "opex": 152602000,
      "cogs": 538282000,
      "rd": null,
      "sga": 149118000,
      "fcf": 109891000,
      "ocf": 109891000,
      "capex": null,
      "gross_margin": 0.33253229570440473,
      "op_margin": 0.1433063758131276,
      "fcf_margin": 0.1362644366572675,
      "fcf_margin_change": 0.015299446470275854
    },
    {
      "date": "2021-12-31T00:00:00",
      "quarter_label": "2021-12 (Q4)",
      "revenue": 844251000,
      "gross_profit": 272657000,
      "operating_income": 120349000,
      "net_income": 74427000,
      "opex": 152308000,
      "cogs": 571594000,
      "rd": null,
      "sga": 150758000,
      "fcf": 109938000,
      "ocf": 109938000,
      "capex": null,
      "gross_margin": 0.32295727218564146,
      "op_margin": 0.1425512081122794,
      "fcf_margin": 0.13021956740353283,
      "incr_op_margin_yoy": 0.24531261423529646,
      "rev_growth_yoy": 0.21686120087518773,
      "op_leverage_ratio": Infinity,
      "fcf_margin_change": -0.00604486925373468
    },
    {
      "date": "2022-03-31T00:00:00",
      "quarter_label": "2022-03 (Q1)",
      "revenue": 925448000,
      "gross_profit": 329777000,
      "operating_income": 161206000,
      "net_income": 126030000,
      "opex": 168571000,
      "cogs": 595671000,
      "rd": null,
      "sga": 166686000,
      "fcf": 43090000,
      "ocf": 43090000,
      "capex": null,
      "gross_margin": 0.3563430900493599,
      "op_margin": 0.1741923911446132,
      "fcf_margin": 0.04656123304604905,
      "incr_op_margin_yoy": 0.34007611606215155,
      "rev_growth_yoy": 0.22248656245995818,
      "rev_growth_yoy_accel": 0.00562536158477045,
      "op_leverage_ratio": 0.900721341976559,
      "fcf_margin_change": -0.08365833435748378
    },
    {
      "date": "2022-06-30T00:00:00",
      "quarter_label": "2022-06 (Q2)",
      "revenue": 969589000,
      "gross_profit": 333481000,
      "operating_income": 167533000,
      "net_income": 127823000,
      "opex": 165948000,
      "cogs": 636108000,
      "rd": null,
      "sga": 166792000,
      "fcf": 98211000,
      "ocf": 98211000,
      "capex": null,
      "gross_margin": 0.3439405768836074,
      "op_margin": 0.17278764507435626,
      "fcf_margin": 0.10129137191119124,
      "incr_op_margin_yoy": 0.3193558528661753,
      "rev_growth_yoy": 0.17319173238921948,
      "rev_growth_yoy_accel": -0.049294830070738704,
      "op_leverage_ratio": Infinity,
      "fcf_margin_change": 0.05473013886514219
    },
    {
      "date": "2022-09-30T00:00:00",
      "quarter_label": "2022-09 (Q3)",
      "revenue": 935240000,
      "gross_profit": 309518000,
      "operating_income": 142109000,
      "net_income": 109225000,
      "opex": 167409000,
      "cogs": 625722000,
      "rd": null,
      "sga": 159045000,
      "fcf": 130283000,
      "ocf": 130283000,
      "capex": null,
      "gross_margin": 0.3309503442966511,
      "op_margin": 0.15194923228262264,
      "fcf_margin": 0.13930434968564218,
      "incr_op_margin_yoy": 0.20607053561722546,
      "rev_growth_yoy": 0.15969416730526478,
      "rev_growth_yoy_accel": -0.013497565083954693,
      "fcf_margin_change": 0.03801297777445094
    },
    {
      "date": "2022-12-31T00:00:00",
      "quarter_label": "2022-12 (Q4)",
      "revenue": 930934000,
      "gross_profit": 307984000,
      "operating_income": 141488000,
      "net_income": 109146000,
      "opex": 166496000,
      "cogs": 622950000,
      "rd": null,
      "sga": 164113000,
      "fcf": 111802000,
      "ocf": 111802000,
      "capex": null,
      "gross_margin": 0.33083333512365,
      "op_margin": 0.15198499571398189,
      "fcf_margin": 0.12009659116543171,
      "incr_op_margin_yoy": 0.2438655791793085,
      "rev_growth_yoy": 0.10267444160563624,
      "rev_growth_yoy_accel": -0.05701972569962854,
      "fcf_margin_change": -0.019207758520210463
    },
    {
      "date": "2023-03-31T00:00:00",
      "quarter_label": "2023-03 (Q1)",
      "revenue": 1039343000,
      "gross_profit": 355357000,
      "operating_income": 164364000,
      "net_income": 121931000,
      "opex": 190993000,
      "cogs": 683986000,
      "rd": null,
      "sga": 190116000,
      "fcf": 123931000,
      "ocf": 123931000,
      "capex": null,
      "gross_margin": 0.3419054152479018,
      "op_margin": 0.1581422109929061,
      "fcf_margin": 0.11923975049622694,
      "incr_op_margin_yoy": 0.027727292681856096,
      "rev_growth_yoy": 0.1230701238751394,
      "rev_growth_yoy_accel": 0.020395682269503154,
      "op_leverage_ratio": 0.7914752674638819,
      "fcf_margin_change": -0.0008568406692047725
    },
    {
      "date": "2023-06-30T00:00:00",
      "quarter_label": "2023-06 (Q2)",
      "revenue": 1060565000,
      "gross_profit": 373428000,
      "operating_income": 178013000,
      "net_income": 137331000,
      "opex": 195415000,
      "cogs": 687137000,
      "rd": null,
      "sga": 192748000,
      "fcf": 198845000,
      "ocf": 198845000,
      "capex": null,
      "gross_margin": 0.35210288855468547,
      "op_margin": 0.1678473266607893,
      "fcf_margin": 0.18748968710074349,
      "incr_op_margin_yoy": 0.1151952163207879,
      "rev_growth_yoy": 0.09382944732252532,
      "rev_growth_yoy_accel": -0.029240676552614073,
      "op_leverage_ratio": 0.8819137767298777,
      "fcf_margin_change": 0.06824993660451655
    },
    {
      "date": "2023-09-30T00:00:00",
      "quarter_label": "2023-09 (Q3)",
      "revenue": 1033214000,
      "gross_profit": 365630000,
      "operating_income": 171441000,
      "net_income": 129343000,
      "opex": 194189000,
      "cogs": 667584000,
      "rd": null,
      "sga": 187115000,
      "fcf": 223104000,
      "ocf": 223104000,
      "capex": null,
      "gross_margin": 0.3538763508818115,
      "op_margin": 0.16592980737775523,
      "fcf_margin": 0.21593203344128128,
      "incr_op_margin_yoy": 0.2993855512687039,
      "rev_growth_yoy": 0.10475813694880458,
      "rev_growth_yoy_accel": 0.010928689626279256,
      "fcf_margin_change": 0.0284423463405378
    },
    {
      "date": "2023-12-31T00:00:00",
      "quarter_label": "2023-12 (Q4)",
      "revenue": 1058514000,
      "gross_profit": 371030000,
      "operating_income": 204031000,
      "net_income": 156643000,
      "opex": 166999000,
      "cogs": 687484000,
      "rd": null,
      "sga": 188931000,
      "fcf": 121662000,
      "ocf": 121662000,
      "capex": null,
      "gross_margin": 0.3505196908118362,
      "op_margin": 0.19275229236457903,
      "fcf_margin": 0.11493659979934134,
      "incr_op_margin_yoy": 0.4902257407117103,
      "rev_growth_yoy": 0.13704516109627535,
      "rev_growth_yoy_accel": 0.03228702414747077,
      "op_leverage_ratio": Infinity,
      "fcf_margin_change": -0.10099543364193994
    },
    {
      "date": "2024-03-31T00:00:00",
      "quarter_label": "2024-03 (Q1)",
      "revenue": 981197000,
      "gross_profit": 368399000,
      "operating_income": 165047000,
      "net_income": 123415000,
      "opex": 203352000,
      "cogs": 612798000,
      "rd": null,
      "sga": 198747000,
      "fcf": 133294000,
      "ocf": 133294000,
      "capex": null,
      "gross_margin": 0.37545875089304187,
      "op_margin": 0.16820984980590034,
      "fcf_margin": 0.13584835665009168,
      "incr_op_margin_yoy": -0.011746293812128092,
      "rev_growth_yoy": -0.05594495753567398,
      "rev_growth_yoy_accel": -0.19299011863194931,
      "fcf_margin_change": 0.020911756850750335
    },
    {
      "date": "2024-06-30T00:00:00",
      "quarter_label": "2024-06 (Q2)",
      "revenue": 1021683000,
      "gross_profit": 383813000,
      "operating_income": 148838000,
      "net_income": 101708000,
      "opex": 234975000,
      "cogs": 637870000,
      "rd": null,
      "sga": 208485000,
      "fcf": 170687000,
      "ocf": 170687000,
      "capex": null,
      "gross_margin": 0.3756674036858791,
      "op_margin": 0.1456792371019191,
      "fcf_margin": 0.167064539588111,
      "incr_op_margin_yoy": 0.7503472043619155,
      "rev_growth_yoy": -0.03666159075587069,
      "rev_growth_yoy_accel": 0.019283366779803288,
      "op_leverage_ratio": 0.2653346934008162,
      "fcf_margin_change": 0.03121618293801931
    },
    {
      "date": "2024-09-30T00:00:00",
      "quarter_label": "2024-09 (Q3)",
      "revenue": 983759000,
      "gross_profit": 352078000,
      "operating_income": 145560000,
      "net_income": 100756000,
      "opex": 206518000,
      "cogs": 631681000,
      "rd": null,
      "sga": 186291000,
      "fcf": 199201000,
      "ocf": 199201000,
      "capex": null,
      "gross_margin": 0.3578904996040697,
      "op_margin": 0.1479630681904816,
      "fcf_margin": 0.20248963414820093,
      "incr_op_margin_yoy": 0.5233242341522596,
      "rev_growth_yoy": -0.047865205078521975,
      "rev_growth_yoy_accel": -0.011203614322651281,
      "fcf_margin_change": 0.03542509456008994
    },
    {
      "date": "2024-12-31T00:00:00",
      "quarter_label": "2024-12 (Q4)",
      "revenue": 1022031000,
      "gross_profit": 368622000,
      "operating_income": 177017000,
      "net_income": 140229000,
      "opex": 191605000,
      "cogs": 653409000,
      "rd": null,
      "sga": 187067000,
      "fcf": 95795000,
      "ocf": 95795000,
      "capex": null,
      "gross_margin": 0.36067594818552473,
      "op_margin": 0.17320120426875504,
      "fcf_margin": 0.09373003362911693,
      "incr_op_margin_yoy": 0.7404544582408245,
      "rev_growth_yoy": -0.03446624229816516,
      "rev_growth_yoy_accel": 0.013398962780356814,
      "op_leverage_ratio": Infinity,
      "fcf_margin_change": -0.108759600519084
    },
    {
      "date": "2025-03-31T00:00:00",
      "quarter_label": "2025-03 (Q1)",
      "revenue": 1004388000,
      "gross_profit": 365448000,
      "operating_income": 164918000,
      "net_income": 118487000,
      "opex": 200530000,
      "cogs": 638940000,
      "rd": null,
      "sga": 196665000,
      "fcf": 185693000,
      "ocf": 185693000,
      "capex": null,
      "gross_margin": 0.36385141996917525,
      "op_margin": 0.1641975013640147,
      "fcf_margin": 0.18488173892957702,
      "incr_op_margin_yoy": -0.005562502695010995,
      "rev_growth_yoy": 0.023635416740980658,
      "rev_growth_yoy_accel": 0.05810165903914582,
      "fcf_margin_change": 0.09115170530046009
    },
    {
      "date": "2025-06-30T00:00:00",
      "quarter_label": "2025-06 (Q2)",
      "revenue": 1088673000,
      "gross_profit": 405547000,
      "operating_income": 192144000,
      "net_income": 143396000,
      "opex": 213403000,
      "cogs": 683126000,
      "rd": null,
      "sga": 210861000,
      "fcf": 143828000,
      "ocf": 143828000,
      "capex": null,
      "gross_margin": 0.37251497924537486,
      "op_margin": 0.17649376810116538,
      "fcf_margin": 0.13211313222611382,
      "incr_op_margin_yoy": 0.6464546947305568,
      "rev_growth_yoy": 0.06556828292141496,
      "rev_growth_yoy_accel": 0.041932866180434306,
      "op_leverage_ratio": 1.3072190266166361,
      "fcf_margin_change": -0.0527686067034632
    },
    {
      "date": "2025-09-30T00:00:00",
      "quarter_label": "2025-09 (Q3)",
      "revenue": 1061227000,
      "gross_profit": 389311000,
      "operating_income": 176657000,
      "net_income": 122628000,
      "opex": 212654000,
      "cogs": 671916000,
      "rd": null,
      "sga": 206823000,
      "fcf": 236687000,
      "ocf": 236687000,
      "capex": null,
      "gross_margin": 0.36684988225893234,
      "op_margin": 0.16646485624659002,
      "fcf_margin": 0.2230314532140626,
      "incr_op_margin_yoy": 0.40141735942582746,
      "rev_growth_yoy": 0.07874692887180702,
      "rev_growth_yoy_accel": 0.01317864595039206,
      "fcf_margin_change": 0.09091832098794878
    }
  ],
  "signals": [
    {
      "quarter": "2025-09 (Q3)",
      "signal": "FCF MARGIN EXPANSION",
      "detail": "FCF margin: +13.2% -> +22.3% (+9.1%)",
      "severity": "MEDIUM"
    },
    {
      "quarter": "2025-09 (Q3)",
      "signal": "INCREMENTAL MARGIN (YoY)",
      "detail": "YoY Incr OPM: +40.1% vs year-ago OPM: +14.8%",
      "severity": "HIGH"
    },
    {
      "quarter": "2025-06 (Q2)",
      "signal": "INCREMENTAL MARGIN (YoY)",
      "detail": "YoY Incr OPM: +64.6% vs year-ago OPM: +14.6%",
      "severity": "HIGH"
    },
    {
      "quarter": "2025-03 (Q1)",
      "signal": "FCF MARGIN EXPANSION",
      "detail": "FCF margin: +9.4% -> +18.5% (+9.1%)",
      "severity": "MEDIUM"
    },
    {
      "quarter": "2025-03 (Q1)",
      "signal": "YoY REVENUE GROWTH ACCELERATION",
      "detail": "YoY growth: +2.4% vs prior quarter YoY: -3.4% (accel: +5.8%)",
      "severity": "MEDIUM"
    },
    {
      "quarter": "2024-12 (Q4)",
      "signal": "INCREMENTAL MARGIN (YoY)",
      "detail": "YoY Incr OPM: +74.0% vs year-ago OPM: +19.3%",
      "severity": "HIGH"
    },
    {
      "quarter": "2024-09 (Q3)",
      "signal": "INCREMENTAL MARGIN (YoY)",
      "detail": "YoY Incr OPM: +52.3% vs year-ago OPM: +16.6%",
      "severity": "HIGH"
    },
    {
      "quarter": "2024-06 (Q2)",
      "signal": "INCREMENTAL MARGIN (YoY)",
      "detail": "YoY Incr OPM: +75.0% vs year-ago OPM: +16.8%",
      "severity": "HIGH"
    },
    {
      "quarter": "2024-03 (Q1)",
      "signal": "GROSS MARGIN INFLECTION",
      "detail": "GM: +35.4% -> +35.1% -> +37.5% (reversal +2.5%)",
      "severity": "MEDIUM"
    },
    {
      "quarter": "2024-03 (Q1)",
      "signal": "YoY REVENUE GROWTH DECELERATION",
      "detail": "YoY growth: -5.6% vs prior quarter YoY: +13.7% (decel: -19.3%)",
      "severity": "WARNING"
    },
    {
      "quarter": "2023-12 (Q4)",
      "signal": "INCREMENTAL MARGIN (YoY)",
      "detail": "YoY Incr OPM: +49.0% vs year-ago OPM: +15.2%",
      "severity": "HIGH"
    },
    {
      "quarter": "2023-09 (Q3)",
      "signal": "INCREMENTAL MARGIN (YoY)",
      "detail": "YoY Incr OPM: +29.9% vs year-ago OPM: +15.2%",
      "severity": "MEDIUM"
    },
    {
      "quarter": "2023-06 (Q2)",
      "signal": "FCF MARGIN EXPANSION",
      "detail": "FCF margin: +11.9% -> +18.7% (+6.8%)",
      "severity": "MEDIUM"
    },
    {
      "quarter": "2022-12 (Q4)",
      "signal": "YoY REVENUE GROWTH DECELERATION",
      "detail": "YoY growth: +10.3% vs prior quarter YoY: +16.0% (decel: -5.7%)",
      "severity": "WARNING"
    },
    {
      "quarter": "2022-12 (Q4)",
      "signal": "INCREMENTAL MARGIN (YoY)",
      "detail": "YoY Incr OPM: +24.4% vs year-ago OPM: +14.3%",
      "severity": "MEDIUM"
    },
    {
      "quarter": "2022-06 (Q2)",
      "signal": "FCF MARGIN EXPANSION",
      "detail": "FCF margin: +4.7% -> +10.1% (+5.5%)",
      "severity": "MEDIUM"
    },
    {
      "quarter": "2022-06 (Q2)",
      "signal": "INCREMENTAL MARGIN (YoY)",
      "detail": "YoY Incr OPM: +31.9% vs year-ago OPM: +14.7%",
      "severity": "MEDIUM"
    },
    {
      "quarter": "2022-03 (Q1)",
      "signal": "GROSS MARGIN INFLECTION",
      "detail": "GM: +33.3% -> +32.3% -> +35.6% (reversal +3.3%)",
      "severity": "MEDIUM"
    },
    {
      "quarter": "2022-03 (Q1)",
      "signal": "INCREMENTAL MARGIN (YoY)",
      "detail": "YoY Incr OPM: +34.0% vs year-ago OPM: +13.7%",
      "severity": "HIGH"
    },
    {
      "quarter": "2021-12 (Q4)",
      "signal": "INCREMENTAL MARGIN (YoY)",
      "detail": "YoY Incr OPM: +24.5% vs year-ago OPM: +12.0%",
      "severity": "MEDIUM"
    },
    {
      "quarter": "2021-06 (Q2)",
      "signal": "FCF MARGIN EXPANSION",
      "detail": "FCF margin: +6.0% -> +12.1% (+6.1%)",
      "severity": "MEDIUM"
    },
    {
      "quarter": "2021-06 (Q2)",
      "signal": "OPERATING LEVERAGE",
      "detail": "Rev growth +9.2% vs OpEx growth +1.6% (leverage: 5.9x)",
      "severity": "MEDIUM"
    },
    {
      "quarter": "2021-03 (Q1)",
      "signal": "OPERATING LEVERAGE",
      "detail": "Rev growth +9.1% vs OpEx growth +2.8% (leverage: 3.3x)",
      "severity": "MEDIUM"
    }
  ],
  "data_quality": {
    "n_quarters": 20,
    "coverage": {
      "revenue": [
        20,
        20
      ],
      "gross_profit": [
        20,
        20
      ],
      "op_income": [
        20,
        20
      ],
      "fcf": [
        20,
        20
      ]
    },
    "gaps": [],
    "warnings": []
  },
  "market_cap": null,
  "source": "SEC EDGAR",
  "last_updated": "2026-02-02T20:28:00.034378",
  "sector": "Industrials",
  "industry": "Tools & Accessories"
}