{
  "ticker": "LEDS",
  "name": "SEMILEDS CORPORATION",
  "quarters": [
    {
      "date": "2021-02-28T00:00:00",
      "quarter_label": "2021-02 (Q1)",
      "revenue": 1206000,
      "gross_profit": 241000,
      "operating_income": -507000,
      "net_income": -255000,
      "opex": 748000,
      "cogs": 965000,
      "rd": 288000,
      "sga": 667000,
      "fcf": -769000,
      "ocf": -713000,
      "capex": -56000,
      "gross_margin": 0.1998341625207297,
      "op_margin": -0.42039800995024873,
      "fcf_margin": -0.6376451077943616
    },
    {
      "date": "2021-05-31T00:00:00",
      "quarter_label": "2021-05 (Q2)",
      "revenue": 1439000,
      "gross_profit": 664000,
      "operating_income": -592000,
      "net_income": -64000,
      "opex": 1256000,
      "cogs": 775000,
      "rd": 528000,
      "sga": 730000,
      "fcf": -215000,
      "ocf": -201000,
      "capex": -14000,
      "gross_margin": 0.46143154968728284,
      "op_margin": -0.41139680333564976,
      "fcf_margin": -0.14940931202223767,
      "op_leverage_ratio": 0.2844765672947598,
      "fcf_margin_change": 0.4882357957721239
    },
    {
      "date": "2021-08-31T00:00:00",
      "quarter_label": "2021-08 (Q3)",
      "revenue": 1371000,
      "gross_profit": 150000,
      "operating_income": -1847000,
      "net_income": -1835000,
      "opex": 1997000,
      "cogs": 1221000,
      "rd": 461000,
      "sga": 1536000,
      "fcf": -881000,
      "ocf": -874000,
      "capex": -7000,
      "gross_margin": 0.10940919037199125,
      "op_margin": -1.3471918307804522,
      "fcf_margin": -0.6425966447848286,
      "fcf_margin_change": -0.4931873327625909
    },
    {
      "date": "2021-11-30T00:00:00",
      "quarter_label": "2021-11 (Q4)",
      "revenue": 1465000,
      "gross_profit": 203000,
      "operating_income": -978000,
      "net_income": -518000,
      "opex": 1181000,
      "cogs": 1262000,
      "rd": 404000,
      "sga": 777000,
      "fcf": -638000,
      "ocf": -607000,
      "capex": -31000,
      "gross_margin": 0.1385665529010239,
      "op_margin": -0.6675767918088737,
      "fcf_margin": -0.4354948805460751,
      "op_leverage_ratio": Infinity,
      "fcf_margin_change": 0.20710176423875348
    },
    {
      "date": "2022-02-28T00:00:00",
      "quarter_label": "2022-02 (Q1)",
      "revenue": 2176000,
      "gross_profit": 523000,
      "operating_income": -379000,
      "net_income": -172000,
      "opex": 902000,
      "cogs": 1653000,
      "rd": 295000,
      "sga": 746000,
      "fcf": -442000,
      "ocf": -424000,
      "capex": -18000,
      "gross_margin": 0.24034926470588236,
      "op_margin": -0.17417279411764705,
      "fcf_margin": -0.203125,
      "rev_growth_yoy": 0.8043117744610282,
      "op_leverage_ratio": Infinity,
      "fcf_margin_change": 0.2323698805460751
    },
    {
      "date": "2022-05-31T00:00:00",
      "quarter_label": "2022-05 (Q2)",
      "revenue": 1784000,
      "gross_profit": 336000,
      "operating_income": -774000,
      "net_income": -916000,
      "opex": 1110000,
      "cogs": 1448000,
      "rd": 357000,
      "sga": 810000,
      "fcf": -852000,
      "ocf": -832000,
      "capex": -20000,
      "gross_margin": 0.18834080717488788,
      "op_margin": -0.43385650224215244,
      "fcf_margin": -0.47757847533632286,
      "rev_growth_yoy": 0.23974982626824184,
      "rev_growth_yoy_accel": -0.5645619481927864,
      "fcf_margin_change": -0.27445347533632286
    },
    {
      "date": "2022-08-31T00:00:00",
      "quarter_label": "2022-08 (Q3)",
      "revenue": 1626000,
      "gross_profit": 335000,
      "operating_income": -1069000,
      "net_income": -1138000,
      "opex": 1404000,
      "cogs": 1291000,
      "rd": 428000,
      "sga": 976000,
      "fcf": 152000,
      "ocf": 363000,
      "capex": -211000,
      "gross_margin": 0.20602706027060272,
      "op_margin": -0.6574415744157441,
      "fcf_margin": 0.09348093480934809,
      "rev_growth_yoy": 0.18599562363238512,
      "rev_growth_yoy_accel": -0.05375420263585673,
      "fcf_margin_change": 0.571059410145671
    },
    {
      "date": "2022-11-30T00:00:00",
      "quarter_label": "2022-11 (Q4)",
      "revenue": 1695000,
      "gross_profit": 463000,
      "operating_income": -654000,
      "net_income": -512000,
      "opex": 1117000,
      "cogs": 1232000,
      "rd": 365000,
      "sga": 752000,
      "fcf": 333000,
      "ocf": 396000,
      "capex": -63000,
      "gross_margin": 0.27315634218289087,
      "op_margin": -0.3858407079646018,
      "fcf_margin": 0.19646017699115045,
      "rev_growth_yoy": 0.15699658703071673,
      "rev_growth_yoy_accel": -0.028999036601668388,
      "op_leverage_ratio": Infinity,
      "fcf_margin_change": 0.10297924218180236
    },
    {
      "date": "2023-02-28T00:00:00",
      "quarter_label": "2023-02 (Q1)",
      "revenue": 1152000,
      "gross_profit": 262000,
      "operating_income": -702000,
      "net_income": -541000,
      "opex": 964000,
      "cogs": 890000,
      "rd": 295000,
      "sga": 669000,
      "fcf": -501000,
      "ocf": -481000,
      "capex": -20000,
      "gross_margin": 0.22743055555555555,
      "op_margin": -0.609375,
      "fcf_margin": -0.4348958333333333,
      "incr_op_margin_yoy": 0.3154296875,
      "rev_growth_yoy": -0.47058823529411764,
      "rev_growth_yoy_accel": -0.6275848223248344,
      "fcf_margin_change": -0.6313560103244837
    },
    {
      "date": "2023-05-31T00:00:00",
      "quarter_label": "2023-05 (Q2)",
      "revenue": 1679000,
      "gross_profit": 241000,
      "operating_income": -981000,
      "net_income": -756000,
      "opex": 1222000,
      "cogs": 1438000,
      "rd": 372000,
      "sga": 850000,
      "fcf": -689000,
      "ocf": -560000,
      "capex": -129000,
      "gross_margin": 0.14353782013103036,
      "op_margin": -0.5842763549731983,
      "fcf_margin": -0.4103633114949375,
      "rev_growth_yoy": -0.05885650224215247,
      "rev_growth_yoy_accel": 0.4117317330519652,
      "op_leverage_ratio": 1.7092888673557278,
      "fcf_margin_change": 0.024532521838395827
    },
    {
      "date": "2023-08-31T00:00:00",
      "quarter_label": "2023-08 (Q3)",
      "revenue": 1453000,
      "gross_profit": 41000,
      "operating_income": -1067000,
      "net_income": -881000,
      "opex": 1108000,
      "cogs": 1412000,
      "rd": 321000,
      "sga": 787000,
      "fcf": -327000,
      "ocf": -339000,
      "capex": 12000,
      "gross_margin": 0.028217481073640742,
      "op_margin": -0.7343427391603579,
      "fcf_margin": -0.22505161734342738,
      "rev_growth_yoy": -0.10639606396063961,
      "rev_growth_yoy_accel": -0.04753956171848714,
      "fcf_margin_change": 0.1853116941515101
    },
    {
      "date": "2023-11-30T00:00:00",
      "quarter_label": "2023-11 (Q4)",
      "revenue": 1650000,
      "gross_profit": 245000,
      "operating_income": -819000,
      "net_income": -598000,
      "opex": 1064000,
      "cogs": 1405000,
      "rd": 372000,
      "sga": 742000,
      "fcf": -129000,
      "ocf": -79000,
      "capex": -50000,
      "gross_margin": 0.1484848484848485,
      "op_margin": -0.49636363636363634,
      "fcf_margin": -0.07818181818181819,
      "rev_growth_yoy": -0.02654867256637168,
      "rev_growth_yoy_accel": 0.07984739139426793,
      "op_leverage_ratio": Infinity,
      "fcf_margin_change": 0.1468697991616092
    },
    {
      "date": "2024-02-29T00:00:00",
      "quarter_label": "2024-02 (Q1)",
      "revenue": 886000,
      "gross_profit": 112000,
      "operating_income": -832000,
      "net_income": -559000,
      "opex": 944000,
      "cogs": 774000,
      "rd": 251000,
      "sga": 693000,
      "fcf": -619000,
      "ocf": -600000,
      "capex": -19000,
      "gross_margin": 0.12641083521444696,
      "op_margin": -0.9390519187358917,
      "fcf_margin": -0.698645598194131,
      "rev_growth_yoy": -0.2309027777777778,
      "rev_growth_yoy_accel": -0.20435410521140612,
      "fcf_margin_change": -0.6204637800123127
    },
    {
      "date": "2024-05-31T00:00:00",
      "quarter_label": "2024-05 (Q2)",
      "revenue": 1323000,
      "gross_profit": 543000,
      "operating_income": -473000,
      "net_income": -319000,
      "opex": 1016000,
      "cogs": 780000,
      "rd": 320000,
      "sga": 696000,
      "fcf": 98000,
      "ocf": 109000,
      "capex": -11000,
      "gross_margin": 0.41043083900226757,
      "op_margin": -0.35752078609221466,
      "fcf_margin": 0.07407407407407407,
      "rev_growth_yoy": -0.2120309708159619,
      "rev_growth_yoy_accel": 0.018871806961815896,
      "op_leverage_ratio": 6.4667669927263605,
      "fcf_margin_change": 0.772719672268205
    },
    {
      "date": "2024-08-31T00:00:00",
      "quarter_label": "2024-08 (Q3)",
      "revenue": 1324000,
      "gross_profit": 153000,
      "operating_income": -825000,
      "net_income": -560000,
      "opex": 978000,
      "cogs": 1171000,
      "rd": 217000,
      "sga": 760000,
      "fcf": 166000,
      "ocf": 209000,
      "capex": -43000,
      "gross_margin": 0.11555891238670694,
      "op_margin": -0.6231117824773413,
      "fcf_margin": 0.12537764350453173,
      "rev_growth_yoy": -0.08878183069511356,
      "rev_growth_yoy_accel": 0.12324914012084834,
      "fcf_margin_change": 0.05130356943045766
    },
    {
      "date": "2024-11-30T00:00:00",
      "quarter_label": "2024-11 (Q4)",
      "revenue": 1261000,
      "gross_profit": 260000,
      "operating_income": -657000,
      "net_income": -547000,
      "opex": 917000,
      "cogs": 1001000,
      "rd": 221000,
      "sga": 696000,
      "fcf": -276000,
      "ocf": -158000,
      "capex": -118000,
      "gross_margin": 0.20618556701030927,
      "op_margin": -0.52101506740682,
      "fcf_margin": -0.21887390959555908,
      "rev_growth_yoy": -0.23575757575757575,
      "rev_growth_yoy_accel": -0.1469757450624622,
      "fcf_margin_change": -0.3442515531000908
    },
    {
      "date": "2025-02-28T00:00:00",
      "quarter_label": "2025-02 (Q1)",
      "revenue": 10872000,
      "gross_profit": 1003000,
      "operating_income": 110000,
      "net_income": 388000,
      "opex": 893000,
      "cogs": 9869000,
      "rd": 279000,
      "sga": 614000,
      "fcf": 1285000,
      "ocf": 1405000,
      "capex": -120000,
      "gross_margin": 0.09225533480500368,
      "op_margin": 0.010117733627667403,
      "fcf_margin": 0.11819352465047829,
      "incr_op_margin_yoy": 0.09433206489084718,
      "rev_growth_yoy": 11.270880361173814,
      "rev_growth_yoy_accel": 11.50663793693139,
      "op_leverage_ratio": Infinity,
      "fcf_margin_change": 0.33706743424603736
    },
    {
      "date": "2025-05-31T00:00:00",
      "quarter_label": "2025-05 (Q2)",
      "revenue": 17651000,
      "gross_profit": 939000,
      "operating_income": -62000,
      "net_income": 223000,
      "opex": 1001000,
      "cogs": 16712000,
      "rd": 292000,
      "sga": 709000,
      "fcf": 383000,
      "ocf": 693000,
      "capex": -310000,
      "gross_margin": 0.05319811908673729,
      "op_margin": -0.0035125488640870206,
      "fcf_margin": 0.021698487337827886,
      "incr_op_margin_yoy": 0.025171484566389023,
      "rev_growth_yoy": 12.341647770219199,
      "rev_growth_yoy_accel": 1.0707674090453843,
      "op_leverage_ratio": 5.155655540566321,
      "fcf_margin_change": -0.09649503731265041
    },
    {
      "date": "2025-08-31T00:00:00",
      "quarter_label": "2025-08 (Q3)",
      "revenue": 13225000,
      "gross_profit": 229000,
      "operating_income": -986000,
      "net_income": -1194000,
      "opex": 1215000,
      "cogs": 12996000,
      "rd": 362000,
      "sga": 853000,
      "fcf": 239000,
      "ocf": 260000,
      "capex": -21000,
      "gross_margin": 0.017315689981096408,
      "op_margin": -0.07455576559546313,
      "fcf_margin": 0.018071833648393196,
      "incr_op_margin_yoy": -0.013528274934879422,
      "rev_growth_yoy": 8.988670694864048,
      "rev_growth_yoy_accel": -3.3529770753551507,
      "fcf_margin_change": -0.0036266536894346904
    },
    {
      "date": "2025-11-30T00:00:00",
      "quarter_label": "2025-11 (Q4)",
      "revenue": 2569000,
      "gross_profit": 18000,
      "operating_income": -1011000,
      "net_income": null,
      "opex": 1029000,
      "cogs": 2551000,
      "rd": 356000,
      "sga": 703000,
      "fcf": 331000,
      "ocf": 361000,
      "capex": -30000,
      "gross_margin": 0.0070066173608407945,
      "op_margin": -0.3935383417672246,
      "fcf_margin": 0.12884390813546126,
      "incr_op_margin_yoy": -0.2706422018348624,
      "rev_growth_yoy": 1.0372720063441714,
      "rev_growth_yoy_accel": -7.951398688519877,
      "fcf_margin_change": 0.11077207448706806
    }
  ],
  "signals": [
    {
      "quarter": "2025-11 (Q4)",
      "signal": "FCF MARGIN EXPANSION",
      "detail": "FCF margin: +1.8% -> +12.9% (+11.1%)",
      "severity": "MEDIUM"
    },
    {
      "quarter": "2025-11 (Q4)",
      "signal": "YoY REVENUE GROWTH DECELERATION",
      "detail": "YoY growth: +103.7% vs prior quarter YoY: +898.9% (decel: -795.1%)",
      "severity": "WARNING"
    },
    {
      "quarter": "2025-08 (Q3)",
      "signal": "YoY REVENUE GROWTH DECELERATION",
      "detail": "YoY growth: +898.9% vs prior quarter YoY: +1234.2% (decel: -335.3%)",
      "severity": "WARNING"
    },
    {
      "quarter": "2025-05 (Q2)",
      "signal": "OPERATING LEVERAGE",
      "detail": "Rev growth +62.4% vs OpEx growth +12.1% (leverage: 5.2x)",
      "severity": "MEDIUM"
    },
    {
      "quarter": "2025-05 (Q2)",
      "signal": "YoY REVENUE GROWTH ACCELERATION",
      "detail": "YoY growth: +1234.2% vs prior quarter YoY: +1127.1% (accel: +107.1%)",
      "severity": "HIGH"
    },
    {
      "quarter": "2025-02 (Q1)",
      "signal": "FCF TURNED POSITIVE",
      "detail": "FCF margin: -21.9% -> +11.8%",
      "severity": "HIGH"
    },
    {
      "quarter": "2025-02 (Q1)",
      "signal": "YoY REVENUE GROWTH ACCELERATION",
      "detail": "YoY growth: +1127.1% vs prior quarter YoY: -23.6% (accel: +1150.7%)",
      "severity": "HIGH"
    },
    {
      "quarter": "2025-02 (Q1)",
      "signal": "OP MARGIN TURNED POSITIVE (YoY)",
      "detail": "Op margin: -93.9% (year-ago) -> +1.0%",
      "severity": "HIGH"
    },
    {
      "quarter": "2025-02 (Q1)",
      "signal": "OP MARGIN TURNED POSITIVE (QoQ)",
      "detail": "Op margin: -52.1% -> +1.0%",
      "severity": "HIGH"
    },
    {
      "quarter": "2024-11 (Q4)",
      "signal": "GROSS MARGIN INFLECTION",
      "detail": "GM: +41.0% -> +11.6% -> +20.6% (reversal +9.1%)",
      "severity": "HIGH"
    },
    {
      "quarter": "2024-11 (Q4)",
      "signal": "YoY REVENUE GROWTH DECELERATION",
      "detail": "YoY growth: -23.6% vs prior quarter YoY: -8.9% (decel: -14.7%)",
      "severity": "WARNING"
    },
    {
      "quarter": "2024-08 (Q3)",
      "signal": "FCF MARGIN EXPANSION",
      "detail": "FCF margin: +7.4% -> +12.5% (+5.1%)",
      "severity": "MEDIUM"
    },
    {
      "quarter": "2024-08 (Q3)",
      "signal": "YoY REVENUE GROWTH ACCELERATION",
      "detail": "YoY growth: -8.9% vs prior quarter YoY: -21.2% (accel: +12.3%)",
      "severity": "MEDIUM"
    },
    {
      "quarter": "2024-05 (Q2)",
      "signal": "FCF TURNED POSITIVE",
      "detail": "FCF margin: -69.9% -> +7.4%",
      "severity": "HIGH"
    },
    {
      "quarter": "2024-05 (Q2)",
      "signal": "OPERATING LEVERAGE",
      "detail": "Rev growth +49.3% vs OpEx growth +7.6% (leverage: 6.5x)",
      "severity": "MEDIUM"
    },
    {
      "quarter": "2024-05 (Q2)",
      "signal": "GROSS MARGIN INFLECTION",
      "detail": "GM: +14.8% -> +12.6% -> +41.0% (reversal +28.4%)",
      "severity": "HIGH"
    },
    {
      "quarter": "2024-02 (Q1)",
      "signal": "YoY REVENUE GROWTH DECELERATION",
      "detail": "YoY growth: -23.1% vs prior quarter YoY: -2.7% (decel: -20.4%)",
      "severity": "WARNING"
    },
    {
      "quarter": "2023-11 (Q4)",
      "signal": "FCF MARGIN EXPANSION",
      "detail": "FCF margin: -22.5% -> -7.8% (+14.7%)",
      "severity": "MEDIUM"
    },
    {
      "quarter": "2023-11 (Q4)",
      "signal": "GROSS MARGIN INFLECTION",
      "detail": "GM: +14.4% -> +2.8% -> +14.8% (reversal +12.0%)",
      "severity": "HIGH"
    },
    {
      "quarter": "2023-11 (Q4)",
      "signal": "YoY REVENUE GROWTH ACCELERATION",
      "detail": "YoY growth: -2.7% vs prior quarter YoY: -10.6% (accel: +8.0%)",
      "severity": "MEDIUM"
    },
    {
      "quarter": "2023-08 (Q3)",
      "signal": "FCF MARGIN EXPANSION",
      "detail": "FCF margin: -41.0% -> -22.5% (+18.5%)",
      "severity": "MEDIUM"
    },
    {
      "quarter": "2023-05 (Q2)",
      "signal": "OPERATING LEVERAGE",
      "detail": "Rev growth +45.7% vs OpEx growth +26.8% (leverage: 1.7x)",
      "severity": "MEDIUM"
    },
    {
      "quarter": "2023-05 (Q2)",
      "signal": "YoY REVENUE GROWTH ACCELERATION",
      "detail": "YoY growth: -5.9% vs prior quarter YoY: -47.1% (accel: +41.2%)",
      "severity": "HIGH"
    },
    {
      "quarter": "2023-02 (Q1)",
      "signal": "YoY REVENUE GROWTH DECELERATION",
      "detail": "YoY growth: -47.1% vs prior quarter YoY: +15.7% (decel: -62.8%)",
      "severity": "WARNING"
    },
    {
      "quarter": "2022-11 (Q4)",
      "signal": "FCF MARGIN EXPANSION",
      "detail": "FCF margin: +9.3% -> +19.6% (+10.3%)",
      "severity": "MEDIUM"
    },
    {
      "quarter": "2022-08 (Q3)",
      "signal": "FCF TURNED POSITIVE",
      "detail": "FCF margin: -47.8% -> +9.3%",
      "severity": "HIGH"
    },
    {
      "quarter": "2022-08 (Q3)",
      "signal": "YoY REVENUE GROWTH DECELERATION",
      "detail": "YoY growth: +18.6% vs prior quarter YoY: +24.0% (decel: -5.4%)",
      "severity": "WARNING"
    },
    {
      "quarter": "2022-05 (Q2)",
      "signal": "YoY REVENUE GROWTH DECELERATION",
      "detail": "YoY growth: +24.0% vs prior quarter YoY: +80.4% (decel: -56.5%)",
      "severity": "WARNING"
    },
    {
      "quarter": "2022-02 (Q1)",
      "signal": "FCF MARGIN EXPANSION",
      "detail": "FCF margin: -43.5% -> -20.3% (+23.2%)",
      "severity": "MEDIUM"
    },
    {
      "quarter": "2021-11 (Q4)",
      "signal": "FCF MARGIN EXPANSION",
      "detail": "FCF margin: -64.3% -> -43.5% (+20.7%)",
      "severity": "MEDIUM"
    },
    {
      "quarter": "2021-11 (Q4)",
      "signal": "GROSS MARGIN INFLECTION",
      "detail": "GM: +46.1% -> +10.9% -> +13.9% (reversal +2.9%)",
      "severity": "MEDIUM"
    },
    {
      "quarter": "2021-05 (Q2)",
      "signal": "FCF MARGIN EXPANSION",
      "detail": "FCF margin: -63.8% -> -14.9% (+48.8%)",
      "severity": "MEDIUM"
    }
  ],
  "data_quality": {
    "n_quarters": 20,
    "coverage": {
      "revenue": [
        20,
        20
      ],
      "gross_profit": [
        20,
        20
      ],
      "op_income": [
        20,
        20
      ],
      "fcf": [
        20,
        20
      ]
    },
    "gaps": [],
    "warnings": []
  },
  "market_cap": null,
  "source": "SEC EDGAR",
  "last_updated": "2026-02-03T00:03:27.093687",
  "sector": "Technology",
  "industry": "Semiconductors"
}