{
  "ticker": "LEGH",
  "name": "Legacy Housing Corporation",
  "quarters": [
    {
      "date": "2020-12-31T00:00:00",
      "quarter_label": "2020-12 (Q4)",
      "revenue": 48702000,
      "gross_profit": 17366000,
      "operating_income": 13093000,
      "net_income": 10488000,
      "opex": 4273000,
      "cogs": 31336000,
      "rd": null,
      "sga": 4866000,
      "fcf": 5046000,
      "ocf": 5735000,
      "capex": -689000,
      "gross_margin": 0.3565767319617264,
      "op_margin": 0.2688390620508398,
      "fcf_margin": 0.10360970802020451
    },
    {
      "date": "2021-03-31T00:00:00",
      "quarter_label": "2021-03 (Q1)",
      "revenue": 39940000,
      "gross_profit": 15916000,
      "operating_income": 10660000,
      "net_income": 9024000,
      "opex": 5256000,
      "cogs": 24024000,
      "rd": null,
      "sga": 4793000,
      "fcf": -3188000,
      "ocf": -1471000,
      "capex": -1717000,
      "gross_margin": 0.39849774661992987,
      "op_margin": 0.2669003505257887,
      "fcf_margin": -0.07981972959439158,
      "fcf_margin_change": -0.1834294376145961
    },
    {
      "date": "2021-06-30T00:00:00",
      "quarter_label": "2021-06 (Q2)",
      "revenue": 48589000,
      "gross_profit": 19981000,
      "operating_income": 14702000,
      "net_income": 12428000,
      "opex": 5279000,
      "cogs": 28608000,
      "rd": null,
      "sga": 5165000,
      "fcf": -3917000,
      "ocf": -3304000,
      "capex": -613000,
      "gross_margin": 0.4112247628063965,
      "op_margin": 0.3025787729733067,
      "fcf_margin": -0.0806149540019346,
      "op_leverage_ratio": 49.48634255731424,
      "fcf_margin_change": -0.0007952244075430104
    },
    {
      "date": "2021-09-30T00:00:00",
      "quarter_label": "2021-09 (Q3)",
      "revenue": 56470000,
      "gross_profit": 23078000,
      "operating_income": 17612000,
      "net_income": 14733000,
      "opex": 5466000,
      "cogs": 33392000,
      "rd": null,
      "sga": 5045000,
      "fcf": 52920000,
      "ocf": 55233000,
      "capex": -2313000,
      "gross_margin": 0.4086771737205596,
      "op_margin": 0.31188241544182754,
      "fcf_margin": 0.9371347618204356,
      "op_leverage_ratio": 4.578818427136795,
      "fcf_margin_change": 1.0177497158223703
    },
    {
      "date": "2021-12-31T00:00:00",
      "quarter_label": "2021-12 (Q4)",
      "revenue": 52508000,
      "gross_profit": 24482000,
      "operating_income": 15944000,
      "net_income": 13688000,
      "opex": 8538000,
      "cogs": 28026000,
      "rd": null,
      "sga": 8301000,
      "fcf": 8529000,
      "ocf": 9838000,
      "capex": -1309000,
      "gross_margin": 0.46625276148396433,
      "op_margin": 0.3036489677763388,
      "fcf_margin": 0.16243239125466596,
      "incr_op_margin_yoy": 0.7490803993694167,
      "rev_growth_yoy": 0.07814874132479159,
      "fcf_margin_change": -0.7747023705657696
    },
    {
      "date": "2022-03-31T00:00:00",
      "quarter_label": "2022-03 (Q1)",
      "revenue": 59928000,
      "gross_profit": 26201000,
      "operating_income": 18267000,
      "net_income": 16092000,
      "opex": 7934000,
      "cogs": 33727000,
      "rd": null,
      "sga": 7659000,
      "fcf": -1920000,
      "ocf": -1057000,
      "capex": -863000,
      "gross_margin": 0.43720798291282875,
      "op_margin": 0.30481577893472167,
      "fcf_margin": -0.032038446135362435,
      "incr_op_margin_yoy": 0.3805783470082049,
      "rev_growth_yoy": 0.500450676014021,
      "rev_growth_yoy_accel": 0.42230193468922944,
      "op_leverage_ratio": Infinity,
      "fcf_margin_change": -0.1944708373900284
    },
    {
      "date": "2022-06-30T00:00:00",
      "quarter_label": "2022-06 (Q2)",
      "revenue": 64211000,
      "gross_profit": 26800000,
      "operating_income": 20460000,
      "net_income": 17261000,
      "opex": 6340000,
      "cogs": 37411000,
      "rd": null,
      "sga": 5901000,
      "fcf": -3542000,
      "ocf": -2899000,
      "capex": -643000,
      "gross_margin": 0.41737397019202316,
      "op_margin": 0.31863699366152215,
      "fcf_margin": -0.05516188815000545,
      "incr_op_margin_yoy": 0.3685827678914352,
      "rev_growth_yoy": 0.3215130996727654,
      "rev_growth_yoy_accel": -0.17893757634125562,
      "op_leverage_ratio": Infinity,
      "fcf_margin_change": -0.023123442014643017
    },
    {
      "date": "2022-09-30T00:00:00",
      "quarter_label": "2022-09 (Q3)",
      "revenue": 57325000,
      "gross_profit": 23815000,
      "operating_income": 16862000,
      "net_income": 14735000,
      "opex": 6953000,
      "cogs": 33510000,
      "rd": null,
      "sga": 6727000,
      "fcf": 2984000,
      "ocf": 4746000,
      "capex": -1762000,
      "gross_margin": 0.41543829044919317,
      "op_margin": 0.29414740514609683,
      "fcf_margin": 0.052054077627562145,
      "rev_growth_yoy": 0.01514078271648663,
      "rev_growth_yoy_accel": -0.3063723169562788,
      "fcf_margin_change": 0.10721596577756759
    },
    {
      "date": "2022-12-31T00:00:00",
      "quarter_label": "2022-12 (Q4)",
      "revenue": 75551000,
      "gross_profit": 30085000,
      "operating_income": 22428000,
      "net_income": 19685000,
      "opex": 7657000,
      "cogs": 45466000,
      "rd": null,
      "sga": 7281000,
      "fcf": -3013000,
      "ocf": -2481000,
      "capex": -532000,
      "gross_margin": 0.3982078331193498,
      "op_margin": 0.29685907532660055,
      "fcf_margin": -0.03988034572672764,
      "incr_op_margin_yoy": 0.2813869721824415,
      "rev_growth_yoy": 0.438847413727432,
      "rev_growth_yoy_accel": 0.4237066310109454,
      "op_leverage_ratio": 3.1401245391111288,
      "fcf_margin_change": -0.09193442335428978
    },
    {
      "date": "2023-03-31T00:00:00",
      "quarter_label": "2023-03 (Q1)",
      "revenue": 52857000,
      "gross_profit": 23897000,
      "operating_income": 18354000,
      "net_income": 16276000,
      "opex": 34503000,
      "cogs": 28960000,
      "rd": null,
      "sga": 5412000,
      "fcf": -3452000,
      "ocf": -2691000,
      "capex": -761000,
      "gross_margin": 0.45210662731520895,
      "op_margin": 0.3472387763210171,
      "fcf_margin": -0.06530828461698546,
      "incr_op_margin_yoy": -0.01230377598642342,
      "rev_growth_yoy": -0.11799158990788947,
      "rev_growth_yoy_accel": -0.5568390036353215,
      "fcf_margin_change": -0.025427938890257816
    },
    {
      "date": "2023-06-30T00:00:00",
      "quarter_label": "2023-06 (Q2)",
      "revenue": 52636000,
      "gross_profit": 22927000,
      "operating_income": 17500000,
      "net_income": 15020000,
      "opex": 35136000,
      "cogs": 29709000,
      "rd": null,
      "sga": 5527000,
      "fcf": -5549000,
      "ocf": -4773000,
      "capex": -776000,
      "gross_margin": 0.4355764115814272,
      "op_margin": 0.33247207234592296,
      "fcf_margin": -0.10542214453985865,
      "incr_op_margin_yoy": 0.2557235421166307,
      "rev_growth_yoy": -0.18026506361838315,
      "rev_growth_yoy_accel": -0.06227347371049369,
      "fcf_margin_change": -0.040113859922873196
    },
    {
      "date": "2023-09-30T00:00:00",
      "quarter_label": "2023-09 (Q3)",
      "revenue": 49937000,
      "gross_profit": 25117000,
      "operating_income": 19014000,
      "net_income": 16088000,
      "opex": 30923000,
      "cogs": 24820000,
      "rd": null,
      "sga": 6108000,
      "fcf": -855000,
      "ocf": 2180000,
      "capex": -3035000,
      "gross_margin": 0.5029737469211206,
      "op_margin": 0.3807597572941907,
      "fcf_margin": -0.017121573182209585,
      "incr_op_margin_yoy": -0.29128316188413644,
      "rev_growth_yoy": -0.12887919755778457,
      "rev_growth_yoy_accel": 0.051385866060598584,
      "fcf_margin_change": 0.08830057135764907
    },
    {
      "date": "2023-12-31T00:00:00",
      "quarter_label": "2023-12 (Q4)",
      "revenue": 33714000,
      "gross_profit": 17512000,
      "operating_income": 9720000,
      "net_income": 7076000,
      "opex": 23994000,
      "cogs": 16202000,
      "rd": null,
      "sga": 7233000,
      "fcf": -11393000,
      "ocf": -8252000,
      "capex": -3141000,
      "gross_margin": 0.5194281307468708,
      "op_margin": 0.28830752802989856,
      "fcf_margin": -0.33793082992228746,
      "incr_op_margin_yoy": 0.3037502689007338,
      "rev_growth_yoy": -0.5537583883734166,
      "rev_growth_yoy_accel": -0.4248791908156321,
      "fcf_margin_change": -0.3208092567400779
    },
    {
      "date": "2024-03-31T00:00:00",
      "quarter_label": "2024-03 (Q1)",
      "revenue": 43243000,
      "gross_profit": 22777000,
      "operating_income": 16750000,
      "net_income": 15140000,
      "opex": 26493000,
      "cogs": 20466000,
      "rd": null,
      "sga": 5889000,
      "fcf": 9935000,
      "ocf": 10806000,
      "capex": -871000,
      "gross_margin": 0.5267210878061189,
      "op_margin": 0.3873459288208496,
      "fcf_margin": 0.22974816733344125,
      "incr_op_margin_yoy": 0.16684002496359476,
      "rev_growth_yoy": -0.1818869780729137,
      "rev_growth_yoy_accel": 0.3718714103005029,
      "op_leverage_ratio": 2.713772535175309,
      "fcf_margin_change": 0.5676789972557287
    },
    {
      "date": "2024-06-30T00:00:00",
      "quarter_label": "2024-06 (Q2)",
      "revenue": 42495000,
      "gross_profit": 20937000,
      "operating_income": 16030000,
      "net_income": 16189000,
      "opex": 26465000,
      "cogs": 21558000,
      "rd": null,
      "sga": 5574000,
      "fcf": 1722000,
      "ocf": 3459000,
      "capex": -1737000,
      "gross_margin": 0.4926932580303565,
      "op_margin": 0.37722084951170726,
      "fcf_margin": 0.040522414401694316,
      "incr_op_margin_yoy": 0.1449561187259639,
      "rev_growth_yoy": -0.19266281632342883,
      "rev_growth_yoy_accel": -0.010775838250515118,
      "fcf_margin_change": -0.18922575293174693
    },
    {
      "date": "2024-09-30T00:00:00",
      "quarter_label": "2024-09 (Q3)",
      "revenue": 44266000,
      "gross_profit": 22902000,
      "operating_income": 15324000,
      "net_income": 15803000,
      "opex": 28942000,
      "cogs": 21364000,
      "rd": null,
      "sga": 6065000,
      "fcf": 9120000,
      "ocf": 13835000,
      "capex": -4715000,
      "gross_margin": 0.5173722495820721,
      "op_margin": 0.34617991234807755,
      "fcf_margin": 0.2060271992048073,
      "incr_op_margin_yoy": 0.6506788926115323,
      "rev_growth_yoy": -0.11356308949276088,
      "rev_growth_yoy_accel": 0.07909972683066795,
      "op_leverage_ratio": 0.44527326423688596,
      "fcf_margin_change": 0.16550478480311298
    },
    {
      "date": "2024-12-31T00:00:00",
      "quarter_label": "2024-12 (Q4)",
      "revenue": 54187000,
      "gross_profit": 27505000,
      "operating_income": 15506000,
      "net_income": 14511000,
      "opex": 38681000,
      "cogs": 26682000,
      "rd": null,
      "sga": 5694000,
      "fcf": 6004000,
      "ocf": 7893000,
      "capex": -1889000,
      "gross_margin": 0.5075940723789839,
      "op_margin": 0.2861571963755144,
      "fcf_margin": 0.11080148375071512,
      "incr_op_margin_yoy": 0.28261612855956625,
      "rev_growth_yoy": 0.6072551462300528,
      "rev_growth_yoy_accel": 0.7208182357228137,
      "op_leverage_ratio": 0.6660385141795587,
      "fcf_margin_change": -0.09522571545409218
    },
    {
      "date": "2025-03-31T00:00:00",
      "quarter_label": "2025-03 (Q1)",
      "revenue": 35670000,
      "gross_profit": 18478000,
      "operating_income": 11591000,
      "net_income": 10276000,
      "opex": 24079000,
      "cogs": 17192000,
      "rd": null,
      "sga": 6296000,
      "fcf": 3647000,
      "ocf": 4908000,
      "capex": -1261000,
      "gross_margin": 0.5180263526773199,
      "op_margin": 0.3249509391645641,
      "fcf_margin": 0.10224278104850014,
      "incr_op_margin_yoy": 0.681235969893041,
      "rev_growth_yoy": -0.17512661008718175,
      "rev_growth_yoy_accel": -0.7823817563172346,
      "fcf_margin_change": -0.008558702702214982
    },
    {
      "date": "2025-06-30T00:00:00",
      "quarter_label": "2025-06 (Q2)",
      "revenue": 50161000,
      "gross_profit": 24220000,
      "operating_income": 16817000,
      "net_income": 14695000,
      "opex": 33344000,
      "cogs": 25941000,
      "rd": null,
      "sga": 6638000,
      "fcf": 3687000,
      "ocf": 6062000,
      "capex": -2375000,
      "gross_margin": 0.48284523833256915,
      "op_margin": 0.3352604613145671,
      "fcf_margin": 0.07350331931181596,
      "incr_op_margin_yoy": 0.10266110096530133,
      "rev_growth_yoy": 0.18039769384633486,
      "rev_growth_yoy_accel": 0.35552430393351664,
      "op_leverage_ratio": 1.0558160756142798,
      "fcf_margin_change": -0.02873946173668418
    },
    {
      "date": "2025-09-30T00:00:00",
      "quarter_label": "2025-09 (Q3)",
      "revenue": 40478000,
      "gross_profit": 17515000,
      "operating_income": 9709000,
      "net_income": 8645000,
      "opex": 30769000,
      "cogs": 22963000,
      "rd": null,
      "sga": 7315000,
      "fcf": 5122000,
      "ocf": 7153000,
      "capex": -2031000,
      "gross_margin": 0.43270418498937696,
      "op_margin": 0.23985868867038884,
      "fcf_margin": 0.1265378724245269,
      "incr_op_margin_yoy": 1.482312565997888,
      "rev_growth_yoy": -0.08557357791533005,
      "rev_growth_yoy_accel": -0.2659712717616649,
      "fcf_margin_change": 0.05303455311271095
    }
  ],
  "signals": [
    {
      "quarter": "2025-09 (Q3)",
      "signal": "FCF MARGIN EXPANSION",
      "detail": "FCF margin: +7.4% -> +12.7% (+5.3%)",
      "severity": "MEDIUM"
    },
    {
      "quarter": "2025-09 (Q3)",
      "signal": "YoY REVENUE GROWTH DECELERATION",
      "detail": "YoY growth: -8.6% vs prior quarter YoY: +18.0% (decel: -26.6%)",
      "severity": "WARNING"
    },
    {
      "quarter": "2025-09 (Q3)",
      "signal": "INCREMENTAL MARGIN (YoY)",
      "detail": "YoY Incr OPM: +148.2% vs year-ago OPM: +34.6%",
      "severity": "HIGH"
    },
    {
      "quarter": "2025-06 (Q2)",
      "signal": "YoY REVENUE GROWTH ACCELERATION",
      "detail": "YoY growth: +18.0% vs prior quarter YoY: -17.5% (accel: +35.6%)",
      "severity": "HIGH"
    },
    {
      "quarter": "2025-03 (Q1)",
      "signal": "YoY REVENUE GROWTH DECELERATION",
      "detail": "YoY growth: -17.5% vs prior quarter YoY: +60.7% (decel: -78.2%)",
      "severity": "WARNING"
    },
    {
      "quarter": "2025-03 (Q1)",
      "signal": "INCREMENTAL MARGIN (YoY)",
      "detail": "YoY Incr OPM: +68.1% vs year-ago OPM: +38.7%",
      "severity": "HIGH"
    },
    {
      "quarter": "2024-12 (Q4)",
      "signal": "YoY REVENUE GROWTH ACCELERATION",
      "detail": "YoY growth: +60.7% vs prior quarter YoY: -11.4% (accel: +72.1%)",
      "severity": "HIGH"
    },
    {
      "quarter": "2024-09 (Q3)",
      "signal": "FCF MARGIN EXPANSION",
      "detail": "FCF margin: +4.1% -> +20.6% (+16.6%)",
      "severity": "MEDIUM"
    },
    {
      "quarter": "2024-09 (Q3)",
      "signal": "GROSS MARGIN INFLECTION",
      "detail": "GM: +52.7% -> +49.3% -> +51.7% (reversal +2.5%)",
      "severity": "MEDIUM"
    },
    {
      "quarter": "2024-09 (Q3)",
      "signal": "YoY REVENUE GROWTH ACCELERATION",
      "detail": "YoY growth: -11.4% vs prior quarter YoY: -19.3% (accel: +7.9%)",
      "severity": "MEDIUM"
    },
    {
      "quarter": "2024-09 (Q3)",
      "signal": "INCREMENTAL MARGIN (YoY)",
      "detail": "YoY Incr OPM: +65.1% vs year-ago OPM: +38.1%",
      "severity": "HIGH"
    },
    {
      "quarter": "2024-03 (Q1)",
      "signal": "FCF TURNED POSITIVE",
      "detail": "FCF margin: -33.8% -> +23.0%",
      "severity": "HIGH"
    },
    {
      "quarter": "2024-03 (Q1)",
      "signal": "OPERATING LEVERAGE",
      "detail": "Rev growth +28.3% vs OpEx growth +10.4% (leverage: 2.7x)",
      "severity": "MEDIUM"
    },
    {
      "quarter": "2024-03 (Q1)",
      "signal": "YoY REVENUE GROWTH ACCELERATION",
      "detail": "YoY growth: -18.2% vs prior quarter YoY: -55.4% (accel: +37.2%)",
      "severity": "HIGH"
    },
    {
      "quarter": "2023-12 (Q4)",
      "signal": "YoY REVENUE GROWTH DECELERATION",
      "detail": "YoY growth: -55.4% vs prior quarter YoY: -12.9% (decel: -42.5%)",
      "severity": "WARNING"
    },
    {
      "quarter": "2023-09 (Q3)",
      "signal": "FCF MARGIN EXPANSION",
      "detail": "FCF margin: -10.5% -> -1.7% (+8.8%)",
      "severity": "MEDIUM"
    },
    {
      "quarter": "2023-09 (Q3)",
      "signal": "GROSS MARGIN INFLECTION",
      "detail": "GM: +45.2% -> +43.6% -> +50.3% (reversal +6.7%)",
      "severity": "HIGH"
    },
    {
      "quarter": "2023-09 (Q3)",
      "signal": "YoY REVENUE GROWTH ACCELERATION",
      "detail": "YoY growth: -12.9% vs prior quarter YoY: -18.0% (accel: +5.1%)",
      "severity": "MEDIUM"
    },
    {
      "quarter": "2023-06 (Q2)",
      "signal": "YoY REVENUE GROWTH DECELERATION",
      "detail": "YoY growth: -18.0% vs prior quarter YoY: -11.8% (decel: -6.2%)",
      "severity": "WARNING"
    },
    {
      "quarter": "2023-03 (Q1)",
      "signal": "GROSS MARGIN INFLECTION",
      "detail": "GM: +41.5% -> +39.8% -> +45.2% (reversal +5.4%)",
      "severity": "HIGH"
    },
    {
      "quarter": "2023-03 (Q1)",
      "signal": "YoY REVENUE GROWTH DECELERATION",
      "detail": "YoY growth: -11.8% vs prior quarter YoY: +43.9% (decel: -55.7%)",
      "severity": "WARNING"
    },
    {
      "quarter": "2022-12 (Q4)",
      "signal": "OPERATING LEVERAGE",
      "detail": "Rev growth +31.8% vs OpEx growth +10.1% (leverage: 3.1x)",
      "severity": "MEDIUM"
    },
    {
      "quarter": "2022-12 (Q4)",
      "signal": "YoY REVENUE GROWTH ACCELERATION",
      "detail": "YoY growth: +43.9% vs prior quarter YoY: +1.5% (accel: +42.4%)",
      "severity": "HIGH"
    },
    {
      "quarter": "2022-09 (Q3)",
      "signal": "FCF TURNED POSITIVE",
      "detail": "FCF margin: -5.5% -> +5.2%",
      "severity": "HIGH"
    },
    {
      "quarter": "2022-09 (Q3)",
      "signal": "YoY REVENUE GROWTH DECELERATION",
      "detail": "YoY growth: +1.5% vs prior quarter YoY: +32.2% (decel: -30.6%)",
      "severity": "WARNING"
    },
    {
      "quarter": "2022-06 (Q2)",
      "signal": "YoY REVENUE GROWTH DECELERATION",
      "detail": "YoY growth: +32.2% vs prior quarter YoY: +50.0% (decel: -17.9%)",
      "severity": "WARNING"
    },
    {
      "quarter": "2022-03 (Q1)",
      "signal": "YoY REVENUE GROWTH ACCELERATION",
      "detail": "YoY growth: +50.0% vs prior quarter YoY: +7.8% (accel: +42.2%)",
      "severity": "HIGH"
    },
    {
      "quarter": "2022-03 (Q1)",
      "signal": "INCREMENTAL MARGIN (YoY)",
      "detail": "YoY Incr OPM: +38.1% vs year-ago OPM: +26.7%",
      "severity": "MEDIUM"
    },
    {
      "quarter": "2021-12 (Q4)",
      "signal": "GROSS MARGIN INFLECTION",
      "detail": "GM: +41.1% -> +40.9% -> +46.6% (reversal +5.8%)",
      "severity": "HIGH"
    },
    {
      "quarter": "2021-12 (Q4)",
      "signal": "INCREMENTAL MARGIN (YoY)",
      "detail": "YoY Incr OPM: +74.9% vs year-ago OPM: +26.9%",
      "severity": "HIGH"
    },
    {
      "quarter": "2021-09 (Q3)",
      "signal": "FCF TURNED POSITIVE",
      "detail": "FCF margin: -8.1% -> +93.7%",
      "severity": "HIGH"
    },
    {
      "quarter": "2021-09 (Q3)",
      "signal": "OPERATING LEVERAGE",
      "detail": "Rev growth +16.2% vs OpEx growth +3.5% (leverage: 4.6x)",
      "severity": "MEDIUM"
    },
    {
      "quarter": "2021-06 (Q2)",
      "signal": "OPERATING LEVERAGE",
      "detail": "Rev growth +21.7% vs OpEx growth +0.4% (leverage: 49.5x)",
      "severity": "MEDIUM"
    }
  ],
  "data_quality": {
    "n_quarters": 20,
    "coverage": {
      "revenue": [
        20,
        20
      ],
      "gross_profit": [
        20,
        20
      ],
      "op_income": [
        20,
        20
      ],
      "fcf": [
        20,
        20
      ]
    },
    "gaps": [],
    "warnings": []
  },
  "market_cap": null,
  "source": "SEC EDGAR",
  "last_updated": "2026-02-02T22:25:21.013366"
}