{
  "ticker": "LESL",
  "name": "LESLIE\u2019S, INC.",
  "sector": "Consumer Cyclical",
  "industry": "Specialty Retail",
  "quarters": [
    {
      "date": "2021-04-03T00:00:00",
      "quarter_label": "2021-04 (Q2)",
      "revenue": 192441000,
      "gross_profit": 71683000,
      "operating_income": 1309000,
      "net_income": -6452000,
      "opex": 70374000,
      "cogs": 120758000,
      "rd": null,
      "sga": 70374000,
      "fcf": 717000,
      "ocf": 7501000,
      "capex": -6784000,
      "gross_margin": 0.37249338758372696,
      "op_margin": 0.00680208479482023,
      "fcf_margin": 0.0037258172634729607
    },
    {
      "date": "2021-07-03T00:00:00",
      "quarter_label": "2021-07 (Q3)",
      "revenue": 596543000,
      "gross_profit": 283698000,
      "operating_income": 166434000,
      "net_income": 118802000,
      "opex": 117264000,
      "cogs": 312845000,
      "rd": null,
      "sga": 117264000,
      "fcf": 221446000,
      "ocf": 229755000,
      "capex": -8309000,
      "gross_margin": 0.4755700762560285,
      "op_margin": 0.27899749054133566,
      "fcf_margin": 0.3712154865617399,
      "op_leverage_ratio": 3.1515586871316437,
      "fcf_margin_change": 0.36748966929826693
    },
    {
      "date": "2021-10-02T00:00:00",
      "quarter_label": "2021-10 (Q4)",
      "revenue": 408926000,
      "gross_profit": 188064000,
      "operating_income": 67116000,
      "net_income": 44541000,
      "opex": 120948000,
      "cogs": 220862000,
      "rd": null,
      "sga": 120948000,
      "fcf": 40175000,
      "ocf": 51307000,
      "capex": -11132000,
      "gross_margin": 0.45989738974777833,
      "op_margin": 0.16412749495018658,
      "fcf_margin": 0.09824515927087052,
      "fcf_margin_change": -0.2729703272908694
    },
    {
      "date": "2022-01-01T00:00:00",
      "quarter_label": "2022-01 (Q1)",
      "revenue": 184824000,
      "gross_profit": 67316000,
      "operating_income": -12469000,
      "net_income": -14451000,
      "opex": 79785000,
      "cogs": 117508000,
      "rd": null,
      "sga": 79785000,
      "fcf": -130961000,
      "ocf": -125559000,
      "capex": -5402000,
      "gross_margin": 0.36421676838505823,
      "op_margin": -0.06746418214084751,
      "fcf_margin": -0.7085713976539844,
      "fcf_margin_change": -0.8068165569248549
    },
    {
      "date": "2022-04-02T00:00:00",
      "quarter_label": "2022-04 (Q2)",
      "revenue": 228072000,
      "gross_profit": 85629000,
      "operating_income": -3989000,
      "net_income": -7440000,
      "opex": 89618000,
      "cogs": 142443000,
      "rd": null,
      "sga": 89618000,
      "fcf": -20118000,
      "ocf": -11198000,
      "capex": -8920000,
      "gross_margin": 0.3754472271914132,
      "op_margin": -0.017490090848503982,
      "fcf_margin": -0.08820898663579922,
      "incr_op_margin_yoy": -0.14869074682158795,
      "rev_growth_yoy": 0.1851528520429638,
      "op_leverage_ratio": 1.8986410808852203,
      "fcf_margin_change": 0.6203624110181851
    },
    {
      "date": "2022-07-02T00:00:00",
      "quarter_label": "2022-07 (Q3)",
      "revenue": 673633000,
      "gross_profit": 303607000,
      "operating_income": 172138000,
      "net_income": 122986000,
      "opex": 131469000,
      "cogs": 370026000,
      "rd": null,
      "sga": 131469000,
      "fcf": 197810000,
      "ocf": 209415000,
      "capex": -11605000,
      "gross_margin": 0.45070090093567267,
      "op_margin": 0.25553676853717083,
      "fcf_margin": 0.2936465404753033,
      "incr_op_margin_yoy": 0.07399143857828512,
      "rev_growth_yoy": 0.12922790142537924,
      "rev_growth_yoy_accel": -0.05592495061758457,
      "op_leverage_ratio": 4.183353907031697,
      "fcf_margin_change": 0.38185552711110254
    },
    {
      "date": "2022-10-01T00:00:00",
      "quarter_label": "2022-10 (Q4)",
      "revenue": 475591000,
      "gross_profit": 217189000,
      "operating_income": 83074000,
      "net_income": 57934000,
      "opex": 134115000,
      "cogs": 258402000,
      "rd": null,
      "sga": 134115000,
      "fcf": -11813000,
      "ocf": -6014000,
      "capex": -5799000,
      "gross_margin": 0.4566718041342246,
      "op_margin": 0.1746752987335757,
      "fcf_margin": -0.024838569274860122,
      "incr_op_margin_yoy": 0.23937598439961,
      "rev_growth_yoy": 0.16302460591891932,
      "rev_growth_yoy_accel": 0.03379670449354008,
      "fcf_margin_change": -0.3184851097501634
    },
    {
      "date": "2022-12-31T00:00:00",
      "quarter_label": "2022-12 (Q4)",
      "revenue": 195104000,
      "gross_profit": 65296000,
      "operating_income": -26985000,
      "net_income": -30259000,
      "opex": 92281000,
      "cogs": 129808000,
      "rd": null,
      "sga": 92281000,
      "fcf": -190106000,
      "ocf": -184409000,
      "capex": -5697000,
      "gross_margin": 0.3346727898966705,
      "op_margin": -0.13831084959816303,
      "fcf_margin": -0.9743828932261768,
      "incr_op_margin_yoy": -1.4120622568093386,
      "rev_growth_yoy": 0.05562048218846037,
      "rev_growth_yoy_accel": -0.10740412373045895,
      "fcf_margin_change": -0.9495443239513166
    },
    {
      "date": "2023-04-01T00:00:00",
      "quarter_label": "2023-04 (Q2)",
      "revenue": 212844000,
      "gross_profit": 71170000,
      "operating_income": -25187000,
      "net_income": -31527000,
      "opex": 96357000,
      "cogs": 141674000,
      "rd": null,
      "sga": 96357000,
      "fcf": -70712000,
      "ocf": -61581000,
      "capex": -9131000,
      "gross_margin": 0.33437635075454325,
      "op_margin": -0.1183354945406025,
      "fcf_margin": -0.3322245400387138,
      "incr_op_margin_yoy": 1.39204097714736,
      "rev_growth_yoy": -0.06676838892981164,
      "rev_growth_yoy_accel": -0.12238887111827201,
      "op_leverage_ratio": 2.0585696184098006,
      "fcf_margin_change": 0.642158353187463
    },
    {
      "date": "2023-07-01T00:00:00",
      "quarter_label": "2023-07 (Q3)",
      "revenue": 610891000,
      "gross_profit": 251596000,
      "operating_income": 115807000,
      "net_income": 72547000,
      "opex": 135789000,
      "cogs": 359295000,
      "rd": null,
      "sga": 135789000,
      "fcf": 159272000,
      "ocf": 171177000,
      "capex": -11905000,
      "gross_margin": 0.4118508866557209,
      "op_margin": 0.18957064353542613,
      "fcf_margin": 0.26072081598844965,
      "incr_op_margin_yoy": 0.8978196423448408,
      "rev_growth_yoy": -0.0931397363252691,
      "rev_growth_yoy_accel": -0.026371347395457462,
      "op_leverage_ratio": 4.569907483368758,
      "fcf_margin_change": 0.5929453560271635
    },
    {
      "date": "2023-09-30T00:00:00",
      "quarter_label": "2023-09 (Q3)",
      "revenue": 432370000,
      "gross_profit": 160161000,
      "operating_income": 38544000,
      "net_income": 16481000,
      "opex": 121617000,
      "cogs": 272209000,
      "rd": null,
      "sga": 121617000,
      "fcf": 69439000,
      "ocf": 81283000,
      "capex": -11844000,
      "gross_margin": 0.3704257927238245,
      "op_margin": 0.08914587043504406,
      "fcf_margin": 0.16060087425122002,
      "incr_op_margin_yoy": 1.0302862034659077,
      "rev_growth_yoy": -0.09087850695240238,
      "rev_growth_yoy_accel": 0.002261229372866727,
      "fcf_margin_change": -0.10011994173722963
    },
    {
      "date": "2023-12-30T00:00:00",
      "quarter_label": "2023-12 (Q4)",
      "revenue": 173960000,
      "gross_profit": 50408000,
      "operating_income": -36470000,
      "net_income": -39553000,
      "opex": 86878000,
      "cogs": 123552000,
      "rd": null,
      "sga": 86878000,
      "fcf": -82613000,
      "ocf": -71874000,
      "capex": -10739000,
      "gross_margin": 0.2897677627040699,
      "op_margin": -0.20964589560818578,
      "fcf_margin": -0.4748965279374569,
      "incr_op_margin_yoy": 0.4485906167234204,
      "rev_growth_yoy": -0.10837297031326883,
      "rev_growth_yoy_accel": -0.01749446336086645,
      "fcf_margin_change": -0.6354974021886769
    },
    {
      "date": "2024-03-30T00:00:00",
      "quarter_label": "2024-03 (Q1)",
      "revenue": 188664000,
      "gross_profit": 54328000,
      "operating_income": -30528000,
      "net_income": -34553000,
      "opex": 84856000,
      "cogs": 134336000,
      "rd": null,
      "sga": 84856000,
      "fcf": -56477000,
      "ocf": -43208000,
      "capex": -13269000,
      "gross_margin": 0.28796166730271805,
      "op_margin": -0.16181147436712887,
      "fcf_margin": -0.29935228766484334,
      "incr_op_margin_yoy": 0.22088502894954506,
      "rev_growth_yoy": -0.11360432993178102,
      "rev_growth_yoy_accel": -0.005231359618512191,
      "op_leverage_ratio": null,
      "fcf_margin_change": 0.17554424027261356
    },
    {
      "date": "2024-06-29T00:00:00",
      "quarter_label": "2024-06 (Q2)",
      "revenue": 569638000,
      "gross_profit": 228840000,
      "operating_income": 97695000,
      "net_income": 60650000,
      "opex": 131145000,
      "cogs": 340798000,
      "rd": null,
      "sga": 131145000,
      "fcf": 165176000,
      "ocf": 175492000,
      "capex": -10316000,
      "gross_margin": 0.4017288172488493,
      "op_margin": 0.17150365670829545,
      "fcf_margin": 0.2899666103736057,
      "incr_op_margin_yoy": 0.43904685719826436,
      "rev_growth_yoy": -0.06752923189243253,
      "rev_growth_yoy_accel": 0.04607509803934849,
      "op_leverage_ratio": 3.701783855225394,
      "fcf_margin_change": 0.5893188980384491
    },
    {
      "date": "2024-09-28T00:00:00",
      "quarter_label": "2024-09 (Q3)",
      "revenue": 397859000,
      "gross_profit": 143214000,
      "operating_income": 26420000,
      "net_income": -9923000,
      "opex": 116794000,
      "cogs": 254645000,
      "rd": null,
      "sga": 116794000,
      "fcf": 34136000,
      "ocf": 47056000,
      "capex": -12920000,
      "gross_margin": 0.35996169497233943,
      "op_margin": 0.06640543509132632,
      "fcf_margin": 0.08579924043442526,
      "incr_op_margin_yoy": 0.3513082785198922,
      "rev_growth_yoy": -0.07981821125424983,
      "rev_growth_yoy_accel": -0.012288979361817304,
      "fcf_margin_change": -0.20416736993918044
    },
    {
      "date": "2024-12-28T00:00:00",
      "quarter_label": "2024-12 (Q4)",
      "revenue": 175228000,
      "gross_profit": 47717000,
      "operating_income": -39700000,
      "net_income": -44564000,
      "opex": 87417000,
      "cogs": 127511000,
      "rd": null,
      "sga": 87417000,
      "fcf": -109756000,
      "ocf": -105078000,
      "capex": -4678000,
      "gross_margin": 0.2723137854680759,
      "op_margin": -0.22656196498276532,
      "fcf_margin": -0.6263610838450476,
      "incr_op_margin_yoy": -2.547318611987382,
      "rev_growth_yoy": 0.00728903196137043,
      "rev_growth_yoy_accel": 0.08710724321562026,
      "fcf_margin_change": -0.7121603242794728
    },
    {
      "date": "2025-03-29T00:00:00",
      "quarter_label": "2025-03 (Q1)",
      "revenue": 177134000,
      "gross_profit": 43946000,
      "operating_income": -48379000,
      "net_income": -51320000,
      "opex": 92325000,
      "cogs": 133188000,
      "rd": null,
      "sga": 92325000,
      "fcf": -55764000,
      "ocf": -49231000,
      "capex": -6533000,
      "gross_margin": 0.24809466279765602,
      "op_margin": -0.27312091411022166,
      "fcf_margin": -0.31481251481928935,
      "incr_op_margin_yoy": 1.5482220294882914,
      "rev_growth_yoy": -0.0611139380061909,
      "rev_growth_yoy_accel": -0.06840296996756133,
      "op_leverage_ratio": 0.19373618181729896,
      "fcf_margin_change": 0.3115485690257583
    },
    {
      "date": "2025-06-28T00:00:00",
      "quarter_label": "2025-06 (Q2)",
      "revenue": 500347000,
      "gross_profit": 197890000,
      "operating_income": 68318000,
      "net_income": 21730000,
      "opex": 129572000,
      "cogs": 302457000,
      "rd": null,
      "sga": 129572000,
      "fcf": 107058000,
      "ocf": 114911000,
      "capex": -7853000,
      "gross_margin": 0.39550551916969623,
      "op_margin": 0.13654124037917686,
      "fcf_margin": 0.213967506550454,
      "incr_op_margin_yoy": 0.42396559437733616,
      "rev_growth_yoy": -0.12164041022544142,
      "rev_growth_yoy_accel": -0.06052647221925052,
      "op_leverage_ratio": 4.522878359575962,
      "fcf_margin_change": 0.5287800213697433
    },
    {
      "date": "2025-10-04T00:00:00",
      "quarter_label": "2025-10 (Q4)",
      "revenue": 389206000,
      "gross_profit": 150094000,
      "operating_income": -150095000,
      "net_income": -162816000,
      "opex": 300189000,
      "cogs": 239112000,
      "rd": null,
      "sga": 116363000,
      "fcf": 41793000,
      "ocf": 48220000,
      "capex": -6427000,
      "gross_margin": 0.3856415368725045,
      "op_margin": -0.38564410620596806,
      "fcf_margin": 0.10738015344059444,
      "incr_op_margin_yoy": 20.39928348549636,
      "rev_growth_yoy": -0.021748911046375725,
      "rev_growth_yoy_accel": 0.0998914991790657,
      "fcf_margin_change": -0.10658735310985955
    },
    {
      "date": "2026-01-03T00:00:00",
      "quarter_label": "2026-01 (Q1)",
      "revenue": 147128000,
      "gross_profit": 27069000,
      "operating_income": -68748000,
      "net_income": -82971000,
      "opex": 95817000,
      "cogs": 120059000,
      "rd": null,
      "sga": 85669000,
      "fcf": -85461000,
      "ocf": -81134000,
      "capex": -4327000,
      "gross_margin": 0.1839826545592953,
      "op_margin": -0.46726659779239843,
      "fcf_margin": -0.5808615627208961,
      "incr_op_margin_yoy": 1.0337366548042706,
      "rev_growth_yoy": -0.16036249914397244,
      "rev_growth_yoy_accel": -0.13861358809759672,
      "fcf_margin_change": -0.6882417161614905
    }
  ],
  "signals": [
    {
      "quarter": "2026-01 (Q1)",
      "signal": "YoY REVENUE GROWTH DECELERATION",
      "detail": "YoY growth: -16.0% vs prior quarter YoY: -2.2% (decel: -13.9%)",
      "severity": "WARNING"
    },
    {
      "quarter": "2025-10 (Q4)",
      "signal": "YoY REVENUE GROWTH ACCELERATION",
      "detail": "YoY growth: -2.2% vs prior quarter YoY: -12.2% (accel: +10.0%)",
      "severity": "MEDIUM"
    },
    {
      "quarter": "2025-06 (Q2)",
      "signal": "FCF TURNED POSITIVE",
      "detail": "FCF margin: -31.5% -> +21.4%",
      "severity": "HIGH"
    },
    {
      "quarter": "2025-06 (Q2)",
      "signal": "OPERATING LEVERAGE",
      "detail": "Rev growth +182.5% vs OpEx growth +40.3% (leverage: 4.5x)",
      "severity": "MEDIUM"
    },
    {
      "quarter": "2025-06 (Q2)",
      "signal": "GROSS MARGIN INFLECTION",
      "detail": "GM: +27.2% -> +24.8% -> +39.6% (reversal +14.7%)",
      "severity": "HIGH"
    },
    {
      "quarter": "2025-06 (Q2)",
      "signal": "YoY REVENUE GROWTH DECELERATION",
      "detail": "YoY growth: -12.2% vs prior quarter YoY: -6.1% (decel: -6.1%)",
      "severity": "WARNING"
    },
    {
      "quarter": "2025-06 (Q2)",
      "signal": "INCREMENTAL MARGIN (YoY)",
      "detail": "YoY Incr OPM: +42.4% vs year-ago OPM: +17.2%",
      "severity": "HIGH"
    },
    {
      "quarter": "2025-06 (Q2)",
      "signal": "OP MARGIN TURNED POSITIVE (QoQ)",
      "detail": "Op margin: -27.3% -> +13.7%",
      "severity": "HIGH"
    },
    {
      "quarter": "2025-03 (Q1)",
      "signal": "FCF MARGIN EXPANSION",
      "detail": "FCF margin: -62.6% -> -31.5% (+31.2%)",
      "severity": "MEDIUM"
    },
    {
      "quarter": "2025-03 (Q1)",
      "signal": "YoY REVENUE GROWTH DECELERATION",
      "detail": "YoY growth: -6.1% vs prior quarter YoY: +0.7% (decel: -6.8%)",
      "severity": "WARNING"
    },
    {
      "quarter": "2024-12 (Q4)",
      "signal": "YoY REVENUE GROWTH ACCELERATION",
      "detail": "YoY growth: +0.7% vs prior quarter YoY: -8.0% (accel: +8.7%)",
      "severity": "MEDIUM"
    },
    {
      "quarter": "2024-09 (Q3)",
      "signal": "INCREMENTAL MARGIN (YoY)",
      "detail": "YoY Incr OPM: +35.1% vs year-ago OPM: +8.9%",
      "severity": "HIGH"
    },
    {
      "quarter": "2024-06 (Q2)",
      "signal": "FCF TURNED POSITIVE",
      "detail": "FCF margin: -29.9% -> +29.0%",
      "severity": "HIGH"
    },
    {
      "quarter": "2024-06 (Q2)",
      "signal": "OPERATING LEVERAGE",
      "detail": "Rev growth +201.9% vs OpEx growth +54.6% (leverage: 3.7x)",
      "severity": "MEDIUM"
    },
    {
      "quarter": "2024-06 (Q2)",
      "signal": "GROSS MARGIN INFLECTION",
      "detail": "GM: +29.0% -> +28.8% -> +40.2% (reversal +11.4%)",
      "severity": "HIGH"
    },
    {
      "quarter": "2024-06 (Q2)",
      "signal": "INCREMENTAL MARGIN (YoY)",
      "detail": "YoY Incr OPM: +43.9% vs year-ago OPM: +19.0%",
      "severity": "HIGH"
    },
    {
      "quarter": "2024-06 (Q2)",
      "signal": "OP MARGIN TURNED POSITIVE (QoQ)",
      "detail": "Op margin: -16.2% -> +17.2%",
      "severity": "HIGH"
    },
    {
      "quarter": "2024-03 (Q1)",
      "signal": "FCF MARGIN EXPANSION",
      "detail": "FCF margin: -47.5% -> -29.9% (+17.6%)",
      "severity": "MEDIUM"
    },
    {
      "quarter": "2023-09 (Q3)",
      "signal": "INCREMENTAL MARGIN (YoY)",
      "detail": "YoY Incr OPM: +103.0% vs year-ago OPM: +17.5%",
      "severity": "HIGH"
    },
    {
      "quarter": "2023-07 (Q3)",
      "signal": "FCF TURNED POSITIVE",
      "detail": "FCF margin: -33.2% -> +26.1%",
      "severity": "HIGH"
    },
    {
      "quarter": "2023-07 (Q3)",
      "signal": "OPERATING LEVERAGE",
      "detail": "Rev growth +187.0% vs OpEx growth +40.9% (leverage: 4.6x)",
      "severity": "MEDIUM"
    },
    {
      "quarter": "2023-07 (Q3)",
      "signal": "GROSS MARGIN INFLECTION",
      "detail": "GM: +33.5% -> +33.4% -> +41.2% (reversal +7.7%)",
      "severity": "HIGH"
    },
    {
      "quarter": "2023-07 (Q3)",
      "signal": "INCREMENTAL MARGIN (YoY)",
      "detail": "YoY Incr OPM: +89.8% vs year-ago OPM: +25.6%",
      "severity": "HIGH"
    },
    {
      "quarter": "2023-07 (Q3)",
      "signal": "OP MARGIN TURNED POSITIVE (QoQ)",
      "detail": "Op margin: -11.8% -> +19.0%",
      "severity": "HIGH"
    },
    {
      "quarter": "2023-04 (Q2)",
      "signal": "FCF MARGIN EXPANSION",
      "detail": "FCF margin: -97.4% -> -33.2% (+64.2%)",
      "severity": "MEDIUM"
    },
    {
      "quarter": "2023-04 (Q2)",
      "signal": "OPERATING LEVERAGE",
      "detail": "Rev growth +9.1% vs OpEx growth +4.4% (leverage: 2.1x)",
      "severity": "MEDIUM"
    },
    {
      "quarter": "2023-04 (Q2)",
      "signal": "YoY REVENUE GROWTH DECELERATION",
      "detail": "YoY growth: -6.7% vs prior quarter YoY: +5.6% (decel: -12.2%)",
      "severity": "WARNING"
    },
    {
      "quarter": "2022-12 (Q4)",
      "signal": "YoY REVENUE GROWTH DECELERATION",
      "detail": "YoY growth: +5.6% vs prior quarter YoY: +16.3% (decel: -10.7%)",
      "severity": "WARNING"
    },
    {
      "quarter": "2022-07 (Q3)",
      "signal": "FCF TURNED POSITIVE",
      "detail": "FCF margin: -8.8% -> +29.4%",
      "severity": "HIGH"
    },
    {
      "quarter": "2022-07 (Q3)",
      "signal": "OPERATING LEVERAGE",
      "detail": "Rev growth +195.4% vs OpEx growth +46.7% (leverage: 4.2x)",
      "severity": "MEDIUM"
    },
    {
      "quarter": "2022-07 (Q3)",
      "signal": "YoY REVENUE GROWTH DECELERATION",
      "detail": "YoY growth: +12.9% vs prior quarter YoY: +18.5% (decel: -5.6%)",
      "severity": "WARNING"
    },
    {
      "quarter": "2022-07 (Q3)",
      "signal": "OP MARGIN TURNED POSITIVE (QoQ)",
      "detail": "Op margin: -1.7% -> +25.6%",
      "severity": "HIGH"
    },
    {
      "quarter": "2022-04 (Q2)",
      "signal": "FCF MARGIN EXPANSION",
      "detail": "FCF margin: -70.9% -> -8.8% (+62.0%)",
      "severity": "MEDIUM"
    },
    {
      "quarter": "2022-04 (Q2)",
      "signal": "OPERATING LEVERAGE",
      "detail": "Rev growth +23.4% vs OpEx growth +12.3% (leverage: 1.9x)",
      "severity": "MEDIUM"
    },
    {
      "quarter": "2021-07 (Q3)",
      "signal": "FCF MARGIN EXPANSION",
      "detail": "FCF margin: +0.4% -> +37.1% (+36.7%)",
      "severity": "MEDIUM"
    },
    {
      "quarter": "2021-07 (Q3)",
      "signal": "OPERATING LEVERAGE",
      "detail": "Rev growth +210.0% vs OpEx growth +66.6% (leverage: 3.2x)",
      "severity": "MEDIUM"
    }
  ],
  "data_quality": {
    "n_quarters": 20,
    "coverage": {
      "revenue": [
        20,
        20
      ],
      "gross_profit": [
        20,
        20
      ],
      "op_income": [
        20,
        20
      ],
      "fcf": [
        20,
        20
      ]
    },
    "gaps": [],
    "warnings": []
  },
  "market_cap": null,
  "source": "SEC EDGAR",
  "last_updated": "2026-02-24T10:28:33.222979"
}