{
  "ticker": "LEVI",
  "name": "LEVI STRAUSS\u00a0& CO.",
  "quarters": [
    {
      "date": "2021-02-28T00:00:00",
      "quarter_label": "2021-02 (Q1)",
      "revenue": 1305602000,
      "gross_profit": 760029000,
      "operating_income": 177123000,
      "net_income": 142504000,
      "opex": 582906000,
      "cogs": 545573000,
      "rd": null,
      "sga": 582906000,
      "fcf": 32494000,
      "ocf": 69480000,
      "capex": -36986000,
      "gross_margin": 0.5821291634050806,
      "op_margin": 0.13566385468159517,
      "fcf_margin": 0.02488813589439967
    },
    {
      "date": "2021-05-30T00:00:00",
      "quarter_label": "2021-05 (Q2)",
      "revenue": 1275971000,
      "gross_profit": 750201000,
      "operating_income": 106455000,
      "net_income": 64719000,
      "opex": 643746000,
      "cogs": 525770000,
      "rd": null,
      "sga": 628231000,
      "fcf": 148023000,
      "ocf": 178538000,
      "capex": -30515000,
      "gross_margin": 0.5879451805722857,
      "op_margin": 0.08343057953511483,
      "fcf_margin": 0.11600812244165423,
      "fcf_margin_change": 0.09111998654725456
    },
    {
      "date": "2021-08-29T00:00:00",
      "quarter_label": "2021-08 (Q3)",
      "revenue": 1497582000,
      "gross_profit": 862155000,
      "operating_income": 216310000,
      "net_income": 193333000,
      "opex": 645845000,
      "cogs": 635427000,
      "rd": null,
      "sga": 649460000,
      "fcf": 209904000,
      "ocf": 250834000,
      "capex": -40930000,
      "gross_margin": 0.5756980252166493,
      "op_margin": 0.14443950314573759,
      "fcf_margin": 0.14016194104897095,
      "op_leverage_ratio": 53.26631026700738,
      "fcf_margin_change": 0.024153818607316718
    },
    {
      "date": "2021-11-28T00:00:00",
      "quarter_label": "2021-11 (Q4)",
      "revenue": 1684781000,
      "gross_profit": 974326000,
      "operating_income": 186323000,
      "net_income": 152985000,
      "opex": 788003000,
      "cogs": 710455000,
      "rd": null,
      "sga": 790839000,
      "fcf": 179979000,
      "ocf": 238448000,
      "capex": -58469000,
      "gross_margin": 0.5783101779993958,
      "op_margin": 0.11059182172638461,
      "fcf_margin": 0.10682634716322181,
      "op_leverage_ratio": 0.5678974385764612,
      "fcf_margin_change": -0.03333559388574914
    },
    {
      "date": "2022-02-27T00:00:00",
      "quarter_label": "2022-02 (Q1)",
      "revenue": 1591562000,
      "gross_profit": 943608000,
      "operating_income": 234232000,
      "net_income": 195843000,
      "opex": 709376000,
      "cogs": 647954000,
      "rd": null,
      "sga": 709376000,
      "fcf": 12500000,
      "ocf": 86100000,
      "capex": -73600000,
      "gross_margin": 0.5928817099176783,
      "op_margin": 0.14717114381971924,
      "fcf_margin": 0.007853919608535515,
      "incr_op_margin_yoy": 0.1997097496153308,
      "rev_growth_yoy": 0.2190253997772675,
      "fcf_margin_change": -0.0989724275546863
    },
    {
      "date": "2022-05-29T00:00:00",
      "quarter_label": "2022-05 (Q2)",
      "revenue": 1471149000,
      "gross_profit": 855023000,
      "operating_income": 76166000,
      "net_income": 49742000,
      "opex": 778857000,
      "cogs": 616126000,
      "rd": null,
      "sga": 778857000,
      "fcf": 12900000,
      "ocf": 59800000,
      "capex": -46900000,
      "gross_margin": 0.581194019096638,
      "op_margin": 0.05177313786706853,
      "fcf_margin": 0.00876865633596597,
      "incr_op_margin_yoy": -0.15518654766418347,
      "rev_growth_yoy": 0.15296429150819257,
      "rev_growth_yoy_accel": -0.06606110826907494,
      "fcf_margin_change": 0.0009147367274304555
    },
    {
      "date": "2022-08-28T00:00:00",
      "quarter_label": "2022-08 (Q3)",
      "revenue": 1517150000,
      "gross_profit": 862881000,
      "operating_income": 199128000,
      "net_income": 172957000,
      "opex": 663753000,
      "cogs": 654269000,
      "rd": null,
      "sga": 663753000,
      "fcf": -11900000,
      "ocf": 64400000,
      "capex": -76300000,
      "gross_margin": 0.5687512770655505,
      "op_margin": 0.13125135945687638,
      "fcf_margin": -0.00784365422008371,
      "incr_op_margin_yoy": -0.8780662305805397,
      "rev_growth_yoy": 0.01306639636427254,
      "rev_growth_yoy_accel": -0.13989789514392004,
      "op_leverage_ratio": Infinity,
      "fcf_margin_change": -0.01661231055604968
    },
    {
      "date": "2022-11-27T00:00:00",
      "quarter_label": "2022-11 (Q4)",
      "revenue": 1588739000,
      "gross_profit": 887288000,
      "operating_income": 136974000,
      "net_income": 150558000,
      "opex": 750314000,
      "cogs": 701451000,
      "rd": null,
      "sga": 741214000,
      "fcf": -52500000,
      "ocf": 17800000,
      "capex": -70300000,
      "gross_margin": 0.5584856921117943,
      "op_margin": 0.08621554578820058,
      "fcf_margin": -0.033045075371096196,
      "incr_op_margin_yoy": 0.5138272838966286,
      "rev_growth_yoy": -0.05700562862472927,
      "rev_growth_yoy_accel": -0.07007202498900181,
      "op_leverage_ratio": 0.3618278624517667,
      "fcf_margin_change": -0.025201421151012485
    },
    {
      "date": "2023-02-26T00:00:00",
      "quarter_label": "2023-02 (Q1)",
      "revenue": 1688900000,
      "gross_profit": 942300000,
      "operating_income": 157400000,
      "net_income": 114700000,
      "opex": 784900000,
      "cogs": 746600000,
      "rd": null,
      "sga": 784900000,
      "fcf": -271700000,
      "ocf": -160800000,
      "capex": -110900000,
      "gross_margin": 0.5579371188347445,
      "op_margin": 0.0931967552845047,
      "fcf_margin": -0.16087394161880514,
      "incr_op_margin_yoy": -0.7893320183278884,
      "rev_growth_yoy": 0.06115878614845039,
      "rev_growth_yoy_accel": 0.11816441477317965,
      "op_leverage_ratio": 1.3676935790758538,
      "fcf_margin_change": -0.12782886624770895
    },
    {
      "date": "2023-05-28T00:00:00",
      "quarter_label": "2023-05 (Q2)",
      "revenue": 1336800000,
      "gross_profit": 784200000,
      "operating_income": 9900000,
      "net_income": -1600000,
      "opex": 774300000,
      "cogs": 552600000,
      "rd": null,
      "sga": 774300000,
      "fcf": 215700000,
      "ocf": 286200000,
      "capex": -70500000,
      "gross_margin": 0.5866247755834829,
      "op_margin": 0.007405745062836625,
      "fcf_margin": 0.16135547576301615,
      "incr_op_margin_yoy": 0.4932377613528943,
      "rev_growth_yoy": -0.09132249690548,
      "rev_growth_yoy_accel": -0.15248128305393038,
      "fcf_margin_change": 0.3222294173818213
    },
    {
      "date": "2023-08-27T00:00:00",
      "quarter_label": "2023-08 (Q3)",
      "revenue": 1511000000,
      "gross_profit": 839500000,
      "operating_income": 34800000,
      "net_income": 9600000,
      "opex": 804700000,
      "cogs": 671500000,
      "rd": null,
      "sga": 714500000,
      "fcf": -17800000,
      "ocf": 51200000,
      "capex": -69000000,
      "gross_margin": 0.5555923229649239,
      "op_margin": 0.02303110522832561,
      "fcf_margin": -0.011780277961614825,
      "incr_op_margin_yoy": 26.72,
      "rev_growth_yoy": -0.0040536532313877995,
      "rev_growth_yoy_accel": 0.0872688436740922,
      "op_leverage_ratio": 3.3190774709439665,
      "fcf_margin_change": -0.17313575372463097
    },
    {
      "date": "2023-11-26T00:00:00",
      "quarter_label": "2023-11 (Q4)",
      "revenue": 1642300000,
      "gross_profit": 949700000,
      "operating_income": 151200000,
      "net_income": 126900000,
      "opex": 798500000,
      "cogs": 692600000,
      "rd": null,
      "sga": 798500000,
      "fcf": 195700000,
      "ocf": 258900000,
      "capex": -63200000,
      "gross_margin": 0.5782743713085308,
      "op_margin": 0.09206600499299762,
      "fcf_margin": 0.11916215064239177,
      "incr_op_margin_yoy": 0.26560370418774853,
      "rev_growth_yoy": 0.03371290060859587,
      "rev_growth_yoy_accel": 0.037766553839983674,
      "op_leverage_ratio": Infinity,
      "fcf_margin_change": 0.1309424286040066
    },
    {
      "date": "2024-02-25T00:00:00",
      "quarter_label": "2024-02 (Q1)",
      "revenue": 1557600000,
      "gross_profit": 906500000,
      "operating_income": -400000,
      "net_income": -10600000,
      "opex": 906900000,
      "cogs": 651100000,
      "rd": null,
      "sga": 790700000,
      "fcf": 214400000,
      "ocf": 286000000,
      "capex": -71600000,
      "gross_margin": 0.58198510529019,
      "op_margin": -0.00025680534155110427,
      "fcf_margin": 0.1376476630713919,
      "incr_op_margin_yoy": 1.2018278750952018,
      "rev_growth_yoy": -0.07774290958612115,
      "rev_growth_yoy_accel": -0.11145581019471702,
      "fcf_margin_change": 0.018485512429000123
    },
    {
      "date": "2024-05-26T00:00:00",
      "quarter_label": "2024-05 (Q2)",
      "revenue": 1441200000,
      "gross_profit": 871700000,
      "operating_income": 21900000,
      "net_income": 18000000,
      "opex": 849800000,
      "cogs": 569500000,
      "rd": null,
      "sga": 794700000,
      "fcf": 222600000,
      "ocf": 262800000,
      "capex": -40200000,
      "gross_margin": 0.6048431862336942,
      "op_margin": 0.015195670274771023,
      "fcf_margin": 0.15445462114904246,
      "incr_op_margin_yoy": 0.11494252873563218,
      "rev_growth_yoy": 0.07809694793536805,
      "rev_growth_yoy_accel": 0.1558398575214892,
      "fcf_margin_change": 0.016806958077650563
    },
    {
      "date": "2024-08-25T00:00:00",
      "quarter_label": "2024-08 (Q3)",
      "revenue": 1516800000,
      "gross_profit": 910700000,
      "operating_income": 30300000,
      "net_income": 20700000,
      "opex": 880400000,
      "cogs": 606100000,
      "rd": null,
      "sga": 765600000,
      "fcf": 2300000,
      "ocf": 52300000,
      "capex": -50000000,
      "gross_margin": 0.6004087552742616,
      "op_margin": 0.01997626582278481,
      "fcf_margin": 0.001516350210970464,
      "incr_op_margin_yoy": -0.7758620689655172,
      "rev_growth_yoy": 0.0038385175380542687,
      "rev_growth_yoy_accel": -0.07425843039731378,
      "op_leverage_ratio": 1.456776215898516,
      "fcf_margin_change": -0.152938270938072
    },
    {
      "date": "2024-12-01T00:00:00",
      "quarter_label": "2024-12 (Q4)",
      "revenue": 1839700000,
      "gross_profit": 1127000000,
      "operating_income": 212300000,
      "net_income": 182600000,
      "opex": 914700000,
      "cogs": 712700000,
      "rd": null,
      "sga": 900700000,
      "fcf": 231600000,
      "ocf": 297300000,
      "capex": -65700000,
      "gross_margin": 0.6125998804152851,
      "op_margin": 0.11539924987769745,
      "fcf_margin": 0.12589009077566995,
      "incr_op_margin_yoy": 0.30952380952380953,
      "rev_growth_yoy": 0.12019728429641356,
      "rev_growth_yoy_accel": 0.1163587667583593,
      "op_leverage_ratio": 5.4641880712502005,
      "fcf_margin_change": 0.12437374056469949
    },
    {
      "date": "2025-03-02T00:00:00",
      "quarter_label": "2025-03 (Q1)",
      "revenue": 1526800000,
      "gross_profit": 947600000,
      "operating_income": 191600000,
      "net_income": 135000000,
      "opex": 756000000,
      "cogs": 579200000,
      "rd": null,
      "sga": 749300000,
      "fcf": -14100000,
      "ocf": 52500000,
      "capex": -66600000,
      "gross_margin": 0.6206444851977994,
      "op_margin": 0.1254912234739324,
      "fcf_margin": -0.009235001309929264,
      "incr_op_margin_yoy": -6.233766233766234,
      "rev_growth_yoy": -0.01977401129943503,
      "rev_growth_yoy_accel": -0.1399712955958486,
      "fcf_margin_change": -0.13512509208559922
    },
    {
      "date": "2025-06-01T00:00:00",
      "quarter_label": "2025-06 (Q2)",
      "revenue": 1446000000,
      "gross_profit": 905800000,
      "operating_income": 108000000,
      "net_income": null,
      "opex": 797800000,
      "cogs": 540200000,
      "rd": null,
      "sga": 791000000,
      "fcf": 146000000,
      "ocf": 185500000,
      "capex": -39500000,
      "gross_margin": 0.626417704011065,
      "op_margin": 0.07468879668049792,
      "fcf_margin": 0.10096818810511757,
      "incr_op_margin_yoy": 17.9375,
      "rev_growth_yoy": 0.0033305578684429643,
      "rev_growth_yoy_accel": 0.023104569167877995,
      "fcf_margin_change": 0.11020318941504684
    },
    {
      "date": "2025-08-31T00:00:00",
      "quarter_label": "2025-08 (Q3)",
      "revenue": 1543400000,
      "gross_profit": 951600000,
      "operating_income": 167400000,
      "net_income": null,
      "opex": 784200000,
      "cogs": 591800000,
      "rd": null,
      "sga": 775600000,
      "fcf": -39400000,
      "ocf": 24800000,
      "capex": -64200000,
      "gross_margin": 0.6165608397045484,
      "op_margin": 0.1084618375016198,
      "fcf_margin": -0.025528054943630946,
      "incr_op_margin_yoy": 5.154135338345864,
      "rev_growth_yoy": 0.01753691983122363,
      "rev_growth_yoy_accel": 0.014206361962780665,
      "op_leverage_ratio": Infinity,
      "fcf_margin_change": -0.1264962430487485
    },
    {
      "date": "2025-11-30T00:00:00",
      "quarter_label": "2025-11 (Q4)",
      "revenue": 1765800000,
      "gross_profit": 1072800000,
      "operating_income": 210600000,
      "net_income": null,
      "opex": 862200000,
      "cogs": 693000000,
      "rd": null,
      "sga": 859800000,
      "fcf": 215700000,
      "ocf": 266800000,
      "capex": -51100000,
      "gross_margin": 0.6075433231396534,
      "op_margin": 0.11926605504587157,
      "fcf_margin": 0.12215426435609922,
      "incr_op_margin_yoy": 0.023004059539918808,
      "rev_growth_yoy": -0.04016959286840246,
      "rev_growth_yoy_accel": -0.05770651269962609,
      "op_leverage_ratio": 1.4487335652555295,
      "fcf_margin_change": 0.14768231929973016
    }
  ],
  "signals": [
    {
      "quarter": "2025-11 (Q4)",
      "signal": "FCF TURNED POSITIVE",
      "detail": "FCF margin: -2.6% -> +12.2%",
      "severity": "HIGH"
    },
    {
      "quarter": "2025-11 (Q4)",
      "signal": "YoY REVENUE GROWTH DECELERATION",
      "detail": "YoY growth: -4.0% vs prior quarter YoY: +1.8% (decel: -5.8%)",
      "severity": "WARNING"
    },
    {
      "quarter": "2025-08 (Q3)",
      "signal": "INCREMENTAL MARGIN (YoY)",
      "detail": "YoY Incr OPM: +515.4% vs year-ago OPM: +2.0%",
      "severity": "HIGH"
    },
    {
      "quarter": "2025-06 (Q2)",
      "signal": "FCF TURNED POSITIVE",
      "detail": "FCF margin: -0.9% -> +10.1%",
      "severity": "HIGH"
    },
    {
      "quarter": "2025-06 (Q2)",
      "signal": "INCREMENTAL MARGIN (YoY)",
      "detail": "YoY Incr OPM: +1793.8% vs year-ago OPM: +1.5%",
      "severity": "HIGH"
    },
    {
      "quarter": "2025-03 (Q1)",
      "signal": "YoY REVENUE GROWTH DECELERATION",
      "detail": "YoY growth: -2.0% vs prior quarter YoY: +12.0% (decel: -14.0%)",
      "severity": "WARNING"
    },
    {
      "quarter": "2025-03 (Q1)",
      "signal": "OP MARGIN TURNED POSITIVE (YoY)",
      "detail": "Op margin: -0.0% (year-ago) -> +12.5%",
      "severity": "HIGH"
    },
    {
      "quarter": "2024-12 (Q4)",
      "signal": "FCF MARGIN EXPANSION",
      "detail": "FCF margin: +0.2% -> +12.6% (+12.4%)",
      "severity": "MEDIUM"
    },
    {
      "quarter": "2024-12 (Q4)",
      "signal": "OPERATING LEVERAGE",
      "detail": "Rev growth +21.3% vs OpEx growth +3.9% (leverage: 5.5x)",
      "severity": "MEDIUM"
    },
    {
      "quarter": "2024-12 (Q4)",
      "signal": "YoY REVENUE GROWTH ACCELERATION",
      "detail": "YoY growth: +12.0% vs prior quarter YoY: +0.4% (accel: +11.6%)",
      "severity": "MEDIUM"
    },
    {
      "quarter": "2024-12 (Q4)",
      "signal": "INCREMENTAL MARGIN (YoY)",
      "detail": "YoY Incr OPM: +31.0% vs year-ago OPM: +9.2%",
      "severity": "HIGH"
    },
    {
      "quarter": "2024-08 (Q3)",
      "signal": "YoY REVENUE GROWTH DECELERATION",
      "detail": "YoY growth: +0.4% vs prior quarter YoY: +7.8% (decel: -7.4%)",
      "severity": "WARNING"
    },
    {
      "quarter": "2024-05 (Q2)",
      "signal": "YoY REVENUE GROWTH ACCELERATION",
      "detail": "YoY growth: +7.8% vs prior quarter YoY: -7.8% (accel: +15.6%)",
      "severity": "HIGH"
    },
    {
      "quarter": "2024-05 (Q2)",
      "signal": "INCREMENTAL MARGIN (YoY)",
      "detail": "YoY Incr OPM: +11.5% vs year-ago OPM: +0.7%",
      "severity": "MEDIUM"
    },
    {
      "quarter": "2024-05 (Q2)",
      "signal": "OP MARGIN TURNED POSITIVE (QoQ)",
      "detail": "Op margin: -0.0% -> +1.5%",
      "severity": "HIGH"
    },
    {
      "quarter": "2024-02 (Q1)",
      "signal": "YoY REVENUE GROWTH DECELERATION",
      "detail": "YoY growth: -7.8% vs prior quarter YoY: +3.4% (decel: -11.1%)",
      "severity": "WARNING"
    },
    {
      "quarter": "2023-11 (Q4)",
      "signal": "FCF TURNED POSITIVE",
      "detail": "FCF margin: -1.2% -> +11.9%",
      "severity": "HIGH"
    },
    {
      "quarter": "2023-11 (Q4)",
      "signal": "GROSS MARGIN INFLECTION",
      "detail": "GM: +58.7% -> +55.6% -> +57.8% (reversal +2.3%)",
      "severity": "MEDIUM"
    },
    {
      "quarter": "2023-11 (Q4)",
      "signal": "INCREMENTAL MARGIN (YoY)",
      "detail": "YoY Incr OPM: +26.6% vs year-ago OPM: +8.6%",
      "severity": "MEDIUM"
    },
    {
      "quarter": "2023-08 (Q3)",
      "signal": "OPERATING LEVERAGE",
      "detail": "Rev growth +13.0% vs OpEx growth +3.9% (leverage: 3.3x)",
      "severity": "MEDIUM"
    },
    {
      "quarter": "2023-08 (Q3)",
      "signal": "YoY REVENUE GROWTH ACCELERATION",
      "detail": "YoY growth: -0.4% vs prior quarter YoY: -9.1% (accel: +8.7%)",
      "severity": "MEDIUM"
    },
    {
      "quarter": "2023-08 (Q3)",
      "signal": "INCREMENTAL MARGIN (YoY)",
      "detail": "YoY Incr OPM: +2672.0% vs year-ago OPM: +13.1%",
      "severity": "HIGH"
    },
    {
      "quarter": "2023-05 (Q2)",
      "signal": "FCF TURNED POSITIVE",
      "detail": "FCF margin: -16.1% -> +16.1%",
      "severity": "HIGH"
    },
    {
      "quarter": "2023-05 (Q2)",
      "signal": "GROSS MARGIN INFLECTION",
      "detail": "GM: +55.8% -> +55.8% -> +58.7% (reversal +2.9%)",
      "severity": "MEDIUM"
    },
    {
      "quarter": "2023-05 (Q2)",
      "signal": "YoY REVENUE GROWTH DECELERATION",
      "detail": "YoY growth: -9.1% vs prior quarter YoY: +6.1% (decel: -15.2%)",
      "severity": "WARNING"
    },
    {
      "quarter": "2023-05 (Q2)",
      "signal": "INCREMENTAL MARGIN (YoY)",
      "detail": "YoY Incr OPM: +49.3% vs year-ago OPM: +5.2%",
      "severity": "HIGH"
    },
    {
      "quarter": "2023-02 (Q1)",
      "signal": "YoY REVENUE GROWTH ACCELERATION",
      "detail": "YoY growth: +6.1% vs prior quarter YoY: -5.7% (accel: +11.8%)",
      "severity": "MEDIUM"
    },
    {
      "quarter": "2022-11 (Q4)",
      "signal": "YoY REVENUE GROWTH DECELERATION",
      "detail": "YoY growth: -5.7% vs prior quarter YoY: +1.3% (decel: -7.0%)",
      "severity": "WARNING"
    },
    {
      "quarter": "2022-11 (Q4)",
      "signal": "INCREMENTAL MARGIN (YoY)",
      "detail": "YoY Incr OPM: +51.4% vs year-ago OPM: +11.1%",
      "severity": "HIGH"
    },
    {
      "quarter": "2022-08 (Q3)",
      "signal": "YoY REVENUE GROWTH DECELERATION",
      "detail": "YoY growth: +1.3% vs prior quarter YoY: +15.3% (decel: -14.0%)",
      "severity": "WARNING"
    },
    {
      "quarter": "2022-05 (Q2)",
      "signal": "YoY REVENUE GROWTH DECELERATION",
      "detail": "YoY growth: +15.3% vs prior quarter YoY: +21.9% (decel: -6.6%)",
      "severity": "WARNING"
    },
    {
      "quarter": "2021-08 (Q3)",
      "signal": "OPERATING LEVERAGE",
      "detail": "Rev growth +17.4% vs OpEx growth +0.3% (leverage: 53.3x)",
      "severity": "MEDIUM"
    },
    {
      "quarter": "2021-05 (Q2)",
      "signal": "FCF MARGIN EXPANSION",
      "detail": "FCF margin: +2.5% -> +11.6% (+9.1%)",
      "severity": "MEDIUM"
    }
  ],
  "data_quality": {
    "n_quarters": 20,
    "coverage": {
      "revenue": [
        20,
        20
      ],
      "gross_profit": [
        20,
        20
      ],
      "op_income": [
        20,
        20
      ],
      "fcf": [
        20,
        20
      ]
    },
    "gaps": [],
    "warnings": []
  },
  "market_cap": null,
  "source": "SEC EDGAR",
  "last_updated": "2026-02-02T20:44:14.511891",
  "sector": "Consumer Cyclical",
  "industry": "Apparel Manufacturing"
}