{
  "ticker": "LFCR",
  "name": "LIFECORE BIOMEDICAL, INC.",
  "quarters": [
    {
      "date": "2020-11-29T00:00:00",
      "quarter_label": "2020-11 (Q4)",
      "revenue": 130904000,
      "gross_profit": 20637000,
      "operating_income": -1466000,
      "net_income": -13301000,
      "opex": 22103000,
      "cogs": 110267000,
      "rd": 2572000,
      "sga": 16106000,
      "fcf": -1554000,
      "ocf": 1230000,
      "capex": -2784000,
      "gross_margin": 0.1576498808286989,
      "op_margin": -0.01119904662959115,
      "fcf_margin": -0.011871294994805354
    },
    {
      "date": "2021-02-28T00:00:00",
      "quarter_label": "2021-02 (Q1)",
      "revenue": 137782000,
      "gross_profit": 19689000,
      "operating_income": -793000,
      "net_income": -5498000,
      "opex": 20482000,
      "cogs": 118093000,
      "rd": 2562000,
      "sga": 15220000,
      "fcf": -11046000,
      "ocf": -7070000,
      "capex": -3976000,
      "gross_margin": 0.1428996530751477,
      "op_margin": -0.005755468784021135,
      "fcf_margin": -0.0801701238187862,
      "op_leverage_ratio": Infinity,
      "fcf_margin_change": -0.06829882882398085
    },
    {
      "date": "2021-05-30T00:00:00",
      "quarter_label": "2021-05 (Q2)",
      "revenue": 139832000,
      "gross_profit": 24801000,
      "operating_income": 1232000,
      "net_income": -2866000,
      "opex": 23571000,
      "cogs": 115030000,
      "rd": 2579000,
      "sga": 16137000,
      "fcf": -2796000,
      "ocf": 5085000,
      "capex": -7881000,
      "gross_margin": 0.177362835402483,
      "op_margin": 0.00881057268722467,
      "fcf_margin": -0.01999542307912352,
      "op_leverage_ratio": 0.09865425698002464,
      "fcf_margin_change": 0.06017470073966268
    },
    {
      "date": "2021-08-29T00:00:00",
      "quarter_label": "2021-08 (Q3)",
      "revenue": 128788000,
      "gross_profit": 17519000,
      "operating_income": -3808000,
      "net_income": -9477000,
      "opex": 21327000,
      "cogs": 111269000,
      "rd": 2826000,
      "sga": 15939000,
      "fcf": -6534000,
      "ocf": 1379000,
      "capex": -7913000,
      "gross_margin": 0.1360297543249371,
      "op_margin": -0.02956797217132031,
      "fcf_margin": -0.05073454048513837,
      "fcf_margin_change": -0.03073911740601485
    },
    {
      "date": "2021-11-28T00:00:00",
      "quarter_label": "2021-11 (Q4)",
      "revenue": 129492000,
      "gross_profit": 12992000,
      "operating_income": -37030000,
      "net_income": -38441000,
      "opex": 50022000,
      "cogs": 116500000,
      "rd": 2718000,
      "sga": 13835000,
      "fcf": -9907000,
      "ocf": -4810000,
      "capex": -5097000,
      "gross_margin": 0.10033052234887098,
      "op_margin": -0.28596361165168505,
      "fcf_margin": -0.07650665678188615,
      "incr_op_margin_yoy": 25.186968838526912,
      "rev_growth_yoy": -0.010786530587300617,
      "fcf_margin_change": -0.025772116296747777
    },
    {
      "date": "2022-02-27T00:00:00",
      "quarter_label": "2022-02 (Q1)",
      "revenue": 53074000,
      "gross_profit": 13895000,
      "operating_income": -3751000,
      "net_income": -12850000,
      "opex": 17646000,
      "cogs": 39179000,
      "rd": 2056000,
      "sga": 9725000,
      "fcf": -22839000,
      "ocf": -17310000,
      "capex": -5529000,
      "gross_margin": 0.2618042732788183,
      "op_margin": -0.07067490673399404,
      "fcf_margin": -0.430323698986321,
      "incr_op_margin_yoy": 0.03491996033432498,
      "rev_growth_yoy": -0.614797288470192,
      "rev_growth_yoy_accel": -0.6040107578828914,
      "fcf_margin_change": -0.3538170422044349
    },
    {
      "date": "2022-05-29T00:00:00",
      "quarter_label": "2022-05 (Q2)",
      "revenue": 47628000,
      "gross_profit": 12112000,
      "operating_income": -38941000,
      "net_income": -36663000,
      "opex": 50266000,
      "cogs": 36303000,
      "rd": 2056000,
      "sga": 18920000,
      "fcf": -9539000,
      "ocf": -1852000,
      "capex": -7687000,
      "gross_margin": 0.2543041908121273,
      "op_margin": -0.817607289829512,
      "fcf_margin": -0.20028134710674395,
      "incr_op_margin_yoy": 0.43569693288794414,
      "rev_growth_yoy": -0.6593912695234281,
      "rev_growth_yoy_accel": -0.04459398105323609,
      "fcf_margin_change": 0.23004235187957706
    },
    {
      "date": "2022-08-28T00:00:00",
      "quarter_label": "2022-08 (Q3)",
      "revenue": 43355000,
      "gross_profit": 5821000,
      "operating_income": -8157000,
      "net_income": -12064000,
      "opex": 13978000,
      "cogs": 37534000,
      "rd": 2048000,
      "sga": 10883000,
      "fcf": -4462000,
      "ocf": -1101000,
      "capex": -3361000,
      "gross_margin": 0.1342636374120632,
      "op_margin": -0.18814438934378963,
      "fcf_margin": -0.10291777188328913,
      "incr_op_margin_yoy": 0.050905387847787156,
      "rev_growth_yoy": -0.6633614933068298,
      "rev_growth_yoy_accel": -0.003970223783401727,
      "fcf_margin_change": 0.09736357522345482
    },
    {
      "date": "2022-11-27T00:00:00",
      "quarter_label": "2022-11 (Q4)",
      "revenue": 38802000,
      "gross_profit": 7108000,
      "operating_income": -7906000,
      "net_income": -12449000,
      "opex": 15014000,
      "cogs": 31694000,
      "rd": 2118000,
      "sga": 10773000,
      "fcf": -6201000,
      "ocf": -2353000,
      "capex": -3848000,
      "gross_margin": 0.1831864336889851,
      "op_margin": -0.20375238389773723,
      "fcf_margin": -0.15981134993041596,
      "incr_op_margin_yoy": -0.3211379424412835,
      "rev_growth_yoy": -0.7003521453062738,
      "rev_growth_yoy_accel": -0.03699065199944396,
      "fcf_margin_change": -0.05689357804712683
    },
    {
      "date": "2023-02-26T00:00:00",
      "quarter_label": "2023-02 (Q1)",
      "revenue": 27600000,
      "gross_profit": 5978000,
      "operating_income": -9699000,
      "net_income": -40192000,
      "opex": 15677000,
      "cogs": 21622000,
      "rd": 1964000,
      "sga": 10972000,
      "fcf": -18825000,
      "ocf": -11725000,
      "capex": -7100000,
      "gross_margin": 0.21659420289855072,
      "op_margin": -0.35141304347826086,
      "fcf_margin": -0.6820652173913043,
      "incr_op_margin_yoy": 0.23349297322760462,
      "rev_growth_yoy": -0.47997136074160607,
      "rev_growth_yoy_accel": 0.2203807845646677,
      "fcf_margin_change": -0.5222538674608883
    },
    {
      "date": "2023-05-28T00:00:00",
      "quarter_label": "2023-05 (Q2)",
      "revenue": 31145000,
      "gross_profit": 7779000,
      "operating_income": -1234000,
      "net_income": -35571000,
      "opex": 9649000,
      "cogs": 17106000,
      "rd": 2608000,
      "sga": 7768000,
      "fcf": -2262000,
      "ocf": -2262000,
      "capex": null,
      "gross_margin": 0.24976721785198266,
      "op_margin": -0.03962112698667523,
      "fcf_margin": -0.07262803018140954,
      "incr_op_margin_yoy": -2.2876296790632775,
      "rev_growth_yoy": -0.34607793734777864,
      "rev_growth_yoy_accel": 0.13389342339382743,
      "op_leverage_ratio": Infinity,
      "fcf_margin_change": 0.6094371872098948
    },
    {
      "date": "2023-08-27T00:00:00",
      "quarter_label": "2023-08 (Q3)",
      "revenue": 24522000,
      "gross_profit": 2728000,
      "operating_income": -8614000,
      "net_income": -10754000,
      "opex": 11342000,
      "cogs": 21794000,
      "rd": 2146000,
      "sga": 9206000,
      "fcf": -13383000,
      "ocf": -8329000,
      "capex": -5054000,
      "gross_margin": 0.11124704347116875,
      "op_margin": -0.3512764048609412,
      "fcf_margin": -0.5457548323954,
      "incr_op_margin_yoy": 0.024265916210906388,
      "rev_growth_yoy": -0.4343904970591627,
      "rev_growth_yoy_accel": -0.08831255971138408,
      "fcf_margin_change": -0.4731268022139905
    },
    {
      "date": "2023-11-26T00:00:00",
      "quarter_label": "2023-11 (Q4)",
      "revenue": 30150000,
      "gross_profit": 9957000,
      "operating_income": -1483000,
      "net_income": 14218000,
      "opex": 11440000,
      "cogs": 20193000,
      "rd": 2098000,
      "sga": 9185000,
      "fcf": -2973000,
      "ocf": 1288000,
      "capex": -4261000,
      "gross_margin": 0.3302487562189055,
      "op_margin": -0.04918739635157546,
      "fcf_margin": -0.09860696517412935,
      "incr_op_margin_yoy": -0.742371705963939,
      "rev_growth_yoy": -0.22297819700015464,
      "rev_growth_yoy_accel": 0.21141230005900807,
      "op_leverage_ratio": 26.562060889929743,
      "fcf_margin_change": 0.44714786722127065
    },
    {
      "date": "2024-02-25T00:00:00",
      "quarter_label": "2024-02 (Q1)",
      "revenue": 35704000,
      "gross_profit": 11894000,
      "operating_income": -895000,
      "net_income": 15632000,
      "opex": 12789000,
      "cogs": 23810000,
      "rd": 2170000,
      "sga": 9848000,
      "fcf": -7785000,
      "ocf": -1418000,
      "capex": -6367000,
      "gross_margin": 0.3331279408469639,
      "op_margin": -0.02506721935917544,
      "fcf_margin": -0.2180427963253417,
      "incr_op_margin_yoy": 1.0863770977295162,
      "rev_growth_yoy": 0.2936231884057971,
      "rev_growth_yoy_accel": 0.5166013854059517,
      "op_leverage_ratio": 1.5621856125844709,
      "fcf_margin_change": -0.11943583115121235
    },
    {
      "date": "2024-05-26T00:00:00",
      "quarter_label": "2024-05 (Q2)",
      "revenue": 37886000,
      "gross_profit": 17272000,
      "operating_income": 2149000,
      "net_income": -7083000,
      "opex": 15123000,
      "cogs": 20614000,
      "rd": 2161000,
      "sga": 12224000,
      "fcf": 6003000,
      "ocf": 8716000,
      "capex": -2713000,
      "gross_margin": 0.45589399778282214,
      "op_margin": 0.05672279997888402,
      "fcf_margin": 0.15844903130443963,
      "incr_op_margin_yoy": 0.5018543242842308,
      "rev_growth_yoy": 0.21643923583239685,
      "rev_growth_yoy_accel": -0.07718395257340024,
      "op_leverage_ratio": 0.33486796896735055,
      "fcf_margin_change": 0.37649182762978134
    },
    {
      "date": "2024-08-25T00:00:00",
      "quarter_label": "2024-08 (Q3)",
      "revenue": 24705000,
      "gross_profit": 5387000,
      "operating_income": -11584000,
      "net_income": -16230000,
      "opex": 16971000,
      "cogs": 19318000,
      "rd": 2186000,
      "sga": 14785000,
      "fcf": -4035000,
      "ocf": -613000,
      "capex": -3422000,
      "gross_margin": 0.21805302570329893,
      "op_margin": -0.4688929366524995,
      "fcf_margin": -0.16332726168791742,
      "rev_growth_yoy": 0.007462686567164179,
      "rev_growth_yoy_accel": -0.20897654926523268,
      "fcf_margin_change": -0.32177629299235705
    },
    {
      "date": "2024-11-24T00:00:00",
      "quarter_label": "2024-11 (Q4)",
      "revenue": 32564000,
      "gross_profit": 11084000,
      "operating_income": -1959000,
      "net_income": -6571000,
      "opex": 13043000,
      "cogs": 21480000,
      "rd": 1924000,
      "sga": 11119000,
      "fcf": -8580000,
      "ocf": -6140000,
      "capex": -2440000,
      "gross_margin": 0.34037587519960694,
      "op_margin": -0.06015845719199116,
      "fcf_margin": -0.2634811448225034,
      "incr_op_margin_yoy": -0.19718309859154928,
      "rev_growth_yoy": 0.08006633499170812,
      "rev_growth_yoy_accel": 0.07260364842454395,
      "op_leverage_ratio": Infinity,
      "fcf_margin_change": -0.10015388313458598
    },
    {
      "date": "2025-02-23T00:00:00",
      "quarter_label": "2025-02 (Q1)",
      "revenue": 35154000,
      "gross_profit": 9845000,
      "operating_income": -9029000,
      "net_income": -14769000,
      "opex": 18874000,
      "cogs": 25309000,
      "rd": 2045000,
      "sga": 10093000,
      "fcf": -4256000,
      "ocf": 1200000,
      "capex": -5456000,
      "gross_margin": 0.28005347897821015,
      "op_margin": -0.25684132673379984,
      "fcf_margin": -0.12106730386300278,
      "rev_growth_yoy": -0.015404436477705579,
      "rev_growth_yoy_accel": -0.0954707714694137,
      "op_leverage_ratio": 0.1779084069446474,
      "fcf_margin_change": 0.1424138409595006
    },
    {
      "date": "2025-05-25T00:00:00",
      "quarter_label": "2025-05 (Q2)",
      "revenue": 36444000,
      "gross_profit": 13982000,
      "operating_income": 5327000,
      "net_income": -1147000,
      "opex": 8655000,
      "cogs": 22462000,
      "rd": 2103000,
      "sga": 8980000,
      "fcf": 3250000,
      "ocf": 5347000,
      "capex": -2097000,
      "gross_margin": 0.3836571177697289,
      "op_margin": 0.14616946548128637,
      "fcf_margin": 0.08917791680386346,
      "incr_op_margin_yoy": -2.203883495145631,
      "rev_growth_yoy": -0.03806155308029351,
      "rev_growth_yoy_accel": -0.022657116602587936,
      "op_leverage_ratio": Infinity,
      "fcf_margin_change": 0.21024522066686624
    },
    {
      "date": "2025-09-30T00:00:00",
      "quarter_label": "2025-09 (Q3)",
      "revenue": 31109000,
      "gross_profit": 7791000,
      "operating_income": -3067000,
      "net_income": -9991000,
      "opex": 10858000,
      "cogs": 23318000,
      "rd": 1963000,
      "sga": 8895000,
      "fcf": 25000,
      "ocf": 1762000,
      "capex": -1737000,
      "gross_margin": 0.25044199427818314,
      "op_margin": -0.09858883281365521,
      "fcf_margin": 0.0008036259603330226,
      "fcf_margin_change": -0.08837429084353043
    }
  ],
  "signals": [
    {
      "quarter": "2025-05 (Q2)",
      "signal": "FCF TURNED POSITIVE",
      "detail": "FCF margin: -12.1% -> +8.9%",
      "severity": "HIGH"
    },
    {
      "quarter": "2025-05 (Q2)",
      "signal": "GROSS MARGIN INFLECTION",
      "detail": "GM: +34.0% -> +28.0% -> +38.4% (reversal +10.4%)",
      "severity": "HIGH"
    },
    {
      "quarter": "2025-05 (Q2)",
      "signal": "OP MARGIN TURNED POSITIVE (QoQ)",
      "detail": "Op margin: -25.7% -> +14.6%",
      "severity": "HIGH"
    },
    {
      "quarter": "2025-02 (Q1)",
      "signal": "FCF MARGIN EXPANSION",
      "detail": "FCF margin: -26.3% -> -12.1% (+14.2%)",
      "severity": "MEDIUM"
    },
    {
      "quarter": "2025-02 (Q1)",
      "signal": "YoY REVENUE GROWTH DECELERATION",
      "detail": "YoY growth: -1.5% vs prior quarter YoY: +8.0% (decel: -9.5%)",
      "severity": "WARNING"
    },
    {
      "quarter": "2024-11 (Q4)",
      "signal": "GROSS MARGIN INFLECTION",
      "detail": "GM: +45.6% -> +21.8% -> +34.0% (reversal +12.2%)",
      "severity": "HIGH"
    },
    {
      "quarter": "2024-11 (Q4)",
      "signal": "YoY REVENUE GROWTH ACCELERATION",
      "detail": "YoY growth: +8.0% vs prior quarter YoY: +0.7% (accel: +7.3%)",
      "severity": "MEDIUM"
    },
    {
      "quarter": "2024-08 (Q3)",
      "signal": "YoY REVENUE GROWTH DECELERATION",
      "detail": "YoY growth: +0.7% vs prior quarter YoY: +21.6% (decel: -20.9%)",
      "severity": "WARNING"
    },
    {
      "quarter": "2024-05 (Q2)",
      "signal": "FCF TURNED POSITIVE",
      "detail": "FCF margin: -21.8% -> +15.8%",
      "severity": "HIGH"
    },
    {
      "quarter": "2024-05 (Q2)",
      "signal": "YoY REVENUE GROWTH DECELERATION",
      "detail": "YoY growth: +21.6% vs prior quarter YoY: +29.4% (decel: -7.7%)",
      "severity": "WARNING"
    },
    {
      "quarter": "2024-05 (Q2)",
      "signal": "OP MARGIN TURNED POSITIVE (YoY)",
      "detail": "Op margin: -4.0% (year-ago) -> +5.7%",
      "severity": "HIGH"
    },
    {
      "quarter": "2024-05 (Q2)",
      "signal": "OP MARGIN TURNED POSITIVE (QoQ)",
      "detail": "Op margin: -2.5% -> +5.7%",
      "severity": "HIGH"
    },
    {
      "quarter": "2024-02 (Q1)",
      "signal": "OPERATING LEVERAGE",
      "detail": "Rev growth +18.4% vs OpEx growth +11.8% (leverage: 1.6x)",
      "severity": "MEDIUM"
    },
    {
      "quarter": "2024-02 (Q1)",
      "signal": "YoY REVENUE GROWTH ACCELERATION",
      "detail": "YoY growth: +29.4% vs prior quarter YoY: -22.3% (accel: +51.7%)",
      "severity": "HIGH"
    },
    {
      "quarter": "2023-11 (Q4)",
      "signal": "FCF MARGIN EXPANSION",
      "detail": "FCF margin: -54.6% -> -9.9% (+44.7%)",
      "severity": "MEDIUM"
    },
    {
      "quarter": "2023-11 (Q4)",
      "signal": "OPERATING LEVERAGE",
      "detail": "Rev growth +23.0% vs OpEx growth +0.9% (leverage: 26.6x)",
      "severity": "MEDIUM"
    },
    {
      "quarter": "2023-11 (Q4)",
      "signal": "GROSS MARGIN INFLECTION",
      "detail": "GM: +25.0% -> +11.1% -> +33.0% (reversal +21.9%)",
      "severity": "HIGH"
    },
    {
      "quarter": "2023-11 (Q4)",
      "signal": "YoY REVENUE GROWTH ACCELERATION",
      "detail": "YoY growth: -22.3% vs prior quarter YoY: -43.4% (accel: +21.1%)",
      "severity": "HIGH"
    },
    {
      "quarter": "2023-08 (Q3)",
      "signal": "YoY REVENUE GROWTH DECELERATION",
      "detail": "YoY growth: -43.4% vs prior quarter YoY: -34.6% (decel: -8.8%)",
      "severity": "WARNING"
    },
    {
      "quarter": "2023-05 (Q2)",
      "signal": "FCF MARGIN EXPANSION",
      "detail": "FCF margin: -68.2% -> -7.3% (+60.9%)",
      "severity": "MEDIUM"
    },
    {
      "quarter": "2023-05 (Q2)",
      "signal": "YoY REVENUE GROWTH ACCELERATION",
      "detail": "YoY growth: -34.6% vs prior quarter YoY: -48.0% (accel: +13.4%)",
      "severity": "MEDIUM"
    },
    {
      "quarter": "2023-02 (Q1)",
      "signal": "YoY REVENUE GROWTH ACCELERATION",
      "detail": "YoY growth: -48.0% vs prior quarter YoY: -70.0% (accel: +22.0%)",
      "severity": "HIGH"
    },
    {
      "quarter": "2022-11 (Q4)",
      "signal": "GROSS MARGIN INFLECTION",
      "detail": "GM: +25.4% -> +13.4% -> +18.3% (reversal +4.9%)",
      "severity": "MEDIUM"
    },
    {
      "quarter": "2022-08 (Q3)",
      "signal": "FCF MARGIN EXPANSION",
      "detail": "FCF margin: -20.0% -> -10.3% (+9.7%)",
      "severity": "MEDIUM"
    },
    {
      "quarter": "2022-05 (Q2)",
      "signal": "FCF MARGIN EXPANSION",
      "detail": "FCF margin: -43.0% -> -20.0% (+23.0%)",
      "severity": "MEDIUM"
    },
    {
      "quarter": "2022-02 (Q1)",
      "signal": "GROSS MARGIN INFLECTION",
      "detail": "GM: +13.6% -> +10.0% -> +26.2% (reversal +16.1%)",
      "severity": "HIGH"
    },
    {
      "quarter": "2022-02 (Q1)",
      "signal": "YoY REVENUE GROWTH DECELERATION",
      "detail": "YoY growth: -61.5% vs prior quarter YoY: -1.1% (decel: -60.4%)",
      "severity": "WARNING"
    },
    {
      "quarter": "2021-05 (Q2)",
      "signal": "FCF MARGIN EXPANSION",
      "detail": "FCF margin: -8.0% -> -2.0% (+6.0%)",
      "severity": "MEDIUM"
    },
    {
      "quarter": "2021-05 (Q2)",
      "signal": "GROSS MARGIN INFLECTION",
      "detail": "GM: +15.8% -> +14.3% -> +17.7% (reversal +3.4%)",
      "severity": "MEDIUM"
    },
    {
      "quarter": "2021-05 (Q2)",
      "signal": "OP MARGIN TURNED POSITIVE (QoQ)",
      "detail": "Op margin: -0.6% -> +0.9%",
      "severity": "HIGH"
    }
  ],
  "data_quality": {
    "n_quarters": 20,
    "coverage": {
      "revenue": [
        20,
        20
      ],
      "gross_profit": [
        20,
        20
      ],
      "op_income": [
        20,
        20
      ],
      "fcf": [
        20,
        20
      ]
    },
    "gaps": [
      [
        "2025-05 (Q2)",
        "2025-09 (Q3)",
        128
      ]
    ],
    "warnings": [
      "gap: 0Q missing between 2025-05 (Q2) and 2025-09 (Q3)"
    ]
  },
  "market_cap": null,
  "source": "SEC EDGAR",
  "last_updated": "2026-02-02T22:43:05.542131",
  "sector": "Healthcare",
  "industry": "Drug Manufacturers - Specialty & Generic"
}