{
  "ticker": "LFMDP",
  "name": "LIFEMD, INC.",
  "quarters": [
    {
      "date": "2020-12-31T00:00:00",
      "quarter_label": "2020-12 (Q4)",
      "revenue": 12893552,
      "gross_profit": 10670893,
      "operating_income": -32328069,
      "net_income": -32250729,
      "opex": 42998962,
      "cogs": 2222659,
      "rd": null,
      "sga": null,
      "fcf": -6536232,
      "ocf": -6536232,
      "capex": null,
      "gross_margin": 0.8276146867829749,
      "op_margin": -2.5073051242977886,
      "fcf_margin": -0.5069380415885397
    },
    {
      "date": "2021-03-31T00:00:00",
      "quarter_label": "2021-03 (Q1)",
      "revenue": 18198112,
      "gross_profit": 14934859,
      "operating_income": -11918337,
      "net_income": -11602383,
      "opex": 26853196,
      "cogs": 3263253,
      "rd": null,
      "sga": null,
      "fcf": -9106829,
      "ocf": -9106829,
      "capex": null,
      "gross_margin": 0.8206817828135139,
      "op_margin": -0.654921620440626,
      "fcf_margin": -0.5004271322211886,
      "op_leverage_ratio": Infinity,
      "fcf_margin_change": 0.006510909367351103
    },
    {
      "date": "2021-06-30T00:00:00",
      "quarter_label": "2021-06 (Q2)",
      "revenue": 22313611,
      "gross_profit": 18113603,
      "operating_income": -16126763,
      "net_income": -16830700,
      "opex": 34240366,
      "cogs": 4200008,
      "rd": null,
      "sga": null,
      "fcf": -10733580,
      "ocf": -10733580,
      "capex": null,
      "gross_margin": 0.811773719636862,
      "op_margin": -0.722732102840728,
      "fcf_margin": -0.48103285478984104,
      "op_leverage_ratio": 0.8220799481383275,
      "fcf_margin_change": 0.019394277431347584
    },
    {
      "date": "2021-09-30T00:00:00",
      "quarter_label": "2021-09 (Q3)",
      "revenue": 24947199,
      "gross_profit": 19850712,
      "operating_income": -12591304,
      "net_income": -14353375,
      "opex": 32442016,
      "cogs": 5096487,
      "rd": null,
      "sga": null,
      "fcf": -7471130,
      "ocf": -7419141,
      "capex": -51989,
      "gross_margin": 0.7957090493405693,
      "op_margin": -0.5047181449107774,
      "fcf_margin": -0.2994777089003058,
      "op_leverage_ratio": Infinity,
      "fcf_margin_change": 0.18155514588953525
    },
    {
      "date": "2021-12-31T00:00:00",
      "quarter_label": "2021-12 (Q4)",
      "revenue": 27416884,
      "gross_profit": 21849254,
      "operating_income": -13664677,
      "net_income": -18111246,
      "opex": 35513931,
      "cogs": 5567630,
      "rd": null,
      "sga": null,
      "fcf": -6003199,
      "ocf": -5825939,
      "capex": -177260,
      "gross_margin": 0.7969269593145596,
      "op_margin": -0.49840372086047413,
      "fcf_margin": -0.2189599299468167,
      "incr_op_margin_yoy": 1.2850626839626058,
      "rev_growth_yoy": 1.1264027166447228,
      "op_leverage_ratio": 1.0454864588488408,
      "fcf_margin_change": 0.08051777895348908
    },
    {
      "date": "2022-03-31T00:00:00",
      "quarter_label": "2022-03 (Q1)",
      "revenue": 29042837,
      "gross_profit": 23794662,
      "operating_income": -13107015,
      "net_income": -13299675,
      "opex": 36901677,
      "cogs": 5248175,
      "rd": null,
      "sga": null,
      "fcf": -8358294,
      "ocf": -8091143,
      "capex": -267151,
      "gross_margin": 0.8192953739333385,
      "op_margin": -0.45129940301631,
      "fcf_margin": -0.28779192611245247,
      "incr_op_margin_yoy": -0.10960886513950331,
      "rev_growth_yoy": 0.5959258301080903,
      "rev_growth_yoy_accel": -0.5304768865366325,
      "op_leverage_ratio": 1.517674563949481,
      "fcf_margin_change": -0.06883199616563576
    },
    {
      "date": "2022-06-30T00:00:00",
      "quarter_label": "2022-06 (Q2)",
      "revenue": 30458498,
      "gross_profit": 25823187,
      "operating_income": -15639125,
      "net_income": -13018962,
      "opex": 41462312,
      "cogs": 4635311,
      "rd": null,
      "sga": null,
      "fcf": -10189145,
      "ocf": -10098965,
      "capex": -90180,
      "gross_margin": 0.8478155094844139,
      "op_margin": -0.5134568684247004,
      "fcf_margin": -0.3345255238784263,
      "incr_op_margin_yoy": 0.05987044387478918,
      "rev_growth_yoy": 0.3650187771042526,
      "rev_growth_yoy_accel": -0.23090705300383768,
      "op_leverage_ratio": 0.3944037338070941,
      "fcf_margin_change": -0.046733597765973856
    },
    {
      "date": "2022-09-30T00:00:00",
      "quarter_label": "2022-09 (Q3)",
      "revenue": 31412469,
      "gross_profit": 26695627,
      "operating_income": -6817701,
      "net_income": -7281673,
      "opex": 33513328,
      "cogs": 4716842,
      "rd": null,
      "sga": null,
      "fcf": -2797548,
      "ocf": -2776002,
      "capex": -21546,
      "gross_margin": 0.8498417300467531,
      "op_margin": -0.21703804944463295,
      "fcf_margin": -0.08905852004183434,
      "incr_op_margin_yoy": 0.8930180796780336,
      "rev_growth_yoy": 0.25915815238416146,
      "rev_growth_yoy_accel": -0.10586062472009117,
      "op_leverage_ratio": Infinity,
      "fcf_margin_change": 0.24546700383659198
    },
    {
      "date": "2022-12-31T00:00:00",
      "quarter_label": "2022-12 (Q4)",
      "revenue": 28119716,
      "gross_profit": 24052016,
      "operating_income": -7883941,
      "net_income": -11935350,
      "opex": 31935957,
      "cogs": 4067700,
      "rd": null,
      "sga": null,
      "fcf": -1956795,
      "ocf": -1969039,
      "capex": 12244,
      "gross_margin": 0.8553434892443437,
      "op_margin": -0.28037057700013757,
      "fcf_margin": -0.06958800721884958,
      "rev_growth_yoy": 0.025635006516422507,
      "rev_growth_yoy_accel": -0.23352314586773895,
      "fcf_margin_change": 0.01947051282298476
    },
    {
      "date": "2023-03-31T00:00:00",
      "quarter_label": "2023-03 (Q1)",
      "revenue": 33126335,
      "gross_profit": 28911366,
      "operating_income": -2852810,
      "net_income": -4008456,
      "opex": 31764176,
      "cogs": 4214969,
      "rd": null,
      "sga": null,
      "fcf": -2647594,
      "ocf": -2613938,
      "capex": -33656,
      "gross_margin": 0.872760780810796,
      "op_margin": -0.08611909527570738,
      "fcf_margin": -0.07992414494389434,
      "incr_op_margin_yoy": 2.5111326122848596,
      "rev_growth_yoy": 0.14060258644842444,
      "rev_growth_yoy_accel": 0.11496757993200193,
      "op_leverage_ratio": Infinity,
      "fcf_margin_change": -0.010336137725044756
    },
    {
      "date": "2023-06-30T00:00:00",
      "quarter_label": "2023-06 (Q2)",
      "revenue": 35946913,
      "gross_profit": 31398483,
      "operating_income": -4895546,
      "net_income": -6733000,
      "opex": 36294029,
      "cogs": 4548430,
      "rd": null,
      "sga": null,
      "fcf": 4613761,
      "ocf": 4644324,
      "capex": -30563,
      "gross_margin": 0.8734681334110664,
      "op_margin": -0.1361882173303727,
      "fcf_margin": 0.12834929664196756,
      "incr_op_margin_yoy": 1.9575012093655455,
      "rev_growth_yoy": 0.18019322554907335,
      "rev_growth_yoy_accel": 0.03959063910064892,
      "op_leverage_ratio": 0.597060320308919,
      "fcf_margin_change": 0.20827344158586192
    },
    {
      "date": "2023-09-30T00:00:00",
      "quarter_label": "2023-09 (Q3)",
      "revenue": 38613911,
      "gross_profit": 33832405,
      "operating_income": -4569381,
      "net_income": -6122435,
      "opex": 38401786,
      "cogs": 4781506,
      "rd": null,
      "sga": null,
      "fcf": 1045953,
      "ocf": 1076216,
      "capex": -30263,
      "gross_margin": 0.8761714139756525,
      "op_margin": -0.11833509949302985,
      "fcf_margin": 0.027087465965309757,
      "incr_op_margin_yoy": 0.31220413911547157,
      "rev_growth_yoy": 0.22925424932373192,
      "rev_growth_yoy_accel": 0.04906102377465857,
      "op_leverage_ratio": 1.2775436011431665,
      "fcf_margin_change": -0.10126183067665781
    },
    {
      "date": "2023-12-31T00:00:00",
      "quarter_label": "2023-12 (Q4)",
      "revenue": 44859848,
      "gross_profit": 39504289,
      "operating_income": -2171536,
      "net_income": -3732101,
      "opex": 41675825,
      "cogs": 5355559,
      "rd": null,
      "sga": null,
      "fcf": 5604298,
      "ocf": 5713630,
      "capex": -109332,
      "gross_margin": 0.8806157568790692,
      "op_margin": -0.048407118989792386,
      "fcf_margin": 0.12492904568022611,
      "incr_op_margin_yoy": 0.3412401407587467,
      "rev_growth_yoy": 0.5953165387587841,
      "rev_growth_yoy_accel": 0.36606228943505215,
      "op_leverage_ratio": 1.897236113929932,
      "fcf_margin_change": 0.09784157971491636
    },
    {
      "date": "2024-03-31T00:00:00",
      "quarter_label": "2024-03 (Q1)",
      "revenue": 44144264,
      "gross_profit": 39544087,
      "operating_income": -6171245,
      "net_income": -6768355,
      "opex": 45715332,
      "cogs": 4600177,
      "rd": null,
      "sga": null,
      "fcf": 5026567,
      "ocf": 5202159,
      "capex": -175592,
      "gross_margin": 0.8957921917103432,
      "op_margin": -0.13979721125263295,
      "fcf_margin": 0.11386682083996236,
      "incr_op_margin_yoy": -0.3011850049133553,
      "rev_growth_yoy": 0.33260331998695297,
      "rev_growth_yoy_accel": -0.2627132187718311,
      "fcf_margin_change": -0.011062224840263757
    },
    {
      "date": "2024-06-30T00:00:00",
      "quarter_label": "2024-06 (Q2)",
      "revenue": 50661845,
      "gross_profit": 45636930,
      "operating_income": -6305566,
      "net_income": -6875640,
      "opex": 51942496,
      "cogs": 5024915,
      "rd": null,
      "sga": null,
      "fcf": 3897710,
      "ocf": 4539763,
      "capex": -642053,
      "gross_margin": 0.9008146071269216,
      "op_margin": -0.12446380505881695,
      "fcf_margin": 0.07693580839781891,
      "incr_op_margin_yoy": -0.0958223931989628,
      "rev_growth_yoy": 0.4093517571314121,
      "rev_growth_yoy_accel": 0.07674843714445911,
      "op_leverage_ratio": 1.0838863110964858,
      "fcf_margin_change": -0.036931012442143446
    },
    {
      "date": "2024-09-30T00:00:00",
      "quarter_label": "2024-09 (Q3)",
      "revenue": 53393157,
      "gross_profit": 48379616,
      "operating_income": -4686112,
      "net_income": -5131465,
      "opex": 53065728,
      "cogs": 5013541,
      "rd": null,
      "sga": null,
      "fcf": 6250165,
      "ocf": 6697967,
      "capex": -447802,
      "gross_margin": 0.9061014316872104,
      "op_margin": -0.08776615325443296,
      "fcf_margin": 0.11705928907706281,
      "incr_op_margin_yoy": -0.007898305502188677,
      "rev_growth_yoy": 0.38274408412035754,
      "rev_growth_yoy_accel": -0.026607673011054545,
      "op_leverage_ratio": 2.4931227302497208,
      "fcf_margin_change": 0.0401234806792439
    },
    {
      "date": "2024-12-31T00:00:00",
      "quarter_label": "2024-12 (Q4)",
      "revenue": 64254572,
      "gross_profit": 54824726,
      "operating_income": 1018242,
      "net_income": -106272,
      "opex": 53806484,
      "cogs": 9429846,
      "rd": null,
      "sga": null,
      "fcf": 847891,
      "ocf": 1073301,
      "capex": -225410,
      "gross_margin": 0.8532424120730273,
      "op_margin": 0.0158469968487223,
      "fcf_margin": 0.013195808074170971,
      "incr_op_margin_yoy": 0.16446627443628484,
      "rev_growth_yoy": 0.43234038599506625,
      "rev_growth_yoy_accel": 0.049596301874708704,
      "op_leverage_ratio": 14.572691000948948,
      "fcf_margin_change": -0.10386348100289183
    },
    {
      "date": "2025-03-31T00:00:00",
      "quarter_label": "2025-03 (Q1)",
      "revenue": 65697756,
      "gross_profit": 57054040,
      "operating_income": 2542924,
      "net_income": 1384804,
      "opex": 54511116,
      "cogs": 8643716,
      "rd": null,
      "sga": null,
      "fcf": 2946176,
      "ocf": 3068387,
      "capex": -122211,
      "gross_margin": 0.868432096828391,
      "op_margin": 0.038706405740859706,
      "fcf_margin": 0.044844393163139394,
      "incr_op_margin_yoy": 0.4043042770053224,
      "rev_growth_yoy": 0.4882512482255905,
      "rev_growth_yoy_accel": 0.05591086223052427,
      "op_leverage_ratio": 1.7151018757664616,
      "fcf_margin_change": 0.03164858508896842
    },
    {
      "date": "2025-06-30T00:00:00",
      "quarter_label": "2025-06 (Q2)",
      "revenue": 62218185,
      "gross_profit": 54787281,
      "operating_income": -906772,
      "net_income": -2074874,
      "opex": 55694053,
      "cogs": 7430904,
      "rd": null,
      "sga": null,
      "fcf": 7843702,
      "ocf": 8639447,
      "capex": -795745,
      "gross_margin": 0.8805670078611262,
      "op_margin": -0.01457406705129698,
      "fcf_margin": 0.1260676761946688,
      "incr_op_margin_yoy": 0.4671716131577991,
      "rev_growth_yoy": 0.2281073656121288,
      "rev_growth_yoy_accel": -0.2601438826134617,
      "fcf_margin_change": 0.0812232830315294
    },
    {
      "date": "2025-09-30T00:00:00",
      "quarter_label": "2025-09 (Q3)",
      "revenue": 60172470,
      "gross_profit": 52764557,
      "operating_income": -1969214,
      "net_income": -3806117,
      "opex": 54733771,
      "cogs": 7407913,
      "rd": null,
      "sga": null,
      "fcf": -944394,
      "ocf": -147136,
      "capex": -797258,
      "gross_margin": 0.876888666860443,
      "op_margin": -0.03272616198071975,
      "fcf_margin": -0.015694785339541488,
      "incr_op_margin_yoy": 0.4007630271680921,
      "rev_growth_yoy": 0.12696969763372487,
      "rev_growth_yoy_accel": -0.10113766797840393,
      "fcf_margin_change": -0.1417624615342103
    }
  ],
  "signals": [
    {
      "quarter": "2025-09 (Q3)",
      "signal": "YoY REVENUE GROWTH DECELERATION",
      "detail": "YoY growth: +12.7% vs prior quarter YoY: +22.8% (decel: -10.1%)",
      "severity": "WARNING"
    },
    {
      "quarter": "2025-06 (Q2)",
      "signal": "FCF MARGIN EXPANSION",
      "detail": "FCF margin: +4.5% -> +12.6% (+8.1%)",
      "severity": "MEDIUM"
    },
    {
      "quarter": "2025-06 (Q2)",
      "signal": "YoY REVENUE GROWTH DECELERATION",
      "detail": "YoY growth: +22.8% vs prior quarter YoY: +48.8% (decel: -26.0%)",
      "severity": "WARNING"
    },
    {
      "quarter": "2025-03 (Q1)",
      "signal": "OPERATING LEVERAGE",
      "detail": "Rev growth +2.2% vs OpEx growth +1.3% (leverage: 1.7x)",
      "severity": "MEDIUM"
    },
    {
      "quarter": "2025-03 (Q1)",
      "signal": "YoY REVENUE GROWTH ACCELERATION",
      "detail": "YoY growth: +48.8% vs prior quarter YoY: +43.2% (accel: +5.6%)",
      "severity": "MEDIUM"
    },
    {
      "quarter": "2025-03 (Q1)",
      "signal": "OP MARGIN TURNED POSITIVE (YoY)",
      "detail": "Op margin: -14.0% (year-ago) -> +3.9%",
      "severity": "HIGH"
    },
    {
      "quarter": "2024-12 (Q4)",
      "signal": "OPERATING LEVERAGE",
      "detail": "Rev growth +20.3% vs OpEx growth +1.4% (leverage: 14.6x)",
      "severity": "MEDIUM"
    },
    {
      "quarter": "2024-12 (Q4)",
      "signal": "OP MARGIN TURNED POSITIVE (YoY)",
      "detail": "Op margin: -4.8% (year-ago) -> +1.6%",
      "severity": "HIGH"
    },
    {
      "quarter": "2024-12 (Q4)",
      "signal": "OP MARGIN TURNED POSITIVE (QoQ)",
      "detail": "Op margin: -8.8% -> +1.6%",
      "severity": "HIGH"
    },
    {
      "quarter": "2024-09 (Q3)",
      "signal": "OPERATING LEVERAGE",
      "detail": "Rev growth +5.4% vs OpEx growth +2.2% (leverage: 2.5x)",
      "severity": "MEDIUM"
    },
    {
      "quarter": "2024-06 (Q2)",
      "signal": "YoY REVENUE GROWTH ACCELERATION",
      "detail": "YoY growth: +40.9% vs prior quarter YoY: +33.3% (accel: +7.7%)",
      "severity": "MEDIUM"
    },
    {
      "quarter": "2024-03 (Q1)",
      "signal": "YoY REVENUE GROWTH DECELERATION",
      "detail": "YoY growth: +33.3% vs prior quarter YoY: +59.5% (decel: -26.3%)",
      "severity": "WARNING"
    },
    {
      "quarter": "2023-12 (Q4)",
      "signal": "FCF MARGIN EXPANSION",
      "detail": "FCF margin: +2.7% -> +12.5% (+9.8%)",
      "severity": "MEDIUM"
    },
    {
      "quarter": "2023-12 (Q4)",
      "signal": "OPERATING LEVERAGE",
      "detail": "Rev growth +16.2% vs OpEx growth +8.5% (leverage: 1.9x)",
      "severity": "MEDIUM"
    },
    {
      "quarter": "2023-12 (Q4)",
      "signal": "YoY REVENUE GROWTH ACCELERATION",
      "detail": "YoY growth: +59.5% vs prior quarter YoY: +22.9% (accel: +36.6%)",
      "severity": "HIGH"
    },
    {
      "quarter": "2023-06 (Q2)",
      "signal": "FCF TURNED POSITIVE",
      "detail": "FCF margin: -8.0% -> +12.8%",
      "severity": "HIGH"
    },
    {
      "quarter": "2023-03 (Q1)",
      "signal": "YoY REVENUE GROWTH ACCELERATION",
      "detail": "YoY growth: +14.1% vs prior quarter YoY: +2.6% (accel: +11.5%)",
      "severity": "MEDIUM"
    },
    {
      "quarter": "2022-12 (Q4)",
      "signal": "YoY REVENUE GROWTH DECELERATION",
      "detail": "YoY growth: +2.6% vs prior quarter YoY: +25.9% (decel: -23.4%)",
      "severity": "WARNING"
    },
    {
      "quarter": "2022-09 (Q3)",
      "signal": "FCF MARGIN EXPANSION",
      "detail": "FCF margin: -33.5% -> -8.9% (+24.5%)",
      "severity": "MEDIUM"
    },
    {
      "quarter": "2022-09 (Q3)",
      "signal": "YoY REVENUE GROWTH DECELERATION",
      "detail": "YoY growth: +25.9% vs prior quarter YoY: +36.5% (decel: -10.6%)",
      "severity": "WARNING"
    },
    {
      "quarter": "2022-06 (Q2)",
      "signal": "YoY REVENUE GROWTH DECELERATION",
      "detail": "YoY growth: +36.5% vs prior quarter YoY: +59.6% (decel: -23.1%)",
      "severity": "WARNING"
    },
    {
      "quarter": "2022-03 (Q1)",
      "signal": "OPERATING LEVERAGE",
      "detail": "Rev growth +5.9% vs OpEx growth +3.9% (leverage: 1.5x)",
      "severity": "MEDIUM"
    },
    {
      "quarter": "2022-03 (Q1)",
      "signal": "YoY REVENUE GROWTH DECELERATION",
      "detail": "YoY growth: +59.6% vs prior quarter YoY: +112.6% (decel: -53.0%)",
      "severity": "WARNING"
    },
    {
      "quarter": "2021-12 (Q4)",
      "signal": "FCF MARGIN EXPANSION",
      "detail": "FCF margin: -29.9% -> -21.9% (+8.1%)",
      "severity": "MEDIUM"
    },
    {
      "quarter": "2021-09 (Q3)",
      "signal": "FCF MARGIN EXPANSION",
      "detail": "FCF margin: -48.1% -> -29.9% (+18.2%)",
      "severity": "MEDIUM"
    }
  ],
  "data_quality": {
    "n_quarters": 20,
    "coverage": {
      "revenue": [
        20,
        20
      ],
      "gross_profit": [
        20,
        20
      ],
      "op_income": [
        20,
        20
      ],
      "fcf": [
        20,
        20
      ]
    },
    "gaps": [],
    "warnings": []
  },
  "market_cap": null,
  "source": "SEC EDGAR",
  "last_updated": "2026-02-03T01:09:53.580828",
  "sector": "Healthcare",
  "industry": "Health Information Services"
}