{
  "ticker": "LFUS",
  "name": "LITTELFUSE INC /DE",
  "sector": "Technology",
  "industry": "Electronic Components",
  "quarters": [
    {
      "date": "2021-03-27T00:00:00",
      "quarter_label": "2021-03 (Q1)",
      "revenue": 463794000,
      "gross_profit": 160466000,
      "operating_income": 76481000,
      "net_income": null,
      "opex": 83985000,
      "cogs": 303328000,
      "rd": 14739000,
      "sga": 58288000,
      "fcf": 35445000,
      "ocf": 50166000,
      "capex": -14721000,
      "gross_margin": 0.34598550218415935,
      "op_margin": 0.1649029526039578,
      "fcf_margin": 0.07642401583461624
    },
    {
      "date": "2021-06-26T00:00:00",
      "quarter_label": "2021-06 (Q2)",
      "revenue": 523488000,
      "gross_profit": 197396000,
      "operating_income": 96257000,
      "net_income": null,
      "opex": 101139000,
      "cogs": 326092000,
      "rd": 16394000,
      "sga": 73315000,
      "fcf": 58244000,
      "ocf": 76180000,
      "capex": -17936000,
      "gross_margin": 0.3770783666483281,
      "op_margin": 0.1838762302096705,
      "fcf_margin": 0.11126138517024269,
      "op_leverage_ratio": 0.6301470044677947,
      "fcf_margin_change": 0.03483736933562645
    },
    {
      "date": "2021-09-25T00:00:00",
      "quarter_label": "2021-09 (Q3)",
      "revenue": 539581000,
      "gross_profit": 214572000,
      "operating_income": 120107000,
      "net_income": null,
      "opex": 94465000,
      "cogs": 325009000,
      "rd": 15779000,
      "sga": 67468000,
      "fcf": 89449000,
      "ocf": 114318000,
      "capex": -24869000,
      "gross_margin": 0.3976641134509925,
      "op_margin": 0.22259308611682027,
      "fcf_margin": 0.16577492535875057,
      "op_leverage_ratio": null,
      "fcf_margin_change": 0.05451354018850789
    },
    {
      "date": "2022-01-01T00:00:00",
      "quarter_label": "2022-01 (Q1)",
      "revenue": 553065000,
      "gross_profit": 199492000,
      "operating_income": 92797000,
      "net_income": null,
      "opex": 106695000,
      "cogs": 353573000,
      "rd": 19028000,
      "sga": 76386000,
      "fcf": 99644000,
      "ocf": 132680000,
      "capex": -33036000,
      "gross_margin": 0.36070262988979596,
      "op_margin": 0.16778678817137227,
      "fcf_margin": 0.18016688815961956,
      "op_leverage_ratio": 0.19302189146148638,
      "fcf_margin_change": 0.01439196280086899
    },
    {
      "date": "2022-04-02T00:00:00",
      "quarter_label": "2022-04 (Q2)",
      "revenue": 623330000,
      "gross_profit": 258596000,
      "operating_income": 150590000,
      "net_income": 117518000,
      "opex": 108006000,
      "cogs": 364734000,
      "rd": 19556000,
      "sga": 75508000,
      "fcf": 21922000,
      "ocf": 51731000,
      "capex": -29809000,
      "gross_margin": 0.4148621115620939,
      "op_margin": 0.24158952721672308,
      "fcf_margin": 0.0351691720276579,
      "incr_op_margin_yoy": 0.4645283823086952,
      "rev_growth_yoy": 0.343980301599417,
      "op_leverage_ratio": 10.33961221841727,
      "fcf_margin_change": -0.14499771613196166
    },
    {
      "date": "2022-07-02T00:00:00",
      "quarter_label": "2022-07 (Q3)",
      "revenue": 618436000,
      "gross_profit": 262971000,
      "operating_income": 134164000,
      "net_income": 87016000,
      "opex": 128807000,
      "cogs": 355465000,
      "rd": 23488000,
      "sga": 93093000,
      "fcf": 87249000,
      "ocf": 113591000,
      "capex": -26342000,
      "gross_margin": 0.4252194244836976,
      "op_margin": 0.21694079904792088,
      "fcf_margin": 0.14108007942616535,
      "incr_op_margin_yoy": 0.39923958377217,
      "rev_growth_yoy": 0.18137569533590073,
      "rev_growth_yoy_accel": -0.16260460626351628,
      "fcf_margin_change": 0.10591090739850745
    },
    {
      "date": "2022-10-01T00:00:00",
      "quarter_label": "2022-10 (Q4)",
      "revenue": 658880000,
      "gross_profit": 256821000,
      "operating_income": 121870000,
      "net_income": 75468000,
      "opex": 134951000,
      "cogs": 402059000,
      "rd": 25752000,
      "sga": 90219000,
      "fcf": 126495000,
      "ocf": 148117000,
      "capex": -21622000,
      "gross_margin": 0.3897841792132103,
      "op_margin": 0.18496539582321514,
      "fcf_margin": 0.1919848834385624,
      "incr_op_margin_yoy": 0.01477799478620944,
      "rev_growth_yoy": 0.22109562790387355,
      "rev_growth_yoy_accel": 0.03971993256797282,
      "op_leverage_ratio": 1.371032019388762,
      "fcf_margin_change": 0.050904804012397054
    },
    {
      "date": "2022-12-31T00:00:00",
      "quarter_label": "2022-12 (Q4)",
      "revenue": 613251000,
      "gross_profit": 228525000,
      "operating_income": 94202000,
      "net_income": 93304000,
      "opex": 134323000,
      "cogs": 384726000,
      "rd": 26806000,
      "sga": 85993000,
      "fcf": 79711000,
      "ocf": 106279000,
      "capex": -26568000,
      "gross_margin": 0.37264513225416673,
      "op_margin": 0.15361083797661967,
      "fcf_margin": 0.12998103549769996,
      "incr_op_margin_yoy": 0.023344299338716644,
      "rev_growth_yoy": 0.10882265194868596,
      "rev_growth_yoy_accel": -0.11227297595518759,
      "fcf_margin_change": -0.062003847940862444
    },
    {
      "date": "2023-04-01T00:00:00",
      "quarter_label": "2023-04 (Q2)",
      "revenue": 609782000,
      "gross_profit": 244957000,
      "operating_income": 110641000,
      "net_income": 88745000,
      "opex": 134316000,
      "cogs": 364825000,
      "rd": 27290000,
      "sga": 88310000,
      "fcf": 27742000,
      "ocf": 53407000,
      "capex": -25665000,
      "gross_margin": 0.4017124152565999,
      "op_margin": 0.1814435322787488,
      "fcf_margin": 0.045494947374635525,
      "incr_op_margin_yoy": 2.948700915264246,
      "rev_growth_yoy": -0.021734875587569986,
      "rev_growth_yoy_accel": -0.13055752753625594,
      "fcf_margin_change": -0.08448608812306443
    },
    {
      "date": "2023-07-01T00:00:00",
      "quarter_label": "2023-07 (Q3)",
      "revenue": 611997000,
      "gross_profit": 234832000,
      "operating_income": 92053000,
      "net_income": 70071000,
      "opex": 142779000,
      "cogs": 377165000,
      "rd": 24496000,
      "sga": 94543000,
      "fcf": 82390000,
      "ocf": 98226000,
      "capex": -15836000,
      "gross_margin": 0.3837142992531009,
      "op_margin": 0.15041413601700662,
      "fcf_margin": 0.1346248429322366,
      "incr_op_margin_yoy": 6.539990681782886,
      "rev_growth_yoy": -0.010411748345827216,
      "rev_growth_yoy_accel": 0.01132312724174277,
      "fcf_margin_change": 0.08912989555760106
    },
    {
      "date": "2023-09-30T00:00:00",
      "quarter_label": "2023-09 (Q3)",
      "revenue": 607071000,
      "gross_profit": 226871000,
      "operating_income": 93645000,
      "net_income": 57788000,
      "opex": 133226000,
      "cogs": 380200000,
      "rd": 25484000,
      "sga": 87204000,
      "fcf": 139842000,
      "ocf": 161507000,
      "capex": -21665000,
      "gross_margin": 0.37371411251731673,
      "op_margin": 0.15425708030856358,
      "fcf_margin": 0.2303552632229179,
      "incr_op_margin_yoy": 0.5447895153351734,
      "rev_growth_yoy": -0.07863192083535697,
      "rev_growth_yoy_accel": -0.06822017248952976,
      "fcf_margin_change": 0.09573042029068132
    },
    {
      "date": "2023-12-30T00:00:00",
      "quarter_label": "2023-12 (Q4)",
      "revenue": 533807000,
      "gross_profit": 193581000,
      "operating_income": 64523000,
      "net_income": 42881000,
      "opex": 129058000,
      "cogs": 340226000,
      "rd": 25159000,
      "sga": 84598000,
      "fcf": 121225000,
      "ocf": 144247000,
      "capex": -23022000,
      "gross_margin": 0.3626423033043778,
      "op_margin": 0.12087327442315293,
      "fcf_margin": 0.22709518608785573,
      "incr_op_margin_yoy": 0.373583908161724,
      "rev_growth_yoy": -0.12954565096510237,
      "rev_growth_yoy_accel": -0.0509137301297454,
      "fcf_margin_change": -0.0032600771350621838
    },
    {
      "date": "2024-03-30T00:00:00",
      "quarter_label": "2024-03 (Q1)",
      "revenue": 535385000,
      "gross_profit": 187808000,
      "operating_income": 54952000,
      "net_income": 48452000,
      "opex": 132856000,
      "cogs": 347577000,
      "rd": 27667000,
      "sga": 86127000,
      "fcf": 41603000,
      "ocf": 57150000,
      "capex": -15547000,
      "gross_margin": 0.35079055259299385,
      "op_margin": 0.10264015614931311,
      "fcf_margin": 0.0777066970497866,
      "incr_op_margin_yoy": 0.7485382475099802,
      "rev_growth_yoy": -0.12200589718948739,
      "rev_growth_yoy_accel": 0.007539753775614985,
      "fcf_margin_change": -0.14938848903806912
    },
    {
      "date": "2024-06-29T00:00:00",
      "quarter_label": "2024-06 (Q2)",
      "revenue": 558489000,
      "gross_profit": 207004000,
      "operating_income": 65506000,
      "net_income": 45466000,
      "opex": 141498000,
      "cogs": 351485000,
      "rd": 27146000,
      "sga": 93371000,
      "fcf": 50297000,
      "ocf": 69424000,
      "capex": -19127000,
      "gross_margin": 0.37065009337695104,
      "op_margin": 0.11729147754029175,
      "fcf_margin": 0.09005907009806818,
      "incr_op_margin_yoy": 0.49613141960080737,
      "rev_growth_yoy": -0.08743180113628007,
      "rev_growth_yoy_accel": 0.03457409605320731,
      "op_leverage_ratio": 0.6634189723946771,
      "fcf_margin_change": 0.012352373048281587
    },
    {
      "date": "2024-09-28T00:00:00",
      "quarter_label": "2024-09 (Q3)",
      "revenue": 567390000,
      "gross_profit": 215892000,
      "operating_income": 87821000,
      "net_income": 58058000,
      "opex": 128071000,
      "cogs": 351498000,
      "rd": 26470000,
      "sga": 83897000,
      "fcf": 65034000,
      "ocf": 80425000,
      "capex": -15391000,
      "gross_margin": 0.3805001850578967,
      "op_margin": 0.15478066233102453,
      "fcf_margin": 0.11461957383810077,
      "incr_op_margin_yoy": 0.14677049469519418,
      "rev_growth_yoy": -0.06536467727827552,
      "rev_growth_yoy_accel": 0.02206712385800455,
      "op_leverage_ratio": null,
      "fcf_margin_change": 0.024560503740032588
    },
    {
      "date": "2024-12-28T00:00:00",
      "quarter_label": "2024-12 (Q4)",
      "revenue": 529505000,
      "gross_profit": 176838000,
      "operating_income": -49499000,
      "net_income": -51786000,
      "opex": 226337000,
      "cogs": 352667000,
      "rd": 26490000,
      "sga": 87026000,
      "fcf": 134810000,
      "ocf": 160622000,
      "capex": -25812000,
      "gross_margin": 0.3339685177665933,
      "op_margin": -0.0934816479542214,
      "fcf_margin": 0.25459627387843364,
      "incr_op_margin_yoy": 26.504416550441654,
      "rev_growth_yoy": -0.008059092518457045,
      "rev_growth_yoy_accel": 0.05730558475981848,
      "fcf_margin_change": 0.13997670004033286
    },
    {
      "date": "2025-03-29T00:00:00",
      "quarter_label": "2025-03 (Q1)",
      "revenue": 554307000,
      "gross_profit": 207256000,
      "operating_income": 70150000,
      "net_income": 43571000,
      "opex": 137106000,
      "cogs": 347051000,
      "rd": 26048000,
      "sga": 87708000,
      "fcf": 42656000,
      "ocf": 65758000,
      "capex": -23102000,
      "gross_margin": 0.37390110534415044,
      "op_margin": 0.12655441839991197,
      "fcf_margin": 0.07695374584841974,
      "incr_op_margin_yoy": 0.8031920515801713,
      "rev_growth_yoy": 0.03534279070201817,
      "rev_growth_yoy_accel": 0.04340188322047522,
      "op_leverage_ratio": null,
      "fcf_margin_change": -0.1776425280300139
    },
    {
      "date": "2025-06-28T00:00:00",
      "quarter_label": "2025-06 (Q2)",
      "revenue": 613413000,
      "gross_profit": 232054000,
      "operating_income": 92778000,
      "net_income": 57342000,
      "opex": 139276000,
      "cogs": 381359000,
      "rd": 26401000,
      "sga": 95517000,
      "fcf": 72570000,
      "ocf": 82467000,
      "capex": -9897000,
      "gross_margin": 0.37829977519224406,
      "op_margin": 0.1512488323527542,
      "fcf_margin": 0.1183052853460882,
      "incr_op_margin_yoy": 0.49654067438642485,
      "rev_growth_yoy": 0.09834392441032859,
      "rev_growth_yoy_accel": 0.06300113370831043,
      "op_leverage_ratio": 6.737176626048921,
      "fcf_margin_change": 0.041351539497668455
    },
    {
      "date": "2025-09-27T00:00:00",
      "quarter_label": "2025-09 (Q3)",
      "revenue": 624640000,
      "gross_profit": 240988000,
      "operating_income": 97416000,
      "net_income": 69522000,
      "opex": 143572000,
      "cogs": 383652000,
      "rd": 27332000,
      "sga": 99570000,
      "fcf": 131176000,
      "ocf": 146874000,
      "capex": -15698000,
      "gross_margin": 0.3858030225409836,
      "op_margin": 0.15595543032786885,
      "fcf_margin": 0.21000256147540983,
      "incr_op_margin_yoy": 0.16759825327510916,
      "rev_growth_yoy": 0.10090061509719946,
      "rev_growth_yoy_accel": 0.002556690686870866,
      "op_leverage_ratio": 0.5933661394923074,
      "fcf_margin_change": 0.09169727612932163
    },
    {
      "date": "2025-12-27T00:00:00",
      "quarter_label": "2025-12 (Q4)",
      "revenue": 593934000,
      "gross_profit": 225745000,
      "operating_income": -222816000,
      "net_income": -242135000,
      "opex": 448561000,
      "cogs": 368189000,
      "rd": 27118000,
      "sga": 98978000,
      "fcf": 119725000,
      "ocf": 138665000,
      "capex": -18940000,
      "gross_margin": 0.3800843191331023,
      "op_margin": -0.37515279475497276,
      "fcf_margin": 0.20157963679466068,
      "incr_op_margin_yoy": -2.690046407673563,
      "rev_growth_yoy": 0.12167779341082709,
      "rev_growth_yoy_accel": 0.02077717831362763,
      "fcf_margin_change": -0.00842292468074915
    }
  ],
  "signals": [
    {
      "quarter": "2025-09 (Q3)",
      "signal": "FCF MARGIN EXPANSION",
      "detail": "FCF margin: +11.8% -> +21.0% (+9.2%)",
      "severity": "MEDIUM"
    },
    {
      "quarter": "2025-06 (Q2)",
      "signal": "OPERATING LEVERAGE",
      "detail": "Rev growth +10.7% vs OpEx growth +1.6% (leverage: 6.7x)",
      "severity": "MEDIUM"
    },
    {
      "quarter": "2025-06 (Q2)",
      "signal": "YoY REVENUE GROWTH ACCELERATION",
      "detail": "YoY growth: +9.8% vs prior quarter YoY: +3.5% (accel: +6.3%)",
      "severity": "MEDIUM"
    },
    {
      "quarter": "2025-06 (Q2)",
      "signal": "INCREMENTAL MARGIN (YoY)",
      "detail": "YoY Incr OPM: +49.7% vs year-ago OPM: +11.7%",
      "severity": "HIGH"
    },
    {
      "quarter": "2025-03 (Q1)",
      "signal": "GROSS MARGIN INFLECTION",
      "detail": "GM: +38.1% -> +33.4% -> +37.4% (reversal +4.0%)",
      "severity": "MEDIUM"
    },
    {
      "quarter": "2025-03 (Q1)",
      "signal": "INCREMENTAL MARGIN (YoY)",
      "detail": "YoY Incr OPM: +80.3% vs year-ago OPM: +10.3%",
      "severity": "HIGH"
    },
    {
      "quarter": "2025-03 (Q1)",
      "signal": "OP MARGIN TURNED POSITIVE (QoQ)",
      "detail": "Op margin: -9.3% -> +12.7%",
      "severity": "HIGH"
    },
    {
      "quarter": "2024-12 (Q4)",
      "signal": "FCF MARGIN EXPANSION",
      "detail": "FCF margin: +11.5% -> +25.5% (+14.0%)",
      "severity": "MEDIUM"
    },
    {
      "quarter": "2024-12 (Q4)",
      "signal": "YoY REVENUE GROWTH ACCELERATION",
      "detail": "YoY growth: -0.8% vs prior quarter YoY: -6.5% (accel: +5.7%)",
      "severity": "MEDIUM"
    },
    {
      "quarter": "2024-06 (Q2)",
      "signal": "INCREMENTAL MARGIN (YoY)",
      "detail": "YoY Incr OPM: +49.6% vs year-ago OPM: +15.0%",
      "severity": "HIGH"
    },
    {
      "quarter": "2024-03 (Q1)",
      "signal": "INCREMENTAL MARGIN (YoY)",
      "detail": "YoY Incr OPM: +74.9% vs year-ago OPM: +18.1%",
      "severity": "HIGH"
    },
    {
      "quarter": "2023-12 (Q4)",
      "signal": "YoY REVENUE GROWTH DECELERATION",
      "detail": "YoY growth: -13.0% vs prior quarter YoY: -7.9% (decel: -5.1%)",
      "severity": "WARNING"
    },
    {
      "quarter": "2023-12 (Q4)",
      "signal": "INCREMENTAL MARGIN (YoY)",
      "detail": "YoY Incr OPM: +37.4% vs year-ago OPM: +15.4%",
      "severity": "HIGH"
    },
    {
      "quarter": "2023-09 (Q3)",
      "signal": "FCF MARGIN EXPANSION",
      "detail": "FCF margin: +13.5% -> +23.0% (+9.6%)",
      "severity": "MEDIUM"
    },
    {
      "quarter": "2023-09 (Q3)",
      "signal": "YoY REVENUE GROWTH DECELERATION",
      "detail": "YoY growth: -7.9% vs prior quarter YoY: -1.0% (decel: -6.8%)",
      "severity": "WARNING"
    },
    {
      "quarter": "2023-09 (Q3)",
      "signal": "INCREMENTAL MARGIN (YoY)",
      "detail": "YoY Incr OPM: +54.5% vs year-ago OPM: +18.5%",
      "severity": "HIGH"
    },
    {
      "quarter": "2023-07 (Q3)",
      "signal": "FCF MARGIN EXPANSION",
      "detail": "FCF margin: +4.5% -> +13.5% (+8.9%)",
      "severity": "MEDIUM"
    },
    {
      "quarter": "2023-07 (Q3)",
      "signal": "INCREMENTAL MARGIN (YoY)",
      "detail": "YoY Incr OPM: +654.0% vs year-ago OPM: +21.7%",
      "severity": "HIGH"
    },
    {
      "quarter": "2023-04 (Q2)",
      "signal": "GROSS MARGIN INFLECTION",
      "detail": "GM: +39.0% -> +37.3% -> +40.2% (reversal +2.9%)",
      "severity": "MEDIUM"
    },
    {
      "quarter": "2023-04 (Q2)",
      "signal": "YoY REVENUE GROWTH DECELERATION",
      "detail": "YoY growth: -2.2% vs prior quarter YoY: +10.9% (decel: -13.1%)",
      "severity": "WARNING"
    },
    {
      "quarter": "2023-04 (Q2)",
      "signal": "INCREMENTAL MARGIN (YoY)",
      "detail": "YoY Incr OPM: +294.9% vs year-ago OPM: +24.2%",
      "severity": "HIGH"
    },
    {
      "quarter": "2022-12 (Q4)",
      "signal": "YoY REVENUE GROWTH DECELERATION",
      "detail": "YoY growth: +10.9% vs prior quarter YoY: +22.1% (decel: -11.2%)",
      "severity": "WARNING"
    },
    {
      "quarter": "2022-10 (Q4)",
      "signal": "FCF MARGIN EXPANSION",
      "detail": "FCF margin: +14.1% -> +19.2% (+5.1%)",
      "severity": "MEDIUM"
    },
    {
      "quarter": "2022-07 (Q3)",
      "signal": "FCF MARGIN EXPANSION",
      "detail": "FCF margin: +3.5% -> +14.1% (+10.6%)",
      "severity": "MEDIUM"
    },
    {
      "quarter": "2022-07 (Q3)",
      "signal": "YoY REVENUE GROWTH DECELERATION",
      "detail": "YoY growth: +18.1% vs prior quarter YoY: +34.4% (decel: -16.3%)",
      "severity": "WARNING"
    },
    {
      "quarter": "2022-07 (Q3)",
      "signal": "INCREMENTAL MARGIN (YoY)",
      "detail": "YoY Incr OPM: +39.9% vs year-ago OPM: +18.4%",
      "severity": "HIGH"
    },
    {
      "quarter": "2022-04 (Q2)",
      "signal": "OPERATING LEVERAGE",
      "detail": "Rev growth +12.7% vs OpEx growth +1.2% (leverage: 10.3x)",
      "severity": "MEDIUM"
    },
    {
      "quarter": "2022-04 (Q2)",
      "signal": "GROSS MARGIN INFLECTION",
      "detail": "GM: +39.8% -> +36.1% -> +41.5% (reversal +5.4%)",
      "severity": "HIGH"
    },
    {
      "quarter": "2022-04 (Q2)",
      "signal": "INCREMENTAL MARGIN (YoY)",
      "detail": "YoY Incr OPM: +46.5% vs year-ago OPM: +16.5%",
      "severity": "HIGH"
    },
    {
      "quarter": "2021-09 (Q3)",
      "signal": "FCF MARGIN EXPANSION",
      "detail": "FCF margin: +11.1% -> +16.6% (+5.5%)",
      "severity": "MEDIUM"
    }
  ],
  "data_quality": {
    "n_quarters": 20,
    "coverage": {
      "revenue": [
        20,
        20
      ],
      "gross_profit": [
        20,
        20
      ],
      "op_income": [
        20,
        20
      ],
      "fcf": [
        20,
        20
      ]
    },
    "gaps": [],
    "warnings": []
  },
  "market_cap": null,
  "source": "SEC EDGAR",
  "last_updated": "2026-02-24T10:24:34.864845"
}