{
  "ticker": "LFVN",
  "name": "LIFEVANTAGE CORP",
  "quarters": [
    {
      "date": "2020-12-31T00:00:00",
      "quarter_label": "2020-12 (Q4)",
      "revenue": 59007000,
      "gross_profit": 48818000,
      "operating_income": 5449000,
      "net_income": 3812000,
      "opex": 43369000,
      "cogs": 10189000,
      "rd": 200000,
      "sga": 16218000,
      "fcf": 5321000,
      "ocf": 5893000,
      "capex": -572000,
      "gross_margin": 0.8273255715423594,
      "op_margin": 0.09234497601979426,
      "fcf_margin": 0.09017574186113513
    },
    {
      "date": "2021-03-31T00:00:00",
      "quarter_label": "2021-03 (Q1)",
      "revenue": 51570000,
      "gross_profit": 42752000,
      "operating_income": 2088000,
      "net_income": 1724000,
      "opex": 40664000,
      "cogs": 8818000,
      "rd": 200000,
      "sga": 15510000,
      "fcf": 1330000,
      "ocf": 3059000,
      "capex": -1729000,
      "gross_margin": 0.8290091138258677,
      "op_margin": 0.04048865619546248,
      "fcf_margin": 0.025790188093853014,
      "fcf_margin_change": -0.06438555376728211
    },
    {
      "date": "2021-06-30T00:00:00",
      "quarter_label": "2021-06 (Q2)",
      "revenue": 54777000,
      "gross_profit": 44995000,
      "operating_income": 6580000,
      "net_income": 4907000,
      "opex": 38413000,
      "cogs": 9783000,
      "rd": 100000,
      "sga": 12811000,
      "fcf": 7894000,
      "ocf": 8374000,
      "capex": -480000,
      "gross_margin": 0.8214213994924877,
      "op_margin": 0.12012340946017488,
      "fcf_margin": 0.1441115796776019,
      "op_leverage_ratio": Infinity,
      "fcf_margin_change": 0.1183213915837489
    },
    {
      "date": "2021-09-30T00:00:00",
      "quarter_label": "2021-09 (Q3)",
      "revenue": 53224000,
      "gross_profit": 43793000,
      "operating_income": 4612000,
      "net_income": 3316000,
      "opex": 39181000,
      "cogs": 9431000,
      "rd": 200000,
      "sga": 15076000,
      "fcf": 87000,
      "ocf": 465000,
      "capex": -378000,
      "gross_margin": 0.8228055012776191,
      "op_margin": 0.08665263790771081,
      "fcf_margin": 0.0016346009319104164,
      "fcf_margin_change": -0.14247697874569148
    },
    {
      "date": "2021-12-31T00:00:00",
      "quarter_label": "2021-12 (Q4)",
      "revenue": 52189000,
      "gross_profit": 42512000,
      "operating_income": -358000,
      "net_income": 79000,
      "opex": 42870000,
      "cogs": 9677000,
      "rd": 200000,
      "sga": 17421000,
      "fcf": 3522000,
      "ocf": 4043000,
      "capex": -521000,
      "gross_margin": 0.8145777845906226,
      "op_margin": -0.006859683074977485,
      "fcf_margin": 0.06748548544712488,
      "incr_op_margin_yoy": 0.8517160457612203,
      "rev_growth_yoy": -0.11554561323232837,
      "fcf_margin_change": 0.06585088451521447
    },
    {
      "date": "2022-03-31T00:00:00",
      "quarter_label": "2022-03 (Q1)",
      "revenue": 50004000,
      "gross_profit": 40347000,
      "operating_income": 1825000,
      "net_income": 1141000,
      "opex": 38522000,
      "cogs": 9657000,
      "rd": 100000,
      "sga": 15316000,
      "fcf": 306000,
      "ocf": 671000,
      "capex": -365000,
      "gross_margin": 0.8068754499640028,
      "op_margin": 0.036497080233581315,
      "fcf_margin": 0.006119510439164867,
      "incr_op_margin_yoy": 0.16794380587484037,
      "rev_growth_yoy": -0.030366492146596858,
      "rev_growth_yoy_accel": 0.08517912108573152,
      "fcf_margin_change": -0.06136597500796001
    },
    {
      "date": "2022-06-30T00:00:00",
      "quarter_label": "2022-06 (Q2)",
      "revenue": 50943000,
      "gross_profit": 41611000,
      "operating_income": 1495000,
      "net_income": -1416000,
      "opex": 40115000,
      "cogs": 9332000,
      "rd": 100000,
      "sga": 15612000,
      "fcf": 2514000,
      "ocf": 2780000,
      "capex": -266000,
      "gross_margin": 0.8168148715230749,
      "op_margin": 0.029346524547042774,
      "fcf_margin": 0.04934927271656557,
      "incr_op_margin_yoy": 1.3262910798122065,
      "rev_growth_yoy": -0.06999288022345145,
      "rev_growth_yoy_accel": -0.03962638807685459,
      "op_leverage_ratio": 0.45410250419137843,
      "fcf_margin_change": 0.043229762277400705
    },
    {
      "date": "2022-09-30T00:00:00",
      "quarter_label": "2022-09 (Q3)",
      "revenue": 51774000,
      "gross_profit": 41832000,
      "operating_income": 1290000,
      "net_income": 610000,
      "opex": 40542000,
      "cogs": 9942000,
      "rd": 100000,
      "sga": 16729000,
      "fcf": -2072000,
      "ocf": -1345000,
      "capex": -727000,
      "gross_margin": 0.8079731139181828,
      "op_margin": 0.024915980994321473,
      "fcf_margin": -0.04002008730250705,
      "incr_op_margin_yoy": 2.291034482758621,
      "rev_growth_yoy": -0.027243348865173607,
      "rev_growth_yoy_accel": 0.04274953135827784,
      "op_leverage_ratio": 1.5324821639062918,
      "fcf_margin_change": -0.08936936001907261
    },
    {
      "date": "2022-12-31T00:00:00",
      "quarter_label": "2022-12 (Q4)",
      "revenue": 53662000,
      "gross_profit": 41904000,
      "operating_income": -1232000,
      "net_income": -1058000,
      "opex": 43136000,
      "cogs": 11758000,
      "rd": 200000,
      "sga": 19580000,
      "fcf": 130000,
      "ocf": 967000,
      "capex": -837000,
      "gross_margin": 0.7808877790615333,
      "op_margin": -0.02295851813201148,
      "fcf_margin": 0.0024225709067869257,
      "incr_op_margin_yoy": -0.593346911065852,
      "rev_growth_yoy": 0.028224338462128035,
      "rev_growth_yoy_accel": 0.055467687327301646,
      "op_leverage_ratio": 0.5699351838705669,
      "fcf_margin_change": 0.04244265820929398
    },
    {
      "date": "2023-03-31T00:00:00",
      "quarter_label": "2023-03 (Q1)",
      "revenue": 53741000,
      "gross_profit": 43123000,
      "operating_income": 1599000,
      "net_income": 1022000,
      "opex": 41524000,
      "cogs": 10618000,
      "rd": 200000,
      "sga": 17708000,
      "fcf": 2453000,
      "ocf": 3443000,
      "capex": -990000,
      "gross_margin": 0.8024227312480229,
      "op_margin": 0.029753819244152508,
      "fcf_margin": 0.045644852161292125,
      "incr_op_margin_yoy": -0.06047631790206048,
      "rev_growth_yoy": 0.07473402127829773,
      "rev_growth_yoy_accel": 0.0465096828161697,
      "fcf_margin_change": 0.043222281254505196
    },
    {
      "date": "2023-06-30T00:00:00",
      "quarter_label": "2023-06 (Q2)",
      "revenue": 54221000,
      "gross_profit": 43152000,
      "operating_income": 2603000,
      "net_income": 1966000,
      "opex": 40549000,
      "cogs": 11069000,
      "rd": 200000,
      "sga": 17047000,
      "fcf": 3250000,
      "ocf": 3763000,
      "capex": -513000,
      "gross_margin": 0.7958540049058482,
      "op_margin": 0.04800722967116062,
      "fcf_margin": 0.05993987569391933,
      "incr_op_margin_yoy": 0.33801098230628435,
      "rev_growth_yoy": 0.06434642639813125,
      "rev_growth_yoy_accel": -0.010387594880166481,
      "fcf_margin_change": 0.014295023532627203
    },
    {
      "date": "2023-09-30T00:00:00",
      "quarter_label": "2023-09 (Q3)",
      "revenue": 51364000,
      "gross_profit": 41184000,
      "operating_income": 749000,
      "net_income": 629000,
      "opex": 40435000,
      "cogs": 10180000,
      "rd": 200000,
      "sga": 17962000,
      "fcf": 3632000,
      "ocf": 4765000,
      "capex": -1133000,
      "gross_margin": 0.8018067128728292,
      "op_margin": 0.014582197648158244,
      "fcf_margin": 0.07071100381590219,
      "rev_growth_yoy": -0.00791903271912543,
      "rev_growth_yoy_accel": -0.07226545911725668,
      "fcf_margin_change": 0.01077112812198286
    },
    {
      "date": "2023-12-31T00:00:00",
      "quarter_label": "2023-12 (Q4)",
      "revenue": 51624000,
      "gross_profit": 40558000,
      "operating_income": -1261000,
      "net_income": -656000,
      "opex": 41819000,
      "cogs": 11066000,
      "rd": 100000,
      "sga": 20065000,
      "fcf": 1214000,
      "ocf": 1757000,
      "capex": -543000,
      "gross_margin": 0.785642336897567,
      "op_margin": -0.024426623275995662,
      "fcf_margin": 0.023516194018286068,
      "incr_op_margin_yoy": 0.01422963689892051,
      "rev_growth_yoy": -0.037978457754090415,
      "rev_growth_yoy_accel": -0.030059425034964983,
      "fcf_margin_change": -0.047194809797616116
    },
    {
      "date": "2024-03-31T00:00:00",
      "quarter_label": "2024-03 (Q1)",
      "revenue": 48245000,
      "gross_profit": 38073000,
      "operating_income": 1934000,
      "net_income": 1659000,
      "opex": 36139000,
      "cogs": 10172000,
      "rd": 200000,
      "sga": 16425000,
      "fcf": 2802000,
      "ocf": 3093000,
      "capex": -291000,
      "gross_margin": 0.7891594983936159,
      "op_margin": 0.04008705565343559,
      "fcf_margin": 0.05807855736345735,
      "incr_op_margin_yoy": -0.060953420669577874,
      "rev_growth_yoy": -0.10226828678290319,
      "rev_growth_yoy_accel": -0.06428982902881278,
      "fcf_margin_change": 0.03456236334517128
    },
    {
      "date": "2024-06-30T00:00:00",
      "quarter_label": "2024-06 (Q2)",
      "revenue": 48931000,
      "gross_profit": 38909000,
      "operating_income": 2910000,
      "net_income": 1305000,
      "opex": 35999000,
      "cogs": 10022000,
      "rd": 200000,
      "sga": 14020000,
      "fcf": 2304000,
      "ocf": 2582000,
      "capex": -278000,
      "gross_margin": 0.7951809691197809,
      "op_margin": 0.05947150068463755,
      "fcf_margin": 0.0470867139441254,
      "incr_op_margin_yoy": -0.05803402646502836,
      "rev_growth_yoy": -0.09756367459102562,
      "rev_growth_yoy_accel": 0.004704612191877566,
      "op_leverage_ratio": Infinity,
      "fcf_margin_change": -0.010991843419331952
    },
    {
      "date": "2024-09-30T00:00:00",
      "quarter_label": "2024-09 (Q3)",
      "revenue": 47214000,
      "gross_profit": 37723000,
      "operating_income": 2570000,
      "net_income": 1826000,
      "opex": 35153000,
      "cogs": 9491000,
      "rd": 300000,
      "sga": 14848000,
      "fcf": -932000,
      "ocf": -583000,
      "capex": -349000,
      "gross_margin": 0.7989791163637904,
      "op_margin": 0.05443300715889355,
      "fcf_margin": -0.019739907654509257,
      "incr_op_margin_yoy": -0.4387951807228916,
      "rev_growth_yoy": -0.08079588817070321,
      "rev_growth_yoy_accel": 0.01676778642032241,
      "fcf_margin_change": -0.06682662159863466
    },
    {
      "date": "2024-12-31T00:00:00",
      "quarter_label": "2024-12 (Q4)",
      "revenue": 67762000,
      "gross_profit": 54567000,
      "operating_income": 3428000,
      "net_income": 2550000,
      "opex": 51139000,
      "cogs": 13195000,
      "rd": 200000,
      "sga": 18614000,
      "fcf": 8707000,
      "ocf": 9199000,
      "capex": -492000,
      "gross_margin": 0.8052743425518727,
      "op_margin": 0.050588825595466486,
      "fcf_margin": 0.12849384610843836,
      "incr_op_margin_yoy": 0.2905564506134589,
      "rev_growth_yoy": 0.3126065395939873,
      "rev_growth_yoy_accel": 0.39340242776469053,
      "op_leverage_ratio": 0.9570207338885413,
      "fcf_margin_change": 0.14823375376294762
    },
    {
      "date": "2025-03-31T00:00:00",
      "quarter_label": "2025-03 (Q1)",
      "revenue": 58440000,
      "gross_profit": 47327000,
      "operating_income": 4053000,
      "net_income": 3470000,
      "opex": 43274000,
      "cogs": 11113000,
      "rd": 400000,
      "sga": 17066000,
      "fcf": 1897000,
      "ocf": 2228000,
      "capex": -331000,
      "gross_margin": 0.8098391512662559,
      "op_margin": 0.06935318275154004,
      "fcf_margin": 0.03246064339493498,
      "incr_op_margin_yoy": 0.20784698381559588,
      "rev_growth_yoy": 0.2113172349466266,
      "rev_growth_yoy_accel": -0.10128930464736072,
      "fcf_margin_change": -0.09603320271350338
    },
    {
      "date": "2025-06-30T00:00:00",
      "quarter_label": "2025-06 (Q2)",
      "revenue": 55114000,
      "gross_profit": 44049000,
      "operating_income": 2148000,
      "net_income": 1959000,
      "opex": 41901000,
      "cogs": 11065000,
      "rd": 400000,
      "sga": 18679000,
      "fcf": 835000,
      "ocf": 1034000,
      "capex": -199000,
      "gross_margin": 0.7992343143302972,
      "op_margin": 0.03897376347207606,
      "fcf_margin": 0.01515041550241318,
      "incr_op_margin_yoy": -0.12324114507520621,
      "rev_growth_yoy": 0.12636161124849277,
      "rev_growth_yoy_accel": -0.08495562369813384,
      "fcf_margin_change": -0.017310227892521797
    },
    {
      "date": "2025-09-30T00:00:00",
      "quarter_label": "2025-09 (Q3)",
      "revenue": 47561000,
      "gross_profit": 37816000,
      "operating_income": 2268000,
      "net_income": 2155000,
      "opex": 35548000,
      "cogs": 9745000,
      "rd": 300000,
      "sga": 14853000,
      "fcf": -2744000,
      "ocf": -2305000,
      "capex": -439000,
      "gross_margin": 0.7951052332793676,
      "op_margin": 0.04768612939172852,
      "fcf_margin": -0.05769432938752339,
      "rev_growth_yoy": 0.007349514974372008,
      "rev_growth_yoy_accel": -0.11901209627412077,
      "fcf_margin_change": -0.07284474488993657
    }
  ],
  "signals": [
    {
      "quarter": "2025-09 (Q3)",
      "signal": "YoY REVENUE GROWTH DECELERATION",
      "detail": "YoY growth: +0.7% vs prior quarter YoY: +12.6% (decel: -11.9%)",
      "severity": "WARNING"
    },
    {
      "quarter": "2025-06 (Q2)",
      "signal": "YoY REVENUE GROWTH DECELERATION",
      "detail": "YoY growth: +12.6% vs prior quarter YoY: +21.1% (decel: -8.5%)",
      "severity": "WARNING"
    },
    {
      "quarter": "2025-03 (Q1)",
      "signal": "YoY REVENUE GROWTH DECELERATION",
      "detail": "YoY growth: +21.1% vs prior quarter YoY: +31.3% (decel: -10.1%)",
      "severity": "WARNING"
    },
    {
      "quarter": "2025-03 (Q1)",
      "signal": "INCREMENTAL MARGIN (YoY)",
      "detail": "YoY Incr OPM: +20.8% vs year-ago OPM: +4.0%",
      "severity": "MEDIUM"
    },
    {
      "quarter": "2024-12 (Q4)",
      "signal": "FCF TURNED POSITIVE",
      "detail": "FCF margin: -2.0% -> +12.8%",
      "severity": "HIGH"
    },
    {
      "quarter": "2024-12 (Q4)",
      "signal": "YoY REVENUE GROWTH ACCELERATION",
      "detail": "YoY growth: +31.3% vs prior quarter YoY: -8.1% (accel: +39.3%)",
      "severity": "HIGH"
    },
    {
      "quarter": "2024-12 (Q4)",
      "signal": "OP MARGIN TURNED POSITIVE (YoY)",
      "detail": "Op margin: -2.4% (year-ago) -> +5.1%",
      "severity": "HIGH"
    },
    {
      "quarter": "2024-03 (Q1)",
      "signal": "YoY REVENUE GROWTH DECELERATION",
      "detail": "YoY growth: -10.2% vs prior quarter YoY: -3.8% (decel: -6.4%)",
      "severity": "WARNING"
    },
    {
      "quarter": "2024-03 (Q1)",
      "signal": "OP MARGIN TURNED POSITIVE (QoQ)",
      "detail": "Op margin: -2.4% -> +4.0%",
      "severity": "HIGH"
    },
    {
      "quarter": "2023-09 (Q3)",
      "signal": "YoY REVENUE GROWTH DECELERATION",
      "detail": "YoY growth: -0.8% vs prior quarter YoY: +6.4% (decel: -7.2%)",
      "severity": "WARNING"
    },
    {
      "quarter": "2023-06 (Q2)",
      "signal": "INCREMENTAL MARGIN (YoY)",
      "detail": "YoY Incr OPM: +33.8% vs year-ago OPM: +2.9%",
      "severity": "HIGH"
    },
    {
      "quarter": "2023-03 (Q1)",
      "signal": "GROSS MARGIN INFLECTION",
      "detail": "GM: +80.8% -> +78.1% -> +80.2% (reversal +2.2%)",
      "severity": "MEDIUM"
    },
    {
      "quarter": "2023-03 (Q1)",
      "signal": "OP MARGIN TURNED POSITIVE (QoQ)",
      "detail": "Op margin: -2.3% -> +3.0%",
      "severity": "HIGH"
    },
    {
      "quarter": "2022-12 (Q4)",
      "signal": "FCF TURNED POSITIVE",
      "detail": "FCF margin: -4.0% -> +0.2%",
      "severity": "HIGH"
    },
    {
      "quarter": "2022-12 (Q4)",
      "signal": "YoY REVENUE GROWTH ACCELERATION",
      "detail": "YoY growth: +2.8% vs prior quarter YoY: -2.7% (accel: +5.5%)",
      "severity": "MEDIUM"
    },
    {
      "quarter": "2022-09 (Q3)",
      "signal": "OPERATING LEVERAGE",
      "detail": "Rev growth +1.6% vs OpEx growth +1.1% (leverage: 1.5x)",
      "severity": "MEDIUM"
    },
    {
      "quarter": "2022-09 (Q3)",
      "signal": "INCREMENTAL MARGIN (YoY)",
      "detail": "YoY Incr OPM: +229.1% vs year-ago OPM: +8.7%",
      "severity": "HIGH"
    },
    {
      "quarter": "2022-06 (Q2)",
      "signal": "INCREMENTAL MARGIN (YoY)",
      "detail": "YoY Incr OPM: +132.6% vs year-ago OPM: +12.0%",
      "severity": "HIGH"
    },
    {
      "quarter": "2022-03 (Q1)",
      "signal": "YoY REVENUE GROWTH ACCELERATION",
      "detail": "YoY growth: -3.0% vs prior quarter YoY: -11.6% (accel: +8.5%)",
      "severity": "MEDIUM"
    },
    {
      "quarter": "2022-03 (Q1)",
      "signal": "INCREMENTAL MARGIN (YoY)",
      "detail": "YoY Incr OPM: +16.8% vs year-ago OPM: +4.0%",
      "severity": "MEDIUM"
    },
    {
      "quarter": "2022-03 (Q1)",
      "signal": "OP MARGIN TURNED POSITIVE (QoQ)",
      "detail": "Op margin: -0.7% -> +3.6%",
      "severity": "HIGH"
    },
    {
      "quarter": "2021-12 (Q4)",
      "signal": "FCF MARGIN EXPANSION",
      "detail": "FCF margin: +0.2% -> +6.7% (+6.6%)",
      "severity": "MEDIUM"
    },
    {
      "quarter": "2021-06 (Q2)",
      "signal": "FCF MARGIN EXPANSION",
      "detail": "FCF margin: +2.6% -> +14.4% (+11.8%)",
      "severity": "MEDIUM"
    }
  ],
  "data_quality": {
    "n_quarters": 20,
    "coverage": {
      "revenue": [
        20,
        20
      ],
      "gross_profit": [
        20,
        20
      ],
      "op_income": [
        20,
        20
      ],
      "fcf": [
        20,
        20
      ]
    },
    "gaps": [],
    "warnings": []
  },
  "market_cap": null,
  "source": "SEC EDGAR",
  "last_updated": "2026-02-02T23:29:48.124929",
  "sector": "Consumer Defensive",
  "industry": "Packaged Foods"
}