{
  "ticker": "LFWD",
  "name": "Lifeward Ltd.",
  "quarters": [
    {
      "date": "2020-12-31T00:00:00",
      "quarter_label": "2020-12 (Q4)",
      "revenue": 1218000,
      "gross_profit": 402000,
      "operating_income": -2781000,
      "net_income": -2945000,
      "opex": 3183000,
      "cogs": 816000,
      "rd": 764000,
      "sga": null,
      "fcf": -2458000,
      "ocf": -2458000,
      "capex": null,
      "gross_margin": 0.33004926108374383,
      "op_margin": -2.2832512315270934,
      "fcf_margin": -2.0180623973727423
    },
    {
      "date": "2021-03-31T00:00:00",
      "quarter_label": "2021-03 (Q1)",
      "revenue": 1316000,
      "gross_profit": 707000,
      "operating_income": -3021000,
      "net_income": -3062000,
      "opex": 3728000,
      "cogs": 609000,
      "rd": 795000,
      "sga": null,
      "fcf": -3182000,
      "ocf": -3173000,
      "capex": -9000,
      "gross_margin": 0.5372340425531915,
      "op_margin": -2.295592705167173,
      "fcf_margin": -2.417933130699088,
      "op_leverage_ratio": 0.4699145839924075,
      "fcf_margin_change": -0.3998707333263458
    },
    {
      "date": "2021-06-30T00:00:00",
      "quarter_label": "2021-06 (Q2)",
      "revenue": 1436000,
      "gross_profit": 727000,
      "operating_income": -3141000,
      "net_income": -3141000,
      "opex": 3868000,
      "cogs": 709000,
      "rd": 810000,
      "sga": null,
      "fcf": -3169000,
      "ocf": -3167000,
      "capex": -2000,
      "gross_margin": 0.5062674094707521,
      "op_margin": -2.187325905292479,
      "fcf_margin": -2.206824512534819,
      "op_leverage_ratio": 2.428137212331741,
      "fcf_margin_change": 0.21110861816426896
    },
    {
      "date": "2021-09-30T00:00:00",
      "quarter_label": "2021-09 (Q3)",
      "revenue": 1972000,
      "gross_profit": 1140000,
      "operating_income": -2662000,
      "net_income": -2675000,
      "opex": 3802000,
      "cogs": 832000,
      "rd": 638000,
      "sga": null,
      "fcf": -2580000,
      "ocf": -2563000,
      "capex": -17000,
      "gross_margin": 0.5780933062880325,
      "op_margin": -1.3498985801217038,
      "fcf_margin": -1.308316430020284,
      "op_leverage_ratio": Infinity,
      "fcf_margin_change": 0.8985080825145351
    },
    {
      "date": "2021-12-31T00:00:00",
      "quarter_label": "2021-12 (Q4)",
      "revenue": 1242000,
      "gross_profit": 329000,
      "operating_income": -3831000,
      "net_income": -3858000,
      "opex": 4160000,
      "cogs": 913000,
      "rd": 696000,
      "sga": null,
      "fcf": -2585000,
      "ocf": -2566000,
      "capex": -19000,
      "gross_margin": 0.2648953301127214,
      "op_margin": -3.0845410628019323,
      "fcf_margin": -2.081320450885668,
      "rev_growth_yoy": 0.019704433497536946,
      "fcf_margin_change": -0.7730040208653841
    },
    {
      "date": "2022-03-31T00:00:00",
      "quarter_label": "2022-03 (Q1)",
      "revenue": 876000,
      "gross_profit": 265000,
      "operating_income": -4288000,
      "net_income": -4350000,
      "opex": 4553000,
      "cogs": 611000,
      "rd": 907000,
      "sga": null,
      "fcf": -5711000,
      "ocf": -5708000,
      "capex": -3000,
      "gross_margin": 0.3025114155251142,
      "op_margin": -4.894977168949771,
      "fcf_margin": -6.519406392694064,
      "rev_growth_yoy": -0.3343465045592705,
      "rev_growth_yoy_accel": -0.35405093805680743,
      "fcf_margin_change": -4.438085941808396
    },
    {
      "date": "2022-06-30T00:00:00",
      "quarter_label": "2022-06 (Q2)",
      "revenue": 1570000,
      "gross_profit": 746000,
      "operating_income": -4376000,
      "net_income": -4446000,
      "opex": 5122000,
      "cogs": 824000,
      "rd": 956000,
      "sga": null,
      "fcf": -3684000,
      "ocf": -3669000,
      "capex": -15000,
      "gross_margin": 0.4751592356687898,
      "op_margin": -2.787261146496815,
      "fcf_margin": -2.346496815286624,
      "rev_growth_yoy": 0.09331476323119778,
      "rev_growth_yoy_accel": 0.4276612677904683,
      "op_leverage_ratio": 6.339291876319105,
      "fcf_margin_change": 4.17290957740744
    },
    {
      "date": "2022-09-30T00:00:00",
      "quarter_label": "2022-09 (Q3)",
      "revenue": 886000,
      "gross_profit": 221000,
      "operating_income": -5433000,
      "net_income": -5460000,
      "opex": 5654000,
      "cogs": 665000,
      "rd": 1065000,
      "sga": null,
      "fcf": -4608000,
      "ocf": -4601000,
      "capex": -7000,
      "gross_margin": 0.24943566591422123,
      "op_margin": -6.132054176072235,
      "fcf_margin": -5.200902934537246,
      "incr_op_margin_yoy": 2.5515653775322282,
      "rev_growth_yoy": -0.550709939148073,
      "rev_growth_yoy_accel": -0.6440247023792708,
      "fcf_margin_change": -2.854406119250622
    },
    {
      "date": "2022-12-31T00:00:00",
      "quarter_label": "2022-12 (Q4)",
      "revenue": 2179000,
      "gross_profit": 673000,
      "operating_income": -5005000,
      "net_income": -5313000,
      "opex": 5678000,
      "cogs": 1506000,
      "rd": 1103000,
      "sga": null,
      "fcf": -3913000,
      "ocf": -3913000,
      "capex": null,
      "gross_margin": 0.3088572739788894,
      "op_margin": -2.296925195043598,
      "fcf_margin": -1.7957778797613584,
      "rev_growth_yoy": 0.7544283413848631,
      "rev_growth_yoy_accel": 1.3051382805329361,
      "op_leverage_ratio": 343.80276523702025,
      "fcf_margin_change": 3.405125054775888
    },
    {
      "date": "2023-03-31T00:00:00",
      "quarter_label": "2023-03 (Q1)",
      "revenue": 1230000,
      "gross_profit": 571000,
      "operating_income": -4375000,
      "net_income": -4321000,
      "opex": 4946000,
      "cogs": 659000,
      "rd": 752000,
      "sga": null,
      "fcf": -5233000,
      "ocf": -5233000,
      "capex": null,
      "gross_margin": 0.46422764227642277,
      "op_margin": -3.5569105691056913,
      "fcf_margin": -4.2544715447154475,
      "rev_growth_yoy": 0.4041095890410959,
      "rev_growth_yoy_accel": -0.35031875234376725,
      "fcf_margin_change": -2.4586936649540894
    },
    {
      "date": "2023-06-30T00:00:00",
      "quarter_label": "2023-06 (Q2)",
      "revenue": 1337000,
      "gross_profit": 576000,
      "operating_income": -5158000,
      "net_income": -4642000,
      "opex": 5734000,
      "cogs": 761000,
      "rd": 816000,
      "sga": null,
      "fcf": -3506000,
      "ocf": -3506000,
      "capex": null,
      "gross_margin": 0.43081525804038895,
      "op_margin": -3.8578908002991774,
      "fcf_margin": -2.6222887060583395,
      "rev_growth_yoy": -0.1484076433121019,
      "rev_growth_yoy_accel": -0.5525172323531978,
      "op_leverage_ratio": 0.5460174982460484,
      "fcf_margin_change": 1.632182838657108
    },
    {
      "date": "2023-09-30T00:00:00",
      "quarter_label": "2023-09 (Q3)",
      "revenue": 4403000,
      "gross_profit": 863000,
      "operating_income": -7942000,
      "net_income": -7531000,
      "opex": 8805000,
      "cogs": 3540000,
      "rd": 1262000,
      "sga": null,
      "fcf": -7446000,
      "ocf": -7444000,
      "capex": -2000,
      "gross_margin": 0.19600272541449013,
      "op_margin": -1.8037701567113331,
      "fcf_margin": -1.691119691119691,
      "incr_op_margin_yoy": -0.7133920955359682,
      "rev_growth_yoy": 3.969525959367946,
      "rev_growth_yoy_accel": 4.117933602680048,
      "op_leverage_ratio": 4.281723469511269,
      "fcf_margin_change": 0.9311690149386485
    },
    {
      "date": "2023-12-31T00:00:00",
      "quarter_label": "2023-12 (Q4)",
      "revenue": 6884000,
      "gross_profit": 2443000,
      "operating_income": -6137000,
      "net_income": -5639000,
      "opex": 8580000,
      "cogs": 4441000,
      "rd": 1318000,
      "sga": null,
      "fcf": -4563000,
      "ocf": -4484000,
      "capex": -79000,
      "gross_margin": 0.35488088320743755,
      "op_margin": -0.891487507263219,
      "fcf_margin": -0.6628413712957583,
      "incr_op_margin_yoy": -0.2405951115834219,
      "rev_growth_yoy": 2.159247361174851,
      "rev_growth_yoy_accel": -1.810278598193095,
      "op_leverage_ratio": Infinity,
      "fcf_margin_change": 1.028278319823933
    },
    {
      "date": "2024-03-31T00:00:00",
      "quarter_label": "2024-03 (Q1)",
      "revenue": 5283000,
      "gross_profit": 1395000,
      "operating_income": -6502000,
      "net_income": -6276000,
      "opex": 7897000,
      "cogs": 3888000,
      "rd": 1291000,
      "sga": null,
      "fcf": -7673000,
      "ocf": -7673000,
      "capex": null,
      "gross_margin": 0.26405451448040884,
      "op_margin": -1.2307401097861064,
      "fcf_margin": -1.452394472837403,
      "incr_op_margin_yoy": -0.5247964470762398,
      "rev_growth_yoy": 3.295121951219512,
      "rev_growth_yoy_accel": 1.135874590044661,
      "fcf_margin_change": -0.7895531015416447
    },
    {
      "date": "2024-06-30T00:00:00",
      "quarter_label": "2024-06 (Q2)",
      "revenue": 6707000,
      "gross_profit": 2757000,
      "operating_income": -4443000,
      "net_income": -4304000,
      "opex": 7200000,
      "cogs": 3950000,
      "rd": 1205000,
      "sga": null,
      "fcf": -5617000,
      "ocf": -5617000,
      "capex": null,
      "gross_margin": 0.4110630684359624,
      "op_margin": -0.6624422245415238,
      "fcf_margin": -0.8374832264797972,
      "incr_op_margin_yoy": 0.13314711359404097,
      "rev_growth_yoy": 4.016454749439043,
      "rev_growth_yoy_accel": 0.7213327982195308,
      "op_leverage_ratio": Infinity,
      "fcf_margin_change": 0.6149112463576057
    },
    {
      "date": "2024-09-30T00:00:00",
      "quarter_label": "2024-09 (Q3)",
      "revenue": 6128000,
      "gross_profit": 2220000,
      "operating_income": -3174000,
      "net_income": -3084000,
      "opex": 5394000,
      "cogs": 3908000,
      "rd": 998000,
      "sga": null,
      "fcf": -4459000,
      "ocf": -4459000,
      "capex": null,
      "gross_margin": 0.3622715404699739,
      "op_margin": -0.5179503916449086,
      "fcf_margin": -0.7276436031331592,
      "incr_op_margin_yoy": 2.7640579710144926,
      "rev_growth_yoy": 0.3917783329548035,
      "rev_growth_yoy_accel": -3.624676416484239,
      "fcf_margin_change": 0.109839623346638
    },
    {
      "date": "2024-12-31T00:00:00",
      "quarter_label": "2024-12 (Q4)",
      "revenue": 7545000,
      "gross_profit": 1844000,
      "operating_income": -15228000,
      "net_income": -15278000,
      "opex": 17072000,
      "cogs": 5701000,
      "rd": 1131000,
      "sga": null,
      "fcf": -3969000,
      "ocf": -3969000,
      "capex": null,
      "gross_margin": 0.2444002650762094,
      "op_margin": -2.018290258449304,
      "fcf_margin": -0.5260437375745527,
      "rev_growth_yoy": 0.09601975595583963,
      "rev_growth_yoy_accel": -0.2957585769989639,
      "op_leverage_ratio": 0.1068054870531588,
      "fcf_margin_change": 0.20159986555860654
    },
    {
      "date": "2025-03-31T00:00:00",
      "quarter_label": "2025-03 (Q1)",
      "revenue": 5034000,
      "gross_profit": 2122000,
      "operating_income": -4853000,
      "net_income": -4834000,
      "opex": 6975000,
      "cogs": 2912000,
      "rd": 918000,
      "sga": null,
      "fcf": -5498000,
      "ocf": -5493000,
      "capex": -5000,
      "gross_margin": 0.421533571712356,
      "op_margin": -0.9640444974175606,
      "fcf_margin": -1.0921732220897895,
      "rev_growth_yoy": -0.04713231118682567,
      "rev_growth_yoy_accel": -0.1431520671426653,
      "fcf_margin_change": -0.5661294845152368
    },
    {
      "date": "2025-06-30T00:00:00",
      "quarter_label": "2025-06 (Q2)",
      "revenue": 5724000,
      "gross_profit": 2511000,
      "operating_income": -6563000,
      "net_income": -6562000,
      "opex": 9074000,
      "cogs": 3213000,
      "rd": 767000,
      "sga": null,
      "fcf": -3936000,
      "ocf": -3936000,
      "capex": null,
      "gross_margin": 0.4386792452830189,
      "op_margin": -1.146575821104123,
      "fcf_margin": -0.6876310272536688,
      "rev_growth_yoy": -0.14656329208289848,
      "rev_growth_yoy_accel": -0.0994309808960728,
      "op_leverage_ratio": 0.45547825998077296,
      "fcf_margin_change": 0.40454219483612075
    },
    {
      "date": "2025-09-30T00:00:00",
      "quarter_label": "2025-09 (Q3)",
      "revenue": 6195000,
      "gross_profit": 2707000,
      "operating_income": -3140000,
      "net_income": -3170000,
      "opex": 5847000,
      "cogs": 3488000,
      "rd": 721000,
      "sga": null,
      "fcf": -3842000,
      "ocf": -3842000,
      "capex": null,
      "gross_margin": 0.43696529459241323,
      "op_margin": -0.5068603712671509,
      "fcf_margin": -0.6201775625504439,
      "rev_growth_yoy": 0.010933420365535249,
      "rev_growth_yoy_accel": 0.15749671244843372,
      "op_leverage_ratio": Infinity,
      "fcf_margin_change": 0.06745346470322489
    }
  ],
  "signals": [
    {
      "quarter": "2025-09 (Q3)",
      "signal": "FCF MARGIN EXPANSION",
      "detail": "FCF margin: -68.8% -> -62.0% (+6.7%)",
      "severity": "MEDIUM"
    },
    {
      "quarter": "2025-09 (Q3)",
      "signal": "YoY REVENUE GROWTH ACCELERATION",
      "detail": "YoY growth: +1.1% vs prior quarter YoY: -14.7% (accel: +15.7%)",
      "severity": "HIGH"
    },
    {
      "quarter": "2025-06 (Q2)",
      "signal": "FCF MARGIN EXPANSION",
      "detail": "FCF margin: -109.2% -> -68.8% (+40.5%)",
      "severity": "MEDIUM"
    },
    {
      "quarter": "2025-06 (Q2)",
      "signal": "YoY REVENUE GROWTH DECELERATION",
      "detail": "YoY growth: -14.7% vs prior quarter YoY: -4.7% (decel: -9.9%)",
      "severity": "WARNING"
    },
    {
      "quarter": "2025-03 (Q1)",
      "signal": "GROSS MARGIN INFLECTION",
      "detail": "GM: +36.2% -> +24.4% -> +42.2% (reversal +17.7%)",
      "severity": "HIGH"
    },
    {
      "quarter": "2025-03 (Q1)",
      "signal": "YoY REVENUE GROWTH DECELERATION",
      "detail": "YoY growth: -4.7% vs prior quarter YoY: +9.6% (decel: -14.3%)",
      "severity": "WARNING"
    },
    {
      "quarter": "2024-12 (Q4)",
      "signal": "FCF MARGIN EXPANSION",
      "detail": "FCF margin: -72.8% -> -52.6% (+20.2%)",
      "severity": "MEDIUM"
    },
    {
      "quarter": "2024-12 (Q4)",
      "signal": "YoY REVENUE GROWTH DECELERATION",
      "detail": "YoY growth: +9.6% vs prior quarter YoY: +39.2% (decel: -29.6%)",
      "severity": "WARNING"
    },
    {
      "quarter": "2024-09 (Q3)",
      "signal": "FCF MARGIN EXPANSION",
      "detail": "FCF margin: -83.7% -> -72.8% (+11.0%)",
      "severity": "MEDIUM"
    },
    {
      "quarter": "2024-09 (Q3)",
      "signal": "YoY REVENUE GROWTH DECELERATION",
      "detail": "YoY growth: +39.2% vs prior quarter YoY: +401.6% (decel: -362.5%)",
      "severity": "WARNING"
    },
    {
      "quarter": "2024-06 (Q2)",
      "signal": "FCF MARGIN EXPANSION",
      "detail": "FCF margin: -145.2% -> -83.7% (+61.5%)",
      "severity": "MEDIUM"
    },
    {
      "quarter": "2024-06 (Q2)",
      "signal": "GROSS MARGIN INFLECTION",
      "detail": "GM: +35.5% -> +26.4% -> +41.1% (reversal +14.7%)",
      "severity": "HIGH"
    },
    {
      "quarter": "2024-06 (Q2)",
      "signal": "YoY REVENUE GROWTH ACCELERATION",
      "detail": "YoY growth: +401.6% vs prior quarter YoY: +329.5% (accel: +72.1%)",
      "severity": "HIGH"
    },
    {
      "quarter": "2024-03 (Q1)",
      "signal": "YoY REVENUE GROWTH ACCELERATION",
      "detail": "YoY growth: +329.5% vs prior quarter YoY: +215.9% (accel: +113.6%)",
      "severity": "HIGH"
    },
    {
      "quarter": "2023-12 (Q4)",
      "signal": "FCF MARGIN EXPANSION",
      "detail": "FCF margin: -169.1% -> -66.3% (+102.8%)",
      "severity": "MEDIUM"
    },
    {
      "quarter": "2023-12 (Q4)",
      "signal": "GROSS MARGIN INFLECTION",
      "detail": "GM: +43.1% -> +19.6% -> +35.5% (reversal +15.9%)",
      "severity": "HIGH"
    },
    {
      "quarter": "2023-12 (Q4)",
      "signal": "YoY REVENUE GROWTH DECELERATION",
      "detail": "YoY growth: +215.9% vs prior quarter YoY: +397.0% (decel: -181.0%)",
      "severity": "WARNING"
    },
    {
      "quarter": "2023-09 (Q3)",
      "signal": "FCF MARGIN EXPANSION",
      "detail": "FCF margin: -262.2% -> -169.1% (+93.1%)",
      "severity": "MEDIUM"
    },
    {
      "quarter": "2023-09 (Q3)",
      "signal": "OPERATING LEVERAGE",
      "detail": "Rev growth +229.3% vs OpEx growth +53.6% (leverage: 4.3x)",
      "severity": "MEDIUM"
    },
    {
      "quarter": "2023-09 (Q3)",
      "signal": "YoY REVENUE GROWTH ACCELERATION",
      "detail": "YoY growth: +397.0% vs prior quarter YoY: -14.8% (accel: +411.8%)",
      "severity": "HIGH"
    },
    {
      "quarter": "2023-06 (Q2)",
      "signal": "FCF MARGIN EXPANSION",
      "detail": "FCF margin: -425.4% -> -262.2% (+163.2%)",
      "severity": "MEDIUM"
    },
    {
      "quarter": "2023-06 (Q2)",
      "signal": "YoY REVENUE GROWTH DECELERATION",
      "detail": "YoY growth: -14.8% vs prior quarter YoY: +40.4% (decel: -55.3%)",
      "severity": "WARNING"
    },
    {
      "quarter": "2023-03 (Q1)",
      "signal": "YoY REVENUE GROWTH DECELERATION",
      "detail": "YoY growth: +40.4% vs prior quarter YoY: +75.4% (decel: -35.0%)",
      "severity": "WARNING"
    },
    {
      "quarter": "2022-12 (Q4)",
      "signal": "FCF MARGIN EXPANSION",
      "detail": "FCF margin: -520.1% -> -179.6% (+340.5%)",
      "severity": "MEDIUM"
    },
    {
      "quarter": "2022-12 (Q4)",
      "signal": "OPERATING LEVERAGE",
      "detail": "Rev growth +145.9% vs OpEx growth +0.4% (leverage: 343.8x)",
      "severity": "MEDIUM"
    },
    {
      "quarter": "2022-12 (Q4)",
      "signal": "GROSS MARGIN INFLECTION",
      "detail": "GM: +47.5% -> +24.9% -> +30.9% (reversal +5.9%)",
      "severity": "HIGH"
    },
    {
      "quarter": "2022-12 (Q4)",
      "signal": "YoY REVENUE GROWTH ACCELERATION",
      "detail": "YoY growth: +75.4% vs prior quarter YoY: -55.1% (accel: +130.5%)",
      "severity": "HIGH"
    },
    {
      "quarter": "2022-09 (Q3)",
      "signal": "YoY REVENUE GROWTH DECELERATION",
      "detail": "YoY growth: -55.1% vs prior quarter YoY: +9.3% (decel: -64.4%)",
      "severity": "WARNING"
    },
    {
      "quarter": "2022-06 (Q2)",
      "signal": "FCF MARGIN EXPANSION",
      "detail": "FCF margin: -651.9% -> -234.6% (+417.3%)",
      "severity": "MEDIUM"
    },
    {
      "quarter": "2022-06 (Q2)",
      "signal": "OPERATING LEVERAGE",
      "detail": "Rev growth +79.2% vs OpEx growth +12.5% (leverage: 6.3x)",
      "severity": "MEDIUM"
    },
    {
      "quarter": "2022-06 (Q2)",
      "signal": "YoY REVENUE GROWTH ACCELERATION",
      "detail": "YoY growth: +9.3% vs prior quarter YoY: -33.4% (accel: +42.8%)",
      "severity": "HIGH"
    },
    {
      "quarter": "2022-03 (Q1)",
      "signal": "GROSS MARGIN INFLECTION",
      "detail": "GM: +57.8% -> +26.5% -> +30.3% (reversal +3.8%)",
      "severity": "MEDIUM"
    },
    {
      "quarter": "2022-03 (Q1)",
      "signal": "YoY REVENUE GROWTH DECELERATION",
      "detail": "YoY growth: -33.4% vs prior quarter YoY: +2.0% (decel: -35.4%)",
      "severity": "WARNING"
    },
    {
      "quarter": "2021-09 (Q3)",
      "signal": "FCF MARGIN EXPANSION",
      "detail": "FCF margin: -220.7% -> -130.8% (+89.9%)",
      "severity": "MEDIUM"
    },
    {
      "quarter": "2021-09 (Q3)",
      "signal": "GROSS MARGIN INFLECTION",
      "detail": "GM: +53.7% -> +50.6% -> +57.8% (reversal +7.2%)",
      "severity": "HIGH"
    },
    {
      "quarter": "2021-06 (Q2)",
      "signal": "FCF MARGIN EXPANSION",
      "detail": "FCF margin: -241.8% -> -220.7% (+21.1%)",
      "severity": "MEDIUM"
    },
    {
      "quarter": "2021-06 (Q2)",
      "signal": "OPERATING LEVERAGE",
      "detail": "Rev growth +9.1% vs OpEx growth +3.8% (leverage: 2.4x)",
      "severity": "MEDIUM"
    }
  ],
  "data_quality": {
    "n_quarters": 20,
    "coverage": {
      "revenue": [
        20,
        20
      ],
      "gross_profit": [
        20,
        20
      ],
      "op_income": [
        20,
        20
      ],
      "fcf": [
        20,
        20
      ]
    },
    "gaps": [],
    "warnings": []
  },
  "market_cap": null,
  "source": "SEC EDGAR",
  "last_updated": "2026-02-03T00:07:27.788995",
  "sector": "Healthcare",
  "industry": "Medical Devices"
}