{
  "ticker": "LGIH",
  "name": "LGI HOMES, INC.",
  "quarters": [
    {
      "date": "2020-12-31T00:00:00",
      "quarter_label": "2020-12 (Q4)",
      "revenue": 897398000,
      "gross_profit": 243329000,
      "operating_income": 165557000,
      "net_income": 136428000,
      "opex": 77772000,
      "cogs": 654069000,
      "rd": null,
      "sga": null,
      "fcf": 89177000,
      "ocf": 89177000,
      "capex": null,
      "gross_margin": 0.27114947882656304,
      "op_margin": 0.18448559056293862,
      "fcf_margin": 0.09937285351649992
    },
    {
      "date": "2021-03-31T00:00:00",
      "quarter_label": "2021-03 (Q1)",
      "revenue": 705953000,
      "gross_profit": 189949000,
      "operating_income": 122443000,
      "net_income": 99658000,
      "opex": 67506000,
      "cogs": 516004000,
      "rd": null,
      "sga": null,
      "fcf": 160686000,
      "ocf": 160686000,
      "capex": null,
      "gross_margin": 0.2690674874956265,
      "op_margin": 0.17344355785725113,
      "fcf_margin": 0.22761571946007736,
      "fcf_margin_change": 0.12824286594357742
    },
    {
      "date": "2021-06-30T00:00:00",
      "quarter_label": "2021-06 (Q2)",
      "revenue": 791512000,
      "gross_profit": 214079000,
      "operating_income": 146007000,
      "net_income": 118134000,
      "opex": 68072000,
      "cogs": 577433000,
      "rd": null,
      "sga": null,
      "fcf": -20834000,
      "ocf": -20834000,
      "capex": null,
      "gross_margin": 0.27046841993551585,
      "op_margin": 0.18446593355501875,
      "fcf_margin": -0.026321774022377425,
      "op_leverage_ratio": 14.454925434504872,
      "fcf_margin_change": -0.25393749348245476
    },
    {
      "date": "2021-09-30T00:00:00",
      "quarter_label": "2021-09 (Q3)",
      "revenue": 751608000,
      "gross_profit": 202289000,
      "operating_income": 137938000,
      "net_income": 100550000,
      "opex": 64351000,
      "cogs": 549319000,
      "rd": null,
      "sga": null,
      "fcf": -38765000,
      "ocf": -38765000,
      "capex": null,
      "gross_margin": 0.2691416270183393,
      "op_margin": 0.18352385818139244,
      "fcf_margin": -0.05157608753499165,
      "fcf_margin_change": -0.025254313512614222
    },
    {
      "date": "2021-12-31T00:00:00",
      "quarter_label": "2021-12 (Q4)",
      "revenue": 801076000,
      "gross_profit": 211717000,
      "operating_income": 141310000,
      "net_income": 111303000,
      "opex": 70407000,
      "cogs": 589359000,
      "rd": null,
      "sga": null,
      "fcf": -79387000,
      "ocf": -79387000,
      "capex": null,
      "gross_margin": 0.2642907789023763,
      "op_margin": 0.1764002416749472,
      "fcf_margin": -0.09910045988145944,
      "incr_op_margin_yoy": 0.25172857706442975,
      "rev_growth_yoy": -0.1073347611650572,
      "op_leverage_ratio": 0.6993625807176502,
      "fcf_margin_change": -0.04752437234646779
    },
    {
      "date": "2022-03-31T00:00:00",
      "quarter_label": "2022-03 (Q1)",
      "revenue": 546050000,
      "gross_profit": 158407000,
      "operating_income": 95720000,
      "net_income": 78686000,
      "opex": 62687000,
      "cogs": 387643000,
      "rd": null,
      "sga": null,
      "fcf": -137787000,
      "ocf": -137787000,
      "capex": null,
      "gross_margin": 0.29009614504166287,
      "op_margin": 0.17529530262796447,
      "fcf_margin": -0.25233403534474863,
      "incr_op_margin_yoy": 0.1671200665403401,
      "rev_growth_yoy": -0.22650658046640498,
      "rev_growth_yoy_accel": -0.11917181930134778,
      "fcf_margin_change": -0.1532335754632892
    },
    {
      "date": "2022-06-30T00:00:00",
      "quarter_label": "2022-06 (Q2)",
      "revenue": 723069000,
      "gross_profit": 231359000,
      "operating_income": 159006000,
      "net_income": 123376000,
      "opex": 72353000,
      "cogs": 491710000,
      "rd": null,
      "sga": null,
      "fcf": -125513000,
      "ocf": -125513000,
      "capex": null,
      "gross_margin": 0.3199680805013076,
      "op_margin": 0.2199043244835555,
      "fcf_margin": -0.17358371054491342,
      "incr_op_margin_yoy": -0.18992446269158278,
      "rev_growth_yoy": -0.08647120953314669,
      "rev_growth_yoy_accel": 0.1400353709332583,
      "op_leverage_ratio": 2.102413648171992,
      "fcf_margin_change": 0.07875032479983521
    },
    {
      "date": "2022-09-30T00:00:00",
      "quarter_label": "2022-09 (Q3)",
      "revenue": 547074000,
      "gross_profit": 155799000,
      "operating_income": 94577000,
      "net_income": 90390000,
      "opex": 61222000,
      "cogs": 391275000,
      "rd": null,
      "sga": null,
      "fcf": -96252000,
      "ocf": -96252000,
      "capex": null,
      "gross_margin": 0.2847859704537229,
      "op_margin": 0.1728778922047109,
      "fcf_margin": -0.17593963522302283,
      "incr_op_margin_yoy": 0.21199898305416215,
      "rev_growth_yoy": -0.2721285563751317,
      "rev_growth_yoy_accel": -0.18565734684198504,
      "fcf_margin_change": -0.002355924678109411
    },
    {
      "date": "2022-12-31T00:00:00",
      "quarter_label": "2022-12 (Q4)",
      "revenue": 488262000,
      "gross_profit": 101035000,
      "operating_income": 40804000,
      "net_income": 34115000,
      "opex": 60231000,
      "cogs": 387227000,
      "rd": null,
      "sga": null,
      "fcf": -10899000,
      "ocf": -10899000,
      "capex": null,
      "gross_margin": 0.20692783792308228,
      "op_margin": 0.08356988665921165,
      "fcf_margin": -0.022322032023790506,
      "incr_op_margin_yoy": 0.32129636141604917,
      "rev_growth_yoy": -0.3904922878728111,
      "rev_growth_yoy_accel": -0.11836373149767937,
      "fcf_margin_change": 0.15361760319923232
    },
    {
      "date": "2023-03-31T00:00:00",
      "quarter_label": "2023-03 (Q1)",
      "revenue": 487357000,
      "gross_profit": 98816000,
      "operating_income": 26051000,
      "net_income": 26962000,
      "opex": 72765000,
      "cogs": 388541000,
      "rd": null,
      "sga": null,
      "fcf": 77524000,
      "ocf": 77600000,
      "capex": -76000,
      "gross_margin": 0.20275896314200884,
      "op_margin": 0.053453628448960414,
      "fcf_margin": 0.15907025035035918,
      "incr_op_margin_yoy": 1.1870069684630193,
      "rev_growth_yoy": -0.10748649391081402,
      "rev_growth_yoy_accel": 0.2830057939619971,
      "fcf_margin_change": 0.1813922823741497
    },
    {
      "date": "2023-06-30T00:00:00",
      "quarter_label": "2023-06 (Q2)",
      "revenue": 645270000,
      "gross_profit": 141937000,
      "operating_income": 65086000,
      "net_income": 53134000,
      "opex": 76851000,
      "cogs": 503333000,
      "rd": null,
      "sga": null,
      "fcf": 15040000,
      "ocf": 15235000,
      "capex": -195000,
      "gross_margin": 0.2199652858493344,
      "op_margin": 0.10086630402777132,
      "fcf_margin": 0.023308072589768625,
      "incr_op_margin_yoy": 1.2072134603272535,
      "rev_growth_yoy": -0.10759554067454144,
      "rev_growth_yoy_accel": -0.00010904676372741617,
      "op_leverage_ratio": 5.770252892164305,
      "fcf_margin_change": -0.13576217776059055
    },
    {
      "date": "2023-09-30T00:00:00",
      "quarter_label": "2023-09 (Q3)",
      "revenue": 617539000,
      "gross_profit": 158805000,
      "operating_income": 82276000,
      "net_income": 67042000,
      "opex": 76529000,
      "cogs": 458734000,
      "rd": null,
      "sga": null,
      "fcf": -116087000,
      "ocf": -115510000,
      "capex": -577000,
      "gross_margin": 0.2571578475205615,
      "op_margin": 0.1332320711728328,
      "fcf_margin": -0.18798326907288446,
      "incr_op_margin_yoy": -0.17456893493223585,
      "rev_growth_yoy": 0.1288034159912553,
      "rev_growth_yoy_accel": 0.23639895666579674,
      "fcf_margin_change": -0.2112913416626531
    },
    {
      "date": "2023-12-31T00:00:00",
      "quarter_label": "2023-12 (Q4)",
      "revenue": 608414000,
      "gross_profit": 142629000,
      "operating_income": 59842000,
      "net_income": 52089000,
      "opex": 82787000,
      "cogs": 465785000,
      "rd": null,
      "sga": null,
      "fcf": -34293000,
      "ocf": -34293000,
      "capex": null,
      "gross_margin": 0.2344275444023313,
      "op_margin": 0.09835736850236845,
      "fcf_margin": -0.056364580696696656,
      "incr_op_margin_yoy": 0.15844929755642853,
      "rev_growth_yoy": 0.24608099749724532,
      "rev_growth_yoy_accel": 0.11727758150599002,
      "fcf_margin_change": 0.1316186883761878
    },
    {
      "date": "2024-03-31T00:00:00",
      "quarter_label": "2024-03 (Q1)",
      "revenue": 390851000,
      "gross_profit": 91401000,
      "operating_income": 18733000,
      "net_income": 17053000,
      "opex": 72668000,
      "cogs": 299450000,
      "rd": null,
      "sga": null,
      "fcf": -100494000,
      "ocf": -99493000,
      "capex": -1001000,
      "gross_margin": 0.23385126301327105,
      "op_margin": 0.047928750342202016,
      "fcf_margin": -0.25711588303471145,
      "incr_op_margin_yoy": 0.0758294821047396,
      "rev_growth_yoy": -0.19801911124699142,
      "rev_growth_yoy_accel": -0.4441001087442368,
      "fcf_margin_change": -0.2007513023380148
    },
    {
      "date": "2024-06-30T00:00:00",
      "quarter_label": "2024-06 (Q2)",
      "revenue": 602497000,
      "gross_profit": 150884000,
      "operating_income": 67521000,
      "net_income": 58573000,
      "opex": 83363000,
      "cogs": 451613000,
      "rd": null,
      "sga": null,
      "fcf": -83770000,
      "ocf": -83490000,
      "capex": -280000,
      "gross_margin": 0.25043112247861815,
      "op_margin": 0.11206860781049532,
      "fcf_margin": -0.1390380367039172,
      "incr_op_margin_yoy": -0.05692843616300002,
      "rev_growth_yoy": -0.06628698064376153,
      "rev_growth_yoy_accel": 0.1317321306032299,
      "op_leverage_ratio": 3.6792665840842522,
      "fcf_margin_change": 0.11807784633079424
    },
    {
      "date": "2024-09-30T00:00:00",
      "quarter_label": "2024-09 (Q3)",
      "revenue": 651854000,
      "gross_profit": 163492000,
      "operating_income": 80305000,
      "net_income": 69575000,
      "opex": 83187000,
      "cogs": 488362000,
      "rd": null,
      "sga": null,
      "fcf": -17828000,
      "ocf": -17764000,
      "capex": -64000,
      "gross_margin": 0.2508107643736174,
      "op_margin": 0.1231947644717989,
      "fcf_margin": -0.027349682597636895,
      "incr_op_margin_yoy": -0.05743843800087425,
      "rev_growth_yoy": 0.05556734068617528,
      "rev_growth_yoy_accel": 0.12185432132993682,
      "op_leverage_ratio": Infinity,
      "fcf_margin_change": 0.11168835410628031
    },
    {
      "date": "2024-12-31T00:00:00",
      "quarter_label": "2024-12 (Q4)",
      "revenue": 557396000,
      "gross_profit": 127511000,
      "operating_income": 45587000,
      "net_income": 50870000,
      "opex": 81924000,
      "cogs": 429885000,
      "rd": null,
      "sga": null,
      "fcf": 57008000,
      "ocf": 57008000,
      "capex": null,
      "gross_margin": 0.22876195738756647,
      "op_margin": 0.08178566046401481,
      "fcf_margin": 0.10227558145375998,
      "incr_op_margin_yoy": 0.2794111882080834,
      "rev_growth_yoy": -0.083854086197885,
      "rev_growth_yoy_accel": -0.13942142688406028,
      "fcf_margin_change": 0.12962526405139688
    },
    {
      "date": "2025-03-31T00:00:00",
      "quarter_label": "2025-03 (Q1)",
      "revenue": 351420000,
      "gross_profit": 73713000,
      "operating_income": 169000,
      "net_income": 3994000,
      "opex": 73544000,
      "cogs": 277707000,
      "rd": null,
      "sga": null,
      "fcf": -127979000,
      "ocf": -127148000,
      "capex": -831000,
      "gross_margin": 0.2097575550623186,
      "op_margin": 0.00048090603835865915,
      "fcf_margin": -0.36417676853907005,
      "incr_op_margin_yoy": 0.47079708858512337,
      "rev_growth_yoy": -0.1008849919790406,
      "rev_growth_yoy_accel": -0.01703090578115561,
      "fcf_margin_change": -0.46645234999283003
    },
    {
      "date": "2025-06-30T00:00:00",
      "quarter_label": "2025-06 (Q2)",
      "revenue": 483485000,
      "gross_profit": 110608000,
      "operating_income": 39608000,
      "net_income": 31533000,
      "opex": 71000000,
      "cogs": 372877000,
      "rd": null,
      "sga": null,
      "fcf": -86427000,
      "ocf": -86373000,
      "capex": -54000,
      "gross_margin": 0.228772350745111,
      "op_margin": 0.08192187968602956,
      "fcf_margin": -0.17875838960877793,
      "incr_op_margin_yoy": 0.23453937418075488,
      "rev_growth_yoy": -0.1975312740146424,
      "rev_growth_yoy_accel": -0.0966462820356018,
      "op_leverage_ratio": Infinity,
      "fcf_margin_change": 0.18541837893029212
    },
    {
      "date": "2025-09-30T00:00:00",
      "quarter_label": "2025-09 (Q3)",
      "revenue": 396632000,
      "gross_profit": 85112000,
      "operating_income": 21484000,
      "net_income": 19704000,
      "opex": 63628000,
      "cogs": 311520000,
      "rd": null,
      "sga": null,
      "fcf": -13267000,
      "ocf": -13228000,
      "capex": -39000,
      "gross_margin": 0.2145868210330987,
      "op_margin": 0.05416607837995926,
      "fcf_margin": -0.03344914177373485,
      "incr_op_margin_yoy": 0.23046994381362107,
      "rev_growth_yoy": -0.3915324597225759,
      "rev_growth_yoy_accel": -0.19400118570793348,
      "fcf_margin_change": 0.1453092478350431
    }
  ],
  "signals": [
    {
      "quarter": "2025-09 (Q3)",
      "signal": "FCF MARGIN EXPANSION",
      "detail": "FCF margin: -17.9% -> -3.3% (+14.5%)",
      "severity": "MEDIUM"
    },
    {
      "quarter": "2025-09 (Q3)",
      "signal": "YoY REVENUE GROWTH DECELERATION",
      "detail": "YoY growth: -39.2% vs prior quarter YoY: -19.8% (decel: -19.4%)",
      "severity": "WARNING"
    },
    {
      "quarter": "2025-09 (Q3)",
      "signal": "INCREMENTAL MARGIN (YoY)",
      "detail": "YoY Incr OPM: +23.0% vs year-ago OPM: +12.3%",
      "severity": "MEDIUM"
    },
    {
      "quarter": "2025-06 (Q2)",
      "signal": "FCF MARGIN EXPANSION",
      "detail": "FCF margin: -36.4% -> -17.9% (+18.5%)",
      "severity": "MEDIUM"
    },
    {
      "quarter": "2025-06 (Q2)",
      "signal": "YoY REVENUE GROWTH DECELERATION",
      "detail": "YoY growth: -19.8% vs prior quarter YoY: -10.1% (decel: -9.7%)",
      "severity": "WARNING"
    },
    {
      "quarter": "2025-06 (Q2)",
      "signal": "INCREMENTAL MARGIN (YoY)",
      "detail": "YoY Incr OPM: +23.5% vs year-ago OPM: +11.2%",
      "severity": "MEDIUM"
    },
    {
      "quarter": "2025-03 (Q1)",
      "signal": "INCREMENTAL MARGIN (YoY)",
      "detail": "YoY Incr OPM: +47.1% vs year-ago OPM: +4.8%",
      "severity": "HIGH"
    },
    {
      "quarter": "2024-12 (Q4)",
      "signal": "FCF TURNED POSITIVE",
      "detail": "FCF margin: -2.7% -> +10.2%",
      "severity": "HIGH"
    },
    {
      "quarter": "2024-12 (Q4)",
      "signal": "YoY REVENUE GROWTH DECELERATION",
      "detail": "YoY growth: -8.4% vs prior quarter YoY: +5.6% (decel: -13.9%)",
      "severity": "WARNING"
    },
    {
      "quarter": "2024-12 (Q4)",
      "signal": "INCREMENTAL MARGIN (YoY)",
      "detail": "YoY Incr OPM: +27.9% vs year-ago OPM: +9.8%",
      "severity": "MEDIUM"
    },
    {
      "quarter": "2024-09 (Q3)",
      "signal": "FCF MARGIN EXPANSION",
      "detail": "FCF margin: -13.9% -> -2.7% (+11.2%)",
      "severity": "MEDIUM"
    },
    {
      "quarter": "2024-09 (Q3)",
      "signal": "YoY REVENUE GROWTH ACCELERATION",
      "detail": "YoY growth: +5.6% vs prior quarter YoY: -6.6% (accel: +12.2%)",
      "severity": "MEDIUM"
    },
    {
      "quarter": "2024-06 (Q2)",
      "signal": "FCF MARGIN EXPANSION",
      "detail": "FCF margin: -25.7% -> -13.9% (+11.8%)",
      "severity": "MEDIUM"
    },
    {
      "quarter": "2024-06 (Q2)",
      "signal": "OPERATING LEVERAGE",
      "detail": "Rev growth +54.2% vs OpEx growth +14.7% (leverage: 3.7x)",
      "severity": "MEDIUM"
    },
    {
      "quarter": "2024-06 (Q2)",
      "signal": "YoY REVENUE GROWTH ACCELERATION",
      "detail": "YoY growth: -6.6% vs prior quarter YoY: -19.8% (accel: +13.2%)",
      "severity": "MEDIUM"
    },
    {
      "quarter": "2024-03 (Q1)",
      "signal": "YoY REVENUE GROWTH DECELERATION",
      "detail": "YoY growth: -19.8% vs prior quarter YoY: +24.6% (decel: -44.4%)",
      "severity": "WARNING"
    },
    {
      "quarter": "2023-12 (Q4)",
      "signal": "FCF MARGIN EXPANSION",
      "detail": "FCF margin: -18.8% -> -5.6% (+13.2%)",
      "severity": "MEDIUM"
    },
    {
      "quarter": "2023-12 (Q4)",
      "signal": "YoY REVENUE GROWTH ACCELERATION",
      "detail": "YoY growth: +24.6% vs prior quarter YoY: +12.9% (accel: +11.7%)",
      "severity": "MEDIUM"
    },
    {
      "quarter": "2023-09 (Q3)",
      "signal": "YoY REVENUE GROWTH ACCELERATION",
      "detail": "YoY growth: +12.9% vs prior quarter YoY: -10.8% (accel: +23.6%)",
      "severity": "HIGH"
    },
    {
      "quarter": "2023-06 (Q2)",
      "signal": "OPERATING LEVERAGE",
      "detail": "Rev growth +32.4% vs OpEx growth +5.6% (leverage: 5.8x)",
      "severity": "MEDIUM"
    },
    {
      "quarter": "2023-06 (Q2)",
      "signal": "INCREMENTAL MARGIN (YoY)",
      "detail": "YoY Incr OPM: +120.7% vs year-ago OPM: +22.0%",
      "severity": "HIGH"
    },
    {
      "quarter": "2023-03 (Q1)",
      "signal": "FCF TURNED POSITIVE",
      "detail": "FCF margin: -2.2% -> +15.9%",
      "severity": "HIGH"
    },
    {
      "quarter": "2023-03 (Q1)",
      "signal": "YoY REVENUE GROWTH ACCELERATION",
      "detail": "YoY growth: -10.7% vs prior quarter YoY: -39.0% (accel: +28.3%)",
      "severity": "HIGH"
    },
    {
      "quarter": "2023-03 (Q1)",
      "signal": "INCREMENTAL MARGIN (YoY)",
      "detail": "YoY Incr OPM: +118.7% vs year-ago OPM: +17.5%",
      "severity": "HIGH"
    },
    {
      "quarter": "2022-12 (Q4)",
      "signal": "FCF MARGIN EXPANSION",
      "detail": "FCF margin: -17.6% -> -2.2% (+15.4%)",
      "severity": "MEDIUM"
    },
    {
      "quarter": "2022-12 (Q4)",
      "signal": "YoY REVENUE GROWTH DECELERATION",
      "detail": "YoY growth: -39.0% vs prior quarter YoY: -27.2% (decel: -11.8%)",
      "severity": "WARNING"
    },
    {
      "quarter": "2022-12 (Q4)",
      "signal": "INCREMENTAL MARGIN (YoY)",
      "detail": "YoY Incr OPM: +32.1% vs year-ago OPM: +17.6%",
      "severity": "MEDIUM"
    },
    {
      "quarter": "2022-09 (Q3)",
      "signal": "YoY REVENUE GROWTH DECELERATION",
      "detail": "YoY growth: -27.2% vs prior quarter YoY: -8.6% (decel: -18.6%)",
      "severity": "WARNING"
    },
    {
      "quarter": "2022-06 (Q2)",
      "signal": "FCF MARGIN EXPANSION",
      "detail": "FCF margin: -25.2% -> -17.4% (+7.9%)",
      "severity": "MEDIUM"
    },
    {
      "quarter": "2022-06 (Q2)",
      "signal": "OPERATING LEVERAGE",
      "detail": "Rev growth +32.4% vs OpEx growth +15.4% (leverage: 2.1x)",
      "severity": "MEDIUM"
    },
    {
      "quarter": "2022-06 (Q2)",
      "signal": "YoY REVENUE GROWTH ACCELERATION",
      "detail": "YoY growth: -8.6% vs prior quarter YoY: -22.7% (accel: +14.0%)",
      "severity": "MEDIUM"
    },
    {
      "quarter": "2022-03 (Q1)",
      "signal": "GROSS MARGIN INFLECTION",
      "detail": "GM: +26.9% -> +26.4% -> +29.0% (reversal +2.6%)",
      "severity": "MEDIUM"
    },
    {
      "quarter": "2022-03 (Q1)",
      "signal": "YoY REVENUE GROWTH DECELERATION",
      "detail": "YoY growth: -22.7% vs prior quarter YoY: -10.7% (decel: -11.9%)",
      "severity": "WARNING"
    },
    {
      "quarter": "2021-06 (Q2)",
      "signal": "OPERATING LEVERAGE",
      "detail": "Rev growth +12.1% vs OpEx growth +0.8% (leverage: 14.5x)",
      "severity": "MEDIUM"
    },
    {
      "quarter": "2021-03 (Q1)",
      "signal": "FCF MARGIN EXPANSION",
      "detail": "FCF margin: +9.9% -> +22.8% (+12.8%)",
      "severity": "MEDIUM"
    }
  ],
  "data_quality": {
    "n_quarters": 20,
    "coverage": {
      "revenue": [
        20,
        20
      ],
      "gross_profit": [
        20,
        20
      ],
      "op_income": [
        20,
        20
      ],
      "fcf": [
        20,
        20
      ]
    },
    "gaps": [],
    "warnings": []
  },
  "market_cap": null,
  "source": "SEC EDGAR",
  "last_updated": "2026-02-02T21:56:41.709004",
  "sector": "Consumer Cyclical",
  "industry": "Residential Construction"
}