{
  "ticker": "LH",
  "name": "LABCORP HOLDINGS INC.",
  "quarters": [
    {
      "date": "2020-12-31T00:00:00",
      "quarter_label": "2020-12 (Q4)",
      "revenue": 4489800000,
      "gross_profit": 1904900000,
      "operating_income": 1293200000,
      "net_income": 938300000,
      "opex": 611700000,
      "cogs": 2584900000,
      "rd": null,
      "sga": 518000000,
      "fcf": 675200000,
      "ocf": 774600000,
      "capex": -99400000,
      "gross_margin": 0.4242727961156399,
      "op_margin": 0.28803064724486616,
      "fcf_margin": 0.15038531783152925
    },
    {
      "date": "2021-03-31T00:00:00",
      "quarter_label": "2021-03 (Q1)",
      "revenue": 4161500000,
      "gross_profit": 1599000000,
      "operating_income": 1057900000,
      "net_income": 769600000,
      "opex": 541100000,
      "cogs": 2562500000,
      "rd": null,
      "sga": 429800000,
      "fcf": 1062200000,
      "ocf": 1157600000,
      "capex": -95400000,
      "gross_margin": 0.3842364532019704,
      "op_margin": 0.2542112219151748,
      "fcf_margin": 0.2552445031839481,
      "fcf_margin_change": 0.10485918535241884
    },
    {
      "date": "2021-06-30T00:00:00",
      "quarter_label": "2021-06 (Q2)",
      "revenue": 3840700000,
      "gross_profit": 1264800000,
      "operating_income": 704100000,
      "net_income": 467400000,
      "opex": 560700000,
      "cogs": 2575900000,
      "rd": null,
      "sga": 458700000,
      "fcf": 390000000,
      "ocf": 487200000,
      "capex": -97200000,
      "gross_margin": 0.32931496862551096,
      "op_margin": 0.18332595620589998,
      "fcf_margin": 0.1015439893769365,
      "fcf_margin_change": -0.1537005138070116
    },
    {
      "date": "2021-09-30T00:00:00",
      "quarter_label": "2021-09 (Q3)",
      "revenue": 4062600000,
      "gross_profit": 1385500000,
      "operating_income": 766900000,
      "net_income": 587300000,
      "opex": 618600000,
      "cogs": 2677100000,
      "rd": null,
      "sga": 519900000,
      "fcf": 649500000,
      "ocf": 767300000,
      "capex": -117800000,
      "gross_margin": 0.34103775907054595,
      "op_margin": 0.18877073795106583,
      "fcf_margin": 0.1598729877418402,
      "op_leverage_ratio": 0.5594984776495973,
      "fcf_margin_change": 0.0583289983649037
    },
    {
      "date": "2021-12-31T00:00:00",
      "quarter_label": "2021-12 (Q4)",
      "revenue": 4056100000,
      "gross_profit": 1375000000,
      "operating_income": 730600000,
      "net_income": 553000000,
      "opex": 644400000,
      "cogs": 2681100000,
      "rd": null,
      "sga": 543700000,
      "fcf": 586400000,
      "ocf": 697500000,
      "capex": -111100000,
      "gross_margin": 0.33899558689381426,
      "op_margin": 0.18012376420699686,
      "fcf_margin": 0.14457237247602378,
      "incr_op_margin_yoy": 1.2972100530320498,
      "rev_growth_yoy": -0.09659673036660876,
      "fcf_margin_change": -0.015300615265816414
    },
    {
      "date": "2022-03-31T00:00:00",
      "quarter_label": "2022-03 (Q1)",
      "revenue": 3899600000,
      "gross_profit": 1232900000,
      "operating_income": 687900000,
      "net_income": 491600000,
      "opex": 545000000,
      "cogs": 2666700000,
      "rd": null,
      "sga": 464100000,
      "fcf": 238800000,
      "ocf": 356000000,
      "capex": -117200000,
      "gross_margin": 0.3161606318596779,
      "op_margin": 0.1764027079700482,
      "fcf_margin": 0.06123704995384142,
      "incr_op_margin_yoy": 1.4127529591447117,
      "rev_growth_yoy": -0.06293403820737714,
      "rev_growth_yoy_accel": 0.03366269215923162,
      "fcf_margin_change": -0.08333532252218237
    },
    {
      "date": "2022-06-30T00:00:00",
      "quarter_label": "2022-06 (Q2)",
      "revenue": 3696900000,
      "gross_profit": 1122700000,
      "operating_income": 525900000,
      "net_income": 358600000,
      "opex": 596800000,
      "cogs": 2574200000,
      "rd": null,
      "sga": 486000000,
      "fcf": 442300000,
      "ocf": 572500000,
      "capex": -130200000,
      "gross_margin": 0.3036868727853066,
      "op_margin": 0.1422543211880224,
      "fcf_margin": 0.11964078011306771,
      "incr_op_margin_yoy": 1.239221140472879,
      "rev_growth_yoy": -0.0374410914677012,
      "rev_growth_yoy_accel": 0.02549294673967594,
      "fcf_margin_change": 0.05840373015922629
    },
    {
      "date": "2022-09-30T00:00:00",
      "quarter_label": "2022-09 (Q3)",
      "revenue": 3606100000,
      "gross_profit": 1059700000,
      "operating_income": 469400000,
      "net_income": 352800000,
      "opex": 590300000,
      "cogs": 2546400000,
      "rd": null,
      "sga": 510000000,
      "fcf": 291000000,
      "ocf": 373800000,
      "capex": -82800000,
      "gross_margin": 0.2938631762846288,
      "op_margin": 0.13016832589223815,
      "fcf_margin": 0.0806965974321289,
      "incr_op_margin_yoy": 0.651697699890471,
      "rev_growth_yoy": -0.11236646482548122,
      "rev_growth_yoy_accel": -0.07492537335778002,
      "fcf_margin_change": -0.03894418268093881
    },
    {
      "date": "2022-12-31T00:00:00",
      "quarter_label": "2022-12 (Q4)",
      "revenue": 3674200000,
      "gross_profit": 969800000,
      "operating_income": 90700000,
      "net_income": 76100000,
      "opex": 879100000,
      "cogs": 2704400000,
      "rd": null,
      "sga": 536500000,
      "fcf": 554500000,
      "ocf": 653600000,
      "capex": -99100000,
      "gross_margin": 0.26394861466441677,
      "op_margin": 0.024685645854879975,
      "fcf_margin": 0.15091720646671383,
      "incr_op_margin_yoy": 1.6755695208169679,
      "rev_growth_yoy": -0.09415448337072557,
      "rev_growth_yoy_accel": 0.018211981454755652,
      "op_leverage_ratio": 0.038599789860532564,
      "fcf_margin_change": 0.07022060903458494
    },
    {
      "date": "2023-03-31T00:00:00",
      "quarter_label": "2023-03 (Q1)",
      "revenue": 3777900000,
      "gross_profit": 974700000,
      "operating_income": 341000000,
      "net_income": 212900000,
      "opex": 633700000,
      "cogs": 2803200000,
      "rd": null,
      "sga": 553600000,
      "fcf": 43000000,
      "ocf": 121200000,
      "capex": -78200000,
      "gross_margin": 0.2580004764551735,
      "op_margin": 0.09026178564811138,
      "fcf_margin": 0.011381984700494984,
      "incr_op_margin_yoy": 2.8504519309778145,
      "rev_growth_yoy": -0.031208329059390708,
      "rev_growth_yoy_accel": 0.06294615431133486,
      "op_leverage_ratio": Infinity,
      "fcf_margin_change": -0.13953522176621885
    },
    {
      "date": "2023-06-30T00:00:00",
      "quarter_label": "2023-06 (Q2)",
      "revenue": 3033700000,
      "gross_profit": 842200000,
      "operating_income": 266300000,
      "net_income": 188900000,
      "opex": 575900000,
      "cogs": 2191500000,
      "rd": null,
      "sga": 505800000,
      "fcf": 248100000,
      "ocf": 351400000,
      "capex": -103300000,
      "gross_margin": 0.27761479381613213,
      "op_margin": 0.08778059794969839,
      "fcf_margin": 0.08178132313676369,
      "incr_op_margin_yoy": 0.3914354644149578,
      "rev_growth_yoy": -0.17939354594389895,
      "rev_growth_yoy_accel": -0.14818521688450825,
      "fcf_margin_change": 0.07039933843626871
    },
    {
      "date": "2023-09-30T00:00:00",
      "quarter_label": "2023-09 (Q3)",
      "revenue": 3056800000,
      "gross_profit": 851200000,
      "operating_income": 252300000,
      "net_income": 183300000,
      "opex": 598900000,
      "cogs": 2205600000,
      "rd": null,
      "sga": 525500000,
      "fcf": 170600000,
      "ocf": 275500000,
      "capex": -104900000,
      "gross_margin": 0.2784611358283172,
      "op_margin": 0.08253729390211986,
      "fcf_margin": 0.055809997382884065,
      "incr_op_margin_yoy": 0.3952302931003095,
      "rev_growth_yoy": -0.15232522669920412,
      "rev_growth_yoy_accel": 0.027068319244694827,
      "fcf_margin_change": -0.025971325753879622
    },
    {
      "date": "2023-12-31T00:00:00",
      "quarter_label": "2023-12 (Q4)",
      "revenue": 3033300000,
      "gross_profit": 821400000,
      "operating_income": -122800000,
      "net_income": -167100000,
      "opex": 944200000,
      "cogs": 2211900000,
      "rd": null,
      "sga": 532900000,
      "fcf": 412400000,
      "ocf": 579600000,
      "capex": -167200000,
      "gross_margin": 0.2707941845514786,
      "op_margin": -0.04048396136221277,
      "fcf_margin": 0.13595753799492302,
      "incr_op_margin_yoy": 0.33312529255734125,
      "rev_growth_yoy": -0.17443252953023788,
      "rev_growth_yoy_accel": -0.022107302831033765,
      "fcf_margin_change": 0.08014754061203896
    },
    {
      "date": "2024-03-31T00:00:00",
      "quarter_label": "2024-03 (Q1)",
      "revenue": 3176600000,
      "gross_profit": 897300000,
      "operating_income": 321300000,
      "net_income": 228000000,
      "opex": 576000000,
      "cogs": 2279300000,
      "rd": null,
      "sga": 508400000,
      "fcf": -163600000,
      "ocf": -29800000,
      "capex": -133800000,
      "gross_margin": 0.2824718252219354,
      "op_margin": 0.10114587924195681,
      "fcf_margin": -0.0515016054901467,
      "incr_op_margin_yoy": 0.03276234824546815,
      "rev_growth_yoy": -0.15916249768389845,
      "rev_growth_yoy_accel": 0.015270031846339432,
      "op_leverage_ratio": Infinity,
      "fcf_margin_change": -0.18745914348506973
    },
    {
      "date": "2024-06-30T00:00:00",
      "quarter_label": "2024-06 (Q2)",
      "revenue": 3220900000,
      "gross_profit": 926400000,
      "operating_income": 294800000,
      "net_income": 205300000,
      "opex": 631600000,
      "cogs": 2294500000,
      "rd": null,
      "sga": 557800000,
      "fcf": 432900000,
      "ocf": 561100000,
      "capex": -128200000,
      "gross_margin": 0.2876214722593064,
      "op_margin": 0.09152721289080691,
      "fcf_margin": 0.1344034276134,
      "incr_op_margin_yoy": 0.15224358974358973,
      "rev_growth_yoy": 0.06170682664732834,
      "rev_growth_yoy_accel": 0.2208693243312268,
      "op_leverage_ratio": 0.14447373034016278,
      "fcf_margin_change": 0.1859050331035467
    },
    {
      "date": "2024-09-30T00:00:00",
      "quarter_label": "2024-09 (Q3)",
      "revenue": 3282000000,
      "gross_profit": 904400000,
      "operating_income": 254100000,
      "net_income": 169300000,
      "opex": 650300000,
      "cogs": 2377600000,
      "rd": null,
      "sga": 568600000,
      "fcf": 161500000,
      "ocf": 277300000,
      "capex": -115800000,
      "gross_margin": 0.27556368068251064,
      "op_margin": 0.07742230347349177,
      "fcf_margin": 0.04920780012187691,
      "incr_op_margin_yoy": 0.007992895204262877,
      "rev_growth_yoy": 0.0736718136613452,
      "rev_growth_yoy_accel": 0.01196498701401686,
      "op_leverage_ratio": 0.6407143982575038,
      "fcf_margin_change": -0.08519562749152308
    },
    {
      "date": "2024-12-31T00:00:00",
      "quarter_label": "2024-12 (Q4)",
      "revenue": 3329400000,
      "gross_profit": 896300000,
      "operating_income": 216500000,
      "net_income": 143400000,
      "opex": 679800000,
      "cogs": 2433100000,
      "rd": null,
      "sga": 595200000,
      "fcf": 665100000,
      "ocf": 777200000,
      "capex": -112100000,
      "gross_margin": 0.2692076650447528,
      "op_margin": 0.065026731543221,
      "fcf_margin": 0.1997657235537935,
      "incr_op_margin_yoy": 1.1458966565349544,
      "rev_growth_yoy": 0.09761645732370686,
      "rev_growth_yoy_accel": 0.023944643662361653,
      "op_leverage_ratio": 0.3183695349053388,
      "fcf_margin_change": 0.1505579234319166
    },
    {
      "date": "2025-03-31T00:00:00",
      "quarter_label": "2025-03 (Q1)",
      "revenue": 3345100000,
      "gross_profit": 948000000,
      "operating_income": 326000000,
      "net_income": 212800000,
      "opex": 622000000,
      "cogs": 2397100000,
      "rd": null,
      "sga": 546000000,
      "fcf": -107500000,
      "ocf": 18500000,
      "capex": -126000000,
      "gross_margin": 0.28339959941406834,
      "op_margin": 0.09745598038922604,
      "fcf_margin": -0.03213655795043496,
      "incr_op_margin_yoy": 0.027893175074183978,
      "rev_growth_yoy": 0.05304413523893471,
      "rev_growth_yoy_accel": -0.044572322084772145,
      "fcf_margin_change": -0.23190228150422845
    },
    {
      "date": "2025-06-30T00:00:00",
      "quarter_label": "2025-06 (Q2)",
      "revenue": 3527300000,
      "gross_profit": 1046200000,
      "operating_income": 394500000,
      "net_income": 237900000,
      "opex": 651700000,
      "cogs": 2481100000,
      "rd": null,
      "sga": 579300000,
      "fcf": 542700000,
      "ocf": 620600000,
      "capex": -77900000,
      "gross_margin": 0.29660079947835455,
      "op_margin": 0.11184191874805091,
      "fcf_margin": 0.15385705780625408,
      "incr_op_margin_yoy": 0.32539164490861616,
      "rev_growth_yoy": 0.09512869073861344,
      "rev_growth_yoy_accel": 0.042084555499678725,
      "op_leverage_ratio": 1.1407046258022313,
      "fcf_margin_change": 0.18599361575668905
    },
    {
      "date": "2025-09-30T00:00:00",
      "quarter_label": "2025-09 (Q3)",
      "revenue": 3563500000,
      "gross_profit": 1025100000,
      "operating_income": 396600000,
      "net_income": 261100000,
      "opex": 628500000,
      "cogs": 2538400000,
      "rd": null,
      "sga": 552400000,
      "fcf": 280500000,
      "ocf": 387200000,
      "capex": -106700000,
      "gross_margin": 0.2876666198961695,
      "op_margin": 0.11129507506664796,
      "fcf_margin": 0.07871474673775783,
      "incr_op_margin_yoy": 0.5062166962699822,
      "rev_growth_yoy": 0.08577087141986593,
      "rev_growth_yoy_accel": -0.009357819318747504,
      "op_leverage_ratio": Infinity,
      "fcf_margin_change": -0.07514231106849625
    }
  ],
  "signals": [
    {
      "quarter": "2025-09 (Q3)",
      "signal": "INCREMENTAL MARGIN (YoY)",
      "detail": "YoY Incr OPM: +50.6% vs year-ago OPM: +7.7%",
      "severity": "HIGH"
    },
    {
      "quarter": "2025-06 (Q2)",
      "signal": "FCF TURNED POSITIVE",
      "detail": "FCF margin: -3.2% -> +15.4%",
      "severity": "HIGH"
    },
    {
      "quarter": "2025-06 (Q2)",
      "signal": "INCREMENTAL MARGIN (YoY)",
      "detail": "YoY Incr OPM: +32.5% vs year-ago OPM: +9.2%",
      "severity": "HIGH"
    },
    {
      "quarter": "2024-12 (Q4)",
      "signal": "FCF MARGIN EXPANSION",
      "detail": "FCF margin: +4.9% -> +20.0% (+15.1%)",
      "severity": "MEDIUM"
    },
    {
      "quarter": "2024-12 (Q4)",
      "signal": "OP MARGIN TURNED POSITIVE (YoY)",
      "detail": "Op margin: -4.0% (year-ago) -> +6.5%",
      "severity": "HIGH"
    },
    {
      "quarter": "2024-06 (Q2)",
      "signal": "FCF TURNED POSITIVE",
      "detail": "FCF margin: -5.2% -> +13.4%",
      "severity": "HIGH"
    },
    {
      "quarter": "2024-06 (Q2)",
      "signal": "YoY REVENUE GROWTH ACCELERATION",
      "detail": "YoY growth: +6.2% vs prior quarter YoY: -15.9% (accel: +22.1%)",
      "severity": "HIGH"
    },
    {
      "quarter": "2024-03 (Q1)",
      "signal": "OP MARGIN TURNED POSITIVE (QoQ)",
      "detail": "Op margin: -4.0% -> +10.1%",
      "severity": "HIGH"
    },
    {
      "quarter": "2023-12 (Q4)",
      "signal": "FCF MARGIN EXPANSION",
      "detail": "FCF margin: +5.6% -> +13.6% (+8.0%)",
      "severity": "MEDIUM"
    },
    {
      "quarter": "2023-09 (Q3)",
      "signal": "INCREMENTAL MARGIN (YoY)",
      "detail": "YoY Incr OPM: +39.5% vs year-ago OPM: +13.0%",
      "severity": "HIGH"
    },
    {
      "quarter": "2023-06 (Q2)",
      "signal": "FCF MARGIN EXPANSION",
      "detail": "FCF margin: +1.1% -> +8.2% (+7.0%)",
      "severity": "MEDIUM"
    },
    {
      "quarter": "2023-06 (Q2)",
      "signal": "YoY REVENUE GROWTH DECELERATION",
      "detail": "YoY growth: -17.9% vs prior quarter YoY: -3.1% (decel: -14.8%)",
      "severity": "WARNING"
    },
    {
      "quarter": "2023-06 (Q2)",
      "signal": "INCREMENTAL MARGIN (YoY)",
      "detail": "YoY Incr OPM: +39.1% vs year-ago OPM: +14.2%",
      "severity": "HIGH"
    },
    {
      "quarter": "2023-03 (Q1)",
      "signal": "YoY REVENUE GROWTH ACCELERATION",
      "detail": "YoY growth: -3.1% vs prior quarter YoY: -9.4% (accel: +6.3%)",
      "severity": "MEDIUM"
    },
    {
      "quarter": "2023-03 (Q1)",
      "signal": "INCREMENTAL MARGIN (YoY)",
      "detail": "YoY Incr OPM: +285.0% vs year-ago OPM: +17.6%",
      "severity": "HIGH"
    },
    {
      "quarter": "2022-12 (Q4)",
      "signal": "FCF MARGIN EXPANSION",
      "detail": "FCF margin: +8.1% -> +15.1% (+7.0%)",
      "severity": "MEDIUM"
    },
    {
      "quarter": "2022-12 (Q4)",
      "signal": "INCREMENTAL MARGIN (YoY)",
      "detail": "YoY Incr OPM: +167.6% vs year-ago OPM: +18.0%",
      "severity": "HIGH"
    },
    {
      "quarter": "2022-09 (Q3)",
      "signal": "YoY REVENUE GROWTH DECELERATION",
      "detail": "YoY growth: -11.2% vs prior quarter YoY: -3.7% (decel: -7.5%)",
      "severity": "WARNING"
    },
    {
      "quarter": "2022-09 (Q3)",
      "signal": "INCREMENTAL MARGIN (YoY)",
      "detail": "YoY Incr OPM: +65.2% vs year-ago OPM: +18.9%",
      "severity": "HIGH"
    },
    {
      "quarter": "2022-06 (Q2)",
      "signal": "FCF MARGIN EXPANSION",
      "detail": "FCF margin: +6.1% -> +12.0% (+5.8%)",
      "severity": "MEDIUM"
    },
    {
      "quarter": "2022-06 (Q2)",
      "signal": "INCREMENTAL MARGIN (YoY)",
      "detail": "YoY Incr OPM: +123.9% vs year-ago OPM: +18.3%",
      "severity": "HIGH"
    },
    {
      "quarter": "2022-03 (Q1)",
      "signal": "INCREMENTAL MARGIN (YoY)",
      "detail": "YoY Incr OPM: +141.3% vs year-ago OPM: +25.4%",
      "severity": "HIGH"
    },
    {
      "quarter": "2021-12 (Q4)",
      "signal": "INCREMENTAL MARGIN (YoY)",
      "detail": "YoY Incr OPM: +129.7% vs year-ago OPM: +28.8%",
      "severity": "HIGH"
    },
    {
      "quarter": "2021-09 (Q3)",
      "signal": "FCF MARGIN EXPANSION",
      "detail": "FCF margin: +10.2% -> +16.0% (+5.8%)",
      "severity": "MEDIUM"
    },
    {
      "quarter": "2021-03 (Q1)",
      "signal": "FCF MARGIN EXPANSION",
      "detail": "FCF margin: +15.0% -> +25.5% (+10.5%)",
      "severity": "MEDIUM"
    }
  ],
  "data_quality": {
    "n_quarters": 20,
    "coverage": {
      "revenue": [
        20,
        20
      ],
      "gross_profit": [
        20,
        20
      ],
      "op_income": [
        20,
        20
      ],
      "fcf": [
        20,
        20
      ]
    },
    "gaps": [],
    "warnings": []
  },
  "market_cap": null,
  "source": "SEC EDGAR",
  "last_updated": "2026-02-02T20:16:15.459252"
}