{
  "ticker": "LIFD",
  "name": "LFTD PARTNERS INC.",
  "quarters": [
    {
      "date": "2020-12-31T00:00:00",
      "quarter_label": "2020-12 (Q4)",
      "revenue": 2196518,
      "gross_profit": 883572,
      "operating_income": 475641,
      "net_income": 549531,
      "opex": 407931,
      "cogs": 1312946,
      "rd": null,
      "sga": 43081,
      "fcf": 750502,
      "ocf": 783272,
      "capex": -32770,
      "gross_margin": 0.40226030471865015,
      "op_margin": 0.21654318334746175,
      "fcf_margin": 0.34167805590484573
    },
    {
      "date": "2021-03-31T00:00:00",
      "quarter_label": "2021-03 (Q1)",
      "revenue": 3353270,
      "gross_profit": 1645747,
      "operating_income": 660493,
      "net_income": 618359,
      "opex": 985254,
      "cogs": 1707523,
      "rd": null,
      "sga": 56464,
      "fcf": 617590,
      "ocf": 768894,
      "capex": -151304,
      "gross_margin": 0.4907886928281946,
      "op_margin": 0.19696982348573183,
      "fcf_margin": 0.18417544665356503,
      "op_leverage_ratio": 0.37211171489853156,
      "fcf_margin_change": -0.1575026092512807
    },
    {
      "date": "2021-06-30T00:00:00",
      "quarter_label": "2021-06 (Q2)",
      "revenue": 6695144,
      "gross_profit": 3659515,
      "operating_income": 1556863,
      "net_income": 1596154,
      "opex": 2102652,
      "cogs": 3035630,
      "rd": null,
      "sga": 95474,
      "fcf": 1495392,
      "ocf": 1571831,
      "capex": -76439,
      "gross_margin": 0.5465924257939785,
      "op_margin": 0.2325361485876928,
      "fcf_margin": 0.22335471798664824,
      "op_leverage_ratio": 0.878742972660568,
      "fcf_margin_change": 0.039179271333083215
    },
    {
      "date": "2021-09-30T00:00:00",
      "quarter_label": "2021-09 (Q3)",
      "revenue": 8820952,
      "gross_profit": 4100895,
      "operating_income": 2318037,
      "net_income": 2236178,
      "opex": 1782858,
      "cogs": 4720057,
      "rd": null,
      "sga": 139286,
      "fcf": 1949044,
      "ocf": 2009633,
      "capex": -60589,
      "gross_margin": 0.46490390152899597,
      "op_margin": 0.26278762201630845,
      "fcf_margin": 0.22095619611125875,
      "op_leverage_ratio": Infinity,
      "fcf_margin_change": -0.0023985218753894977
    },
    {
      "date": "2021-12-31T00:00:00",
      "quarter_label": "2021-12 (Q4)",
      "revenue": 12787566,
      "gross_profit": 6535017,
      "operating_income": 3245491,
      "net_income": 1349292,
      "opex": 3289526,
      "cogs": 6252549,
      "rd": null,
      "sga": null,
      "fcf": 1192363,
      "ocf": 1272254,
      "capex": -79891,
      "gross_margin": 0.5110446350775433,
      "op_margin": 0.25380052779395235,
      "fcf_margin": 0.09324393711829132,
      "incr_op_margin_yoy": 0.26152747112467056,
      "rev_growth_yoy": 4.8217442333730025,
      "op_leverage_ratio": 0.5321127573844666,
      "fcf_margin_change": -0.12771225899296743
    },
    {
      "date": "2022-03-31T00:00:00",
      "quarter_label": "2022-03 (Q1)",
      "revenue": 18088877,
      "gross_profit": 7984984,
      "operating_income": 4172436,
      "net_income": 2944793,
      "opex": 3812549,
      "cogs": 10103893,
      "rd": null,
      "sga": null,
      "fcf": 340054,
      "ocf": 394292,
      "capex": -54238,
      "gross_margin": 0.4414306095397741,
      "op_margin": 0.2306630754358051,
      "fcf_margin": 0.01879906640970581,
      "incr_op_margin_yoy": 0.23833039249757407,
      "rev_growth_yoy": 4.394399198394403,
      "rev_growth_yoy_accel": -0.42734503497859944,
      "op_leverage_ratio": 2.607401616425436,
      "fcf_margin_change": -0.0744448707085855
    },
    {
      "date": "2022-06-30T00:00:00",
      "quarter_label": "2022-06 (Q2)",
      "revenue": 16776502,
      "gross_profit": 8062912,
      "operating_income": 4428297,
      "net_income": 3219460,
      "opex": 3634615,
      "cogs": 8713590,
      "rd": null,
      "sga": null,
      "fcf": 104141,
      "ocf": 135200,
      "capex": -31059,
      "gross_margin": 0.48060745917116693,
      "op_margin": 0.26395830310752505,
      "fcf_margin": 0.006207551490769649,
      "incr_op_margin_yoy": 0.2848261117202663,
      "rev_growth_yoy": 1.50577164583764,
      "rev_growth_yoy_accel": -2.888627552556763,
      "fcf_margin_change": -0.012591514918936161
    },
    {
      "date": "2022-09-30T00:00:00",
      "quarter_label": "2022-09 (Q3)",
      "revenue": 11237277,
      "gross_profit": 813744,
      "operating_income": 495270,
      "net_income": 423486,
      "opex": 318474,
      "cogs": 10423533,
      "rd": null,
      "sga": null,
      "fcf": 2436019,
      "ocf": 3007103,
      "capex": -571084,
      "gross_margin": 0.07241469619374871,
      "op_margin": 0.044073844579963634,
      "fcf_margin": 0.21678018616075762,
      "incr_op_margin_yoy": -0.7543550639918057,
      "rev_growth_yoy": 0.27393018349946807,
      "rev_growth_yoy_accel": -1.231841462338172,
      "fcf_margin_change": 0.21057263466998796
    },
    {
      "date": "2022-12-31T00:00:00",
      "quarter_label": "2022-12 (Q4)",
      "revenue": 11313879,
      "gross_profit": 4131649,
      "operating_income": 716724,
      "net_income": 608589,
      "opex": 3414925,
      "cogs": 7182230,
      "rd": 0,
      "sga": null,
      "fcf": -758907,
      "ocf": -499169,
      "capex": -259738,
      "gross_margin": 0.36518412473741324,
      "op_margin": 0.0633490953898305,
      "fcf_margin": -0.06707752487011749,
      "incr_op_margin_yoy": 1.7159457876740447,
      "rev_growth_yoy": -0.11524374536952536,
      "rev_growth_yoy_accel": -0.38917392886899344,
      "fcf_margin_change": -0.2838577110308751
    },
    {
      "date": "2023-03-31T00:00:00",
      "quarter_label": "2023-03 (Q1)",
      "revenue": 12461793,
      "gross_profit": 5648445,
      "operating_income": -104884,
      "net_income": -141742,
      "opex": 5753329,
      "cogs": 6813348,
      "rd": 19800,
      "sga": null,
      "fcf": -39580,
      "ocf": 329205,
      "capex": -368785,
      "gross_margin": 0.45326101950176834,
      "op_margin": -0.008416445370260924,
      "fcf_margin": -0.003176107964560156,
      "incr_op_margin_yoy": 0.7601308244198949,
      "rev_growth_yoy": -0.3110797867661989,
      "rev_growth_yoy_accel": -0.19583604139667354,
      "op_leverage_ratio": 0.14816971570289011,
      "fcf_margin_change": 0.06390141690555734
    },
    {
      "date": "2023-06-30T00:00:00",
      "quarter_label": "2023-06 (Q2)",
      "revenue": 12522542,
      "gross_profit": 5636357,
      "operating_income": 2372674,
      "net_income": 1659461,
      "opex": 3263683,
      "cogs": 6886185,
      "rd": null,
      "sga": null,
      "fcf": -1020372,
      "ocf": -693326,
      "capex": -327046,
      "gross_margin": 0.4500968733025611,
      "op_margin": 0.18947223335326008,
      "fcf_margin": -0.08148281714687002,
      "incr_op_margin_yoy": 0.4832257473036888,
      "rev_growth_yoy": -0.2535665659027132,
      "rev_growth_yoy_accel": 0.0575132208634857,
      "fcf_margin_change": -0.07830670918230986
    },
    {
      "date": "2023-09-30T00:00:00",
      "quarter_label": "2023-09 (Q3)",
      "revenue": 13106280,
      "gross_profit": 4422003,
      "operating_income": 659539,
      "net_income": 617648,
      "opex": 3762464,
      "cogs": 8684277,
      "rd": null,
      "sga": null,
      "fcf": 1055291,
      "ocf": 1107122,
      "capex": -51831,
      "gross_margin": 0.3373957370054661,
      "op_margin": 0.0503223645458513,
      "fcf_margin": 0.08051796543336477,
      "incr_op_margin_yoy": 0.08789124469035095,
      "rev_growth_yoy": 0.1663216987531766,
      "rev_growth_yoy_accel": 0.4198882646558898,
      "op_leverage_ratio": 0.3050166427244123,
      "fcf_margin_change": 0.1620007825802348
    },
    {
      "date": "2023-12-31T00:00:00",
      "quarter_label": "2023-12 (Q4)",
      "revenue": 13519947,
      "gross_profit": 3997479,
      "operating_income": -517140,
      "net_income": 23640,
      "opex": 4514619,
      "cogs": 9522468,
      "rd": 0,
      "sga": null,
      "fcf": -146076,
      "ocf": -104076,
      "capex": -42000,
      "gross_margin": 0.29567268274054626,
      "op_margin": -0.03825014994511443,
      "fcf_margin": -0.010804480224663602,
      "incr_op_margin_yoy": -0.5593046089241129,
      "rev_growth_yoy": 0.19498776679510185,
      "rev_growth_yoy_accel": 0.028666068041925258,
      "op_leverage_ratio": 0.15788338941475022,
      "fcf_margin_change": -0.09132244565802837
    },
    {
      "date": "2024-03-31T00:00:00",
      "quarter_label": "2024-03 (Q1)",
      "revenue": 10666649,
      "gross_profit": 3384040,
      "operating_income": -122334,
      "net_income": -1141004,
      "opex": 3506374,
      "cogs": 7282609,
      "rd": null,
      "sga": null,
      "fcf": 146798,
      "ocf": 178633,
      "capex": -31835,
      "gross_margin": 0.3172542754523937,
      "op_margin": -0.011468831495252164,
      "fcf_margin": 0.01376233529386783,
      "incr_op_margin_yoy": 0.009720668648308993,
      "rev_growth_yoy": -0.14405182304023184,
      "rev_growth_yoy_accel": -0.33903958983533367,
      "fcf_margin_change": 0.024566815518531432
    },
    {
      "date": "2024-06-30T00:00:00",
      "quarter_label": "2024-06 (Q2)",
      "revenue": 9487299,
      "gross_profit": 3554241,
      "operating_income": -582745,
      "net_income": -523212,
      "opex": 4136986,
      "cogs": 5933058,
      "rd": null,
      "sga": null,
      "fcf": -190437,
      "ocf": 66312,
      "capex": -256749,
      "gross_margin": 0.37463149416920455,
      "op_margin": -0.06142369920037304,
      "fcf_margin": -0.020072836325702396,
      "incr_op_margin_yoy": 0.9737009524443347,
      "rev_growth_yoy": -0.2423823373880479,
      "rev_growth_yoy_accel": -0.09833051434781606,
      "fcf_margin_change": -0.033835171619570226
    },
    {
      "date": "2024-09-30T00:00:00",
      "quarter_label": "2024-09 (Q3)",
      "revenue": 8691675,
      "gross_profit": 3757895,
      "operating_income": -140703,
      "net_income": -194399,
      "opex": 3898598,
      "cogs": 4933780,
      "rd": null,
      "sga": null,
      "fcf": -334278,
      "ocf": -312099,
      "capex": -22179,
      "gross_margin": 0.43235567367624766,
      "op_margin": -0.01618824910043231,
      "fcf_margin": -0.03845956044145691,
      "incr_op_margin_yoy": 0.1812714840852126,
      "rev_growth_yoy": -0.3368312747781979,
      "rev_growth_yoy_accel": -0.09444893739015,
      "fcf_margin_change": -0.018386724115754514
    },
    {
      "date": "2024-12-31T00:00:00",
      "quarter_label": "2024-12 (Q4)",
      "revenue": 8479605,
      "gross_profit": 2058653,
      "operating_income": 72318,
      "net_income": 1186,
      "opex": 1986335,
      "cogs": 6420952,
      "rd": null,
      "sga": null,
      "fcf": -895913,
      "ocf": -892913,
      "capex": -3000,
      "gross_margin": 0.2427769925603846,
      "op_margin": 0.008528463295165281,
      "fcf_margin": -0.10565503935619643,
      "incr_op_margin_yoy": -0.11694801662268156,
      "rev_growth_yoy": -0.37280782239752863,
      "rev_growth_yoy_accel": -0.03597654761933072,
      "fcf_margin_change": -0.06719547891473951
    },
    {
      "date": "2025-03-31T00:00:00",
      "quarter_label": "2025-03 (Q1)",
      "revenue": 9123850,
      "gross_profit": 2217393,
      "operating_income": -328386,
      "net_income": -303042,
      "opex": 2545779,
      "cogs": 6906457,
      "rd": null,
      "sga": null,
      "fcf": 274604,
      "ocf": 351751,
      "capex": -77147,
      "gross_margin": 0.24303260136893964,
      "op_margin": -0.03599204283279537,
      "fcf_margin": 0.030097382135830818,
      "incr_op_margin_yoy": 0.13355725535212298,
      "rev_growth_yoy": -0.14463764580610086,
      "rev_growth_yoy_accel": 0.22817017659142777,
      "op_leverage_ratio": 0.269756121678794,
      "fcf_margin_change": 0.13575242149202724
    },
    {
      "date": "2025-06-30T00:00:00",
      "quarter_label": "2025-06 (Q2)",
      "revenue": 10325336,
      "gross_profit": 3246394,
      "operating_income": -109640,
      "net_income": -268950,
      "opex": 3356034,
      "cogs": 7078942,
      "rd": null,
      "sga": null,
      "fcf": -273012,
      "ocf": -265608,
      "capex": -7404,
      "gross_margin": 0.31441049472869453,
      "op_margin": -0.010618540646038056,
      "fcf_margin": -0.026440979741482504,
      "rev_growth_yoy": 0.08833251697875233,
      "rev_growth_yoy_accel": 0.2329701627848532,
      "op_leverage_ratio": 0.4137514778228654,
      "fcf_margin_change": -0.05653836187731332
    },
    {
      "date": "2025-09-30T00:00:00",
      "quarter_label": "2025-09 (Q3)",
      "revenue": 9056742,
      "gross_profit": 4157495,
      "operating_income": 1312791,
      "net_income": 634257,
      "opex": 2844704,
      "cogs": 4899247,
      "rd": null,
      "sga": null,
      "fcf": 696514,
      "ocf": 699045,
      "capex": -2531,
      "gross_margin": 0.4590497333367783,
      "op_margin": 0.14495179392324525,
      "fcf_margin": 0.07690558039524588,
      "rev_growth_yoy": 0.042001915626159514,
      "rev_growth_yoy_accel": -0.046330601352592815,
      "fcf_margin_change": 0.10334656013672838
    }
  ],
  "signals": [
    {
      "quarter": "2025-09 (Q3)",
      "signal": "FCF TURNED POSITIVE",
      "detail": "FCF margin: -2.6% -> +7.7%",
      "severity": "HIGH"
    },
    {
      "quarter": "2025-09 (Q3)",
      "signal": "OP MARGIN TURNED POSITIVE (YoY)",
      "detail": "Op margin: -1.6% (year-ago) -> +14.5%",
      "severity": "HIGH"
    },
    {
      "quarter": "2025-09 (Q3)",
      "signal": "OP MARGIN TURNED POSITIVE (QoQ)",
      "detail": "Op margin: -1.1% -> +14.5%",
      "severity": "HIGH"
    },
    {
      "quarter": "2025-06 (Q2)",
      "signal": "YoY REVENUE GROWTH ACCELERATION",
      "detail": "YoY growth: +8.8% vs prior quarter YoY: -14.5% (accel: +23.3%)",
      "severity": "HIGH"
    },
    {
      "quarter": "2025-03 (Q1)",
      "signal": "FCF TURNED POSITIVE",
      "detail": "FCF margin: -10.6% -> +3.0%",
      "severity": "HIGH"
    },
    {
      "quarter": "2025-03 (Q1)",
      "signal": "YoY REVENUE GROWTH ACCELERATION",
      "detail": "YoY growth: -14.5% vs prior quarter YoY: -37.3% (accel: +22.8%)",
      "severity": "HIGH"
    },
    {
      "quarter": "2024-12 (Q4)",
      "signal": "OP MARGIN TURNED POSITIVE (YoY)",
      "detail": "Op margin: -3.8% (year-ago) -> +0.9%",
      "severity": "HIGH"
    },
    {
      "quarter": "2024-12 (Q4)",
      "signal": "OP MARGIN TURNED POSITIVE (QoQ)",
      "detail": "Op margin: -1.6% -> +0.9%",
      "severity": "HIGH"
    },
    {
      "quarter": "2024-09 (Q3)",
      "signal": "YoY REVENUE GROWTH DECELERATION",
      "detail": "YoY growth: -33.7% vs prior quarter YoY: -24.2% (decel: -9.4%)",
      "severity": "WARNING"
    },
    {
      "quarter": "2024-06 (Q2)",
      "signal": "YoY REVENUE GROWTH DECELERATION",
      "detail": "YoY growth: -24.2% vs prior quarter YoY: -14.4% (decel: -9.8%)",
      "severity": "WARNING"
    },
    {
      "quarter": "2024-03 (Q1)",
      "signal": "FCF TURNED POSITIVE",
      "detail": "FCF margin: -1.1% -> +1.4%",
      "severity": "HIGH"
    },
    {
      "quarter": "2024-03 (Q1)",
      "signal": "GROSS MARGIN INFLECTION",
      "detail": "GM: +33.7% -> +29.6% -> +31.7% (reversal +2.2%)",
      "severity": "MEDIUM"
    },
    {
      "quarter": "2024-03 (Q1)",
      "signal": "YoY REVENUE GROWTH DECELERATION",
      "detail": "YoY growth: -14.4% vs prior quarter YoY: +19.5% (decel: -33.9%)",
      "severity": "WARNING"
    },
    {
      "quarter": "2023-09 (Q3)",
      "signal": "FCF TURNED POSITIVE",
      "detail": "FCF margin: -8.1% -> +8.1%",
      "severity": "HIGH"
    },
    {
      "quarter": "2023-09 (Q3)",
      "signal": "YoY REVENUE GROWTH ACCELERATION",
      "detail": "YoY growth: +16.6% vs prior quarter YoY: -25.4% (accel: +42.0%)",
      "severity": "HIGH"
    },
    {
      "quarter": "2023-06 (Q2)",
      "signal": "YoY REVENUE GROWTH ACCELERATION",
      "detail": "YoY growth: -25.4% vs prior quarter YoY: -31.1% (accel: +5.8%)",
      "severity": "MEDIUM"
    },
    {
      "quarter": "2023-06 (Q2)",
      "signal": "INCREMENTAL MARGIN (YoY)",
      "detail": "YoY Incr OPM: +48.3% vs year-ago OPM: +26.4%",
      "severity": "HIGH"
    },
    {
      "quarter": "2023-06 (Q2)",
      "signal": "OP MARGIN TURNED POSITIVE (QoQ)",
      "detail": "Op margin: -0.8% -> +18.9%",
      "severity": "HIGH"
    },
    {
      "quarter": "2023-03 (Q1)",
      "signal": "FCF MARGIN EXPANSION",
      "detail": "FCF margin: -6.7% -> -0.3% (+6.4%)",
      "severity": "MEDIUM"
    },
    {
      "quarter": "2023-03 (Q1)",
      "signal": "YoY REVENUE GROWTH DECELERATION",
      "detail": "YoY growth: -31.1% vs prior quarter YoY: -11.5% (decel: -19.6%)",
      "severity": "WARNING"
    },
    {
      "quarter": "2022-12 (Q4)",
      "signal": "GROSS MARGIN INFLECTION",
      "detail": "GM: +48.1% -> +7.2% -> +36.5% (reversal +29.3%)",
      "severity": "HIGH"
    },
    {
      "quarter": "2022-12 (Q4)",
      "signal": "YoY REVENUE GROWTH DECELERATION",
      "detail": "YoY growth: -11.5% vs prior quarter YoY: +27.4% (decel: -38.9%)",
      "severity": "WARNING"
    },
    {
      "quarter": "2022-12 (Q4)",
      "signal": "INCREMENTAL MARGIN (YoY)",
      "detail": "YoY Incr OPM: +171.6% vs year-ago OPM: +25.4%",
      "severity": "HIGH"
    },
    {
      "quarter": "2022-09 (Q3)",
      "signal": "FCF MARGIN EXPANSION",
      "detail": "FCF margin: +0.6% -> +21.7% (+21.1%)",
      "severity": "MEDIUM"
    },
    {
      "quarter": "2022-09 (Q3)",
      "signal": "YoY REVENUE GROWTH DECELERATION",
      "detail": "YoY growth: +27.4% vs prior quarter YoY: +150.6% (decel: -123.2%)",
      "severity": "WARNING"
    },
    {
      "quarter": "2022-06 (Q2)",
      "signal": "GROSS MARGIN INFLECTION",
      "detail": "GM: +51.1% -> +44.1% -> +48.1% (reversal +3.9%)",
      "severity": "MEDIUM"
    },
    {
      "quarter": "2022-06 (Q2)",
      "signal": "YoY REVENUE GROWTH DECELERATION",
      "detail": "YoY growth: +150.6% vs prior quarter YoY: +439.4% (decel: -288.9%)",
      "severity": "WARNING"
    },
    {
      "quarter": "2022-03 (Q1)",
      "signal": "OPERATING LEVERAGE",
      "detail": "Rev growth +41.5% vs OpEx growth +15.9% (leverage: 2.6x)",
      "severity": "MEDIUM"
    },
    {
      "quarter": "2022-03 (Q1)",
      "signal": "YoY REVENUE GROWTH DECELERATION",
      "detail": "YoY growth: +439.4% vs prior quarter YoY: +482.2% (decel: -42.7%)",
      "severity": "WARNING"
    },
    {
      "quarter": "2021-12 (Q4)",
      "signal": "GROSS MARGIN INFLECTION",
      "detail": "GM: +54.7% -> +46.5% -> +51.1% (reversal +4.6%)",
      "severity": "MEDIUM"
    }
  ],
  "data_quality": {
    "n_quarters": 20,
    "coverage": {
      "revenue": [
        20,
        20
      ],
      "gross_profit": [
        20,
        20
      ],
      "op_income": [
        20,
        20
      ],
      "fcf": [
        20,
        20
      ]
    },
    "gaps": [],
    "warnings": []
  },
  "market_cap": null,
  "source": "SEC EDGAR",
  "last_updated": "2026-02-03T00:26:08.894404"
}