{
  "ticker": "LIFX",
  "name": "Life360, Inc.",
  "quarters": [
    {
      "date": "2021-06-30T00:00:00",
      "quarter_label": "2021-06 (Q2)",
      "revenue": 25009000,
      "gross_profit": 20249000,
      "operating_income": -6807000,
      "net_income": -6804000,
      "opex": 27056000,
      "cogs": 4760000,
      "rd": 12016000,
      "sga": null,
      "fcf": null,
      "ocf": null,
      "capex": null,
      "gross_margin": 0.8096685193330401,
      "op_margin": -0.27218201447478907,
      "fcf_margin": null
    },
    {
      "date": "2021-09-30T00:00:00",
      "quarter_label": "2021-09 (Q3)",
      "revenue": 29697000,
      "gross_profit": 24309000,
      "operating_income": -7748000,
      "net_income": -8014000,
      "opex": 32057000,
      "cogs": 5388000,
      "rd": 13113000,
      "sga": null,
      "fcf": 4578000,
      "ocf": 4578000,
      "capex": null,
      "gross_margin": 0.8185675320739468,
      "op_margin": -0.26090177459002595,
      "fcf_margin": 0.15415698555409638,
      "op_leverage_ratio": 1.0141402324517304
    },
    {
      "date": "2021-12-31T00:00:00",
      "quarter_label": "2021-12 (Q4)",
      "revenue": 34945000,
      "gross_profit": 26814000,
      "operating_income": -13855000,
      "net_income": -14887000,
      "opex": 40669000,
      "cogs": 8131000,
      "rd": 15173000,
      "sga": null,
      "fcf": -11812000,
      "ocf": -11812000,
      "capex": null,
      "gross_margin": 0.7673200744026327,
      "op_margin": -0.39648018314494204,
      "fcf_margin": -0.3380168836743454,
      "op_leverage_ratio": 0.6578094427975533,
      "fcf_margin_change": -0.49217386922844175
    },
    {
      "date": "2022-03-31T00:00:00",
      "quarter_label": "2022-03 (Q1)",
      "revenue": 50970000,
      "gross_profit": 35118000,
      "operating_income": -27107000,
      "net_income": -25222000,
      "opex": 62225000,
      "cogs": 15852000,
      "rd": 25737000,
      "sga": null,
      "fcf": -21537000,
      "ocf": -21537000,
      "capex": null,
      "gross_margin": 0.6889935256032961,
      "op_margin": -0.5318226407690798,
      "fcf_margin": -0.42254267216009417,
      "op_leverage_ratio": 0.8651836670625295,
      "fcf_margin_change": -0.08452578848574877
    },
    {
      "date": "2022-06-30T00:00:00",
      "quarter_label": "2022-06 (Q2)",
      "revenue": 48844000,
      "gross_profit": 29288000,
      "operating_income": -33468000,
      "net_income": -32985000,
      "opex": 62756000,
      "cogs": 19556000,
      "rd": 27031000,
      "sga": null,
      "fcf": -16991000,
      "ocf": -16991000,
      "capex": null,
      "gross_margin": 0.5996232904758005,
      "op_margin": -0.685201867168946,
      "fcf_margin": -0.34786258291704203,
      "incr_op_margin_yoy": -1.1185651353052235,
      "rev_growth_yoy": 0.9530568995161742,
      "fcf_margin_change": 0.07468008924305214
    },
    {
      "date": "2022-09-30T00:00:00",
      "quarter_label": "2022-09 (Q3)",
      "revenue": 57153000,
      "gross_profit": 39240000,
      "operating_income": -21124000,
      "net_income": -21119000,
      "opex": 60364000,
      "cogs": 17913000,
      "rd": 24569000,
      "sga": null,
      "fcf": -16369000,
      "ocf": -16369000,
      "capex": null,
      "gross_margin": 0.6865781323815023,
      "op_margin": -0.3696043952198485,
      "fcf_margin": -0.28640666281734994,
      "incr_op_margin_yoy": -0.48717948717948717,
      "rev_growth_yoy": 0.924537832104253,
      "rev_growth_yoy_accel": -0.02851906741192123,
      "op_leverage_ratio": Infinity,
      "fcf_margin_change": 0.061455920099692085
    },
    {
      "date": "2022-12-31T00:00:00",
      "quarter_label": "2022-12 (Q4)",
      "revenue": 71338000,
      "gross_profit": 44952000,
      "operating_income": -12712000,
      "net_income": -12303000,
      "opex": 57664000,
      "cogs": 26386000,
      "rd": 25143000,
      "sga": null,
      "fcf": -2158000,
      "ocf": -2158000,
      "capex": null,
      "gross_margin": 0.6301270010373153,
      "op_margin": -0.17819394992850934,
      "fcf_margin": -0.03025035745325072,
      "incr_op_margin_yoy": 0.03140713873547111,
      "rev_growth_yoy": 1.0414365431392187,
      "rev_growth_yoy_accel": 0.11689871103496574,
      "op_leverage_ratio": Infinity,
      "fcf_margin_change": 0.2561563053640992
    },
    {
      "date": "2023-03-31T00:00:00",
      "quarter_label": "2023-03 (Q1)",
      "revenue": 68143000,
      "gross_profit": 49830000,
      "operating_income": -14892000,
      "net_income": -14071000,
      "opex": 64722000,
      "cogs": 18313000,
      "rd": 27197000,
      "sga": null,
      "fcf": -9225000,
      "ocf": -9199000,
      "capex": -26000,
      "gross_margin": 0.7312563286030846,
      "op_margin": -0.21854042234712295,
      "fcf_margin": -0.13537707468118515,
      "incr_op_margin_yoy": 0.7112909800267863,
      "rev_growth_yoy": 0.3369236805964293,
      "rev_growth_yoy_accel": -0.7045128625427894,
      "fcf_margin_change": -0.10512671722793443
    },
    {
      "date": "2023-06-30T00:00:00",
      "quarter_label": "2023-06 (Q2)",
      "revenue": 70788000,
      "gross_profit": 54783000,
      "operating_income": -4243000,
      "net_income": -4413000,
      "opex": 59026000,
      "cogs": 16005000,
      "rd": 23182000,
      "sga": null,
      "fcf": 3671000,
      "ocf": 3671000,
      "capex": null,
      "gross_margin": 0.7739023563315817,
      "op_margin": -0.05993953777476409,
      "fcf_margin": 0.05185907215912301,
      "incr_op_margin_yoy": 1.3317991250455705,
      "rev_growth_yoy": 0.4492670542953075,
      "rev_growth_yoy_accel": 0.1123433736988782,
      "op_leverage_ratio": Infinity,
      "fcf_margin_change": 0.18723614684030815
    },
    {
      "date": "2023-09-30T00:00:00",
      "quarter_label": "2023-09 (Q3)",
      "revenue": 78624000,
      "gross_profit": 57885000,
      "operating_income": -6507000,
      "net_income": -6541000,
      "opex": 64392000,
      "cogs": 20739000,
      "rd": 24569000,
      "sga": null,
      "fcf": 4094000,
      "ocf": 4094000,
      "capex": null,
      "gross_margin": 0.73622557997558,
      "op_margin": -0.08276098901098901,
      "fcf_margin": 0.05207061457061457,
      "incr_op_margin_yoy": 0.6807787247915793,
      "rev_growth_yoy": 0.3756758175423862,
      "rev_growth_yoy_accel": -0.07359123675292129,
      "op_leverage_ratio": 1.2176640108492964,
      "fcf_margin_change": 0.00021154241149155817
    },
    {
      "date": "2023-12-31T00:00:00",
      "quarter_label": "2023-12 (Q4)",
      "revenue": 86963000,
      "gross_profit": 60139000,
      "operating_income": -4341000,
      "net_income": -3146000,
      "opex": 64480000,
      "cogs": 26824000,
      "rd": 26017000,
      "sga": null,
      "fcf": 8478000,
      "ocf": 8958000,
      "capex": -480000,
      "gross_margin": 0.6915469797500087,
      "op_margin": -0.04991778112530616,
      "fcf_margin": 0.09748973701459242,
      "incr_op_margin_yoy": 0.535744,
      "rev_growth_yoy": 0.2190277271580364,
      "rev_growth_yoy_accel": -0.15664809038434982,
      "op_leverage_ratio": 77.60828407703409,
      "fcf_margin_change": 0.04541912244397785
    },
    {
      "date": "2024-03-31T00:00:00",
      "quarter_label": "2024-03 (Q1)",
      "revenue": 78227000,
      "gross_profit": 60013000,
      "operating_income": -6379000,
      "net_income": -9777000,
      "opex": 66392000,
      "cogs": 18214000,
      "rd": 27258000,
      "sga": null,
      "fcf": 10688000,
      "ocf": 10688000,
      "capex": null,
      "gross_margin": 0.7671647896506322,
      "op_margin": -0.08154473519373107,
      "fcf_margin": 0.1366280184590998,
      "incr_op_margin_yoy": 0.8442086473621578,
      "rev_growth_yoy": 0.14798291827480445,
      "rev_growth_yoy_accel": -0.07104480888323195,
      "fcf_margin_change": 0.039138281444507386
    },
    {
      "date": "2024-06-30T00:00:00",
      "quarter_label": "2024-06 (Q2)",
      "revenue": 84863000,
      "gross_profit": 63626000,
      "operating_income": -2363000,
      "net_income": -10964000,
      "opex": 65989000,
      "cogs": 21237000,
      "rd": 27013000,
      "sga": null,
      "fcf": 3201000,
      "ocf": 3252000,
      "capex": -51000,
      "gross_margin": 0.7497495964083287,
      "op_margin": -0.027844879393846552,
      "fcf_margin": 0.03771961867951876,
      "incr_op_margin_yoy": 0.13357015985790407,
      "rev_growth_yoy": 0.1988331355596994,
      "rev_growth_yoy_accel": 0.050850217284894944,
      "op_leverage_ratio": Infinity,
      "fcf_margin_change": -0.09890839977958105
    },
    {
      "date": "2024-09-30T00:00:00",
      "quarter_label": "2024-09 (Q3)",
      "revenue": 92865000,
      "gross_profit": 70012000,
      "operating_income": -4951000,
      "net_income": 7689000,
      "opex": 74963000,
      "cogs": 22853000,
      "rd": 29012000,
      "sga": null,
      "fcf": 6337000,
      "ocf": 6349000,
      "capex": -12000,
      "gross_margin": 0.7539115920960534,
      "op_margin": -0.053313950358046626,
      "fcf_margin": 0.06823884132881064,
      "incr_op_margin_yoy": 0.10926199002879011,
      "rev_growth_yoy": 0.18112789987789987,
      "rev_growth_yoy_accel": -0.01770523568179952,
      "op_leverage_ratio": 0.6933709600366622,
      "fcf_margin_change": 0.030519222649291883
    },
    {
      "date": "2024-12-31T00:00:00",
      "quarter_label": "2024-12 (Q4)",
      "revenue": 115529000,
      "gross_profit": 85506000,
      "operating_income": 5717000,
      "net_income": 8498000,
      "opex": 79789000,
      "cogs": 30023000,
      "rd": 29788000,
      "sga": null,
      "fcf": 11199000,
      "ocf": 12323000,
      "capex": -1124000,
      "gross_margin": 0.7401258558457184,
      "op_margin": 0.049485410589548945,
      "fcf_margin": 0.09693669987622155,
      "incr_op_margin_yoy": 0.352096898410698,
      "rev_growth_yoy": 0.32848452790267124,
      "rev_growth_yoy_accel": 0.14735662802477137,
      "op_leverage_ratio": 3.7909158089887534,
      "fcf_margin_change": 0.028697858547410915
    },
    {
      "date": "2025-03-31T00:00:00",
      "quarter_label": "2025-03 (Q1)",
      "revenue": 103624000,
      "gross_profit": 83549000,
      "operating_income": 2189000,
      "net_income": 4378000,
      "opex": 81360000,
      "cogs": 20075000,
      "rd": 30403000,
      "sga": null,
      "fcf": 11936000,
      "ocf": 12060000,
      "capex": -124000,
      "gross_margin": 0.8062707480892457,
      "op_margin": 0.021124449934378137,
      "fcf_margin": 0.11518567127306416,
      "incr_op_margin_yoy": 0.33736268063157065,
      "rev_growth_yoy": 0.32465772687179617,
      "rev_growth_yoy_accel": -0.003826801030875071,
      "fcf_margin_change": 0.018248971396842603
    },
    {
      "date": "2025-06-30T00:00:00",
      "quarter_label": "2025-06 (Q2)",
      "revenue": 115381000,
      "gross_profit": 90501000,
      "operating_income": 1992000,
      "net_income": 7006000,
      "opex": 88509000,
      "cogs": 24880000,
      "rd": 32258000,
      "sga": null,
      "fcf": 12681000,
      "ocf": 13323000,
      "capex": -642000,
      "gross_margin": 0.784366576819407,
      "op_margin": 0.01726454095561661,
      "fcf_margin": 0.10990544370390272,
      "incr_op_margin_yoy": 0.14270266727832753,
      "rev_growth_yoy": 0.35961490873525565,
      "rev_growth_yoy_accel": 0.034957181863459474,
      "op_leverage_ratio": 1.2912246506374008,
      "fcf_margin_change": -0.005280227569161439
    },
    {
      "date": "2025-09-30T00:00:00",
      "quarter_label": "2025-09 (Q3)",
      "revenue": 124497000,
      "gross_profit": 97135000,
      "operating_income": 5691000,
      "net_income": 9793000,
      "opex": 91444000,
      "cogs": 27362000,
      "rd": 32410000,
      "sga": null,
      "fcf": 25648000,
      "ocf": 26447000,
      "capex": -799000,
      "gross_margin": 0.7802196036852294,
      "op_margin": 0.04571194486614135,
      "fcf_margin": 0.20601299629709952,
      "incr_op_margin_yoy": 0.3364314618108245,
      "rev_growth_yoy": 0.34062348570505574,
      "rev_growth_yoy_accel": -0.018991423030199905,
      "op_leverage_ratio": 2.3825901734018102,
      "fcf_margin_change": 0.0961075525931968
    }
  ],
  "signals": [
    {
      "quarter": "2025-09 (Q3)",
      "signal": "FCF MARGIN EXPANSION",
      "detail": "FCF margin: +11.0% -> +20.6% (+9.6%)",
      "severity": "MEDIUM"
    },
    {
      "quarter": "2025-09 (Q3)",
      "signal": "OPERATING LEVERAGE",
      "detail": "Rev growth +7.9% vs OpEx growth +3.3% (leverage: 2.4x)",
      "severity": "MEDIUM"
    },
    {
      "quarter": "2025-09 (Q3)",
      "signal": "OP MARGIN TURNED POSITIVE (YoY)",
      "detail": "Op margin: -5.3% (year-ago) -> +4.6%",
      "severity": "HIGH"
    },
    {
      "quarter": "2025-06 (Q2)",
      "signal": "OP MARGIN TURNED POSITIVE (YoY)",
      "detail": "Op margin: -2.8% (year-ago) -> +1.7%",
      "severity": "HIGH"
    },
    {
      "quarter": "2025-03 (Q1)",
      "signal": "GROSS MARGIN INFLECTION",
      "detail": "GM: +75.4% -> +74.0% -> +80.6% (reversal +6.6%)",
      "severity": "HIGH"
    },
    {
      "quarter": "2025-03 (Q1)",
      "signal": "OP MARGIN TURNED POSITIVE (YoY)",
      "detail": "Op margin: -8.2% (year-ago) -> +2.1%",
      "severity": "HIGH"
    },
    {
      "quarter": "2024-12 (Q4)",
      "signal": "OPERATING LEVERAGE",
      "detail": "Rev growth +24.4% vs OpEx growth +6.4% (leverage: 3.8x)",
      "severity": "MEDIUM"
    },
    {
      "quarter": "2024-12 (Q4)",
      "signal": "YoY REVENUE GROWTH ACCELERATION",
      "detail": "YoY growth: +32.8% vs prior quarter YoY: +18.1% (accel: +14.7%)",
      "severity": "MEDIUM"
    },
    {
      "quarter": "2024-12 (Q4)",
      "signal": "OP MARGIN TURNED POSITIVE (YoY)",
      "detail": "Op margin: -5.0% (year-ago) -> +4.9%",
      "severity": "HIGH"
    },
    {
      "quarter": "2024-12 (Q4)",
      "signal": "OP MARGIN TURNED POSITIVE (QoQ)",
      "detail": "Op margin: -5.3% -> +4.9%",
      "severity": "HIGH"
    },
    {
      "quarter": "2024-06 (Q2)",
      "signal": "YoY REVENUE GROWTH ACCELERATION",
      "detail": "YoY growth: +19.9% vs prior quarter YoY: +14.8% (accel: +5.1%)",
      "severity": "MEDIUM"
    },
    {
      "quarter": "2024-03 (Q1)",
      "signal": "GROSS MARGIN INFLECTION",
      "detail": "GM: +73.6% -> +69.2% -> +76.7% (reversal +7.6%)",
      "severity": "HIGH"
    },
    {
      "quarter": "2024-03 (Q1)",
      "signal": "YoY REVENUE GROWTH DECELERATION",
      "detail": "YoY growth: +14.8% vs prior quarter YoY: +21.9% (decel: -7.1%)",
      "severity": "WARNING"
    },
    {
      "quarter": "2023-12 (Q4)",
      "signal": "OPERATING LEVERAGE",
      "detail": "Rev growth +10.6% vs OpEx growth +0.1% (leverage: 77.6x)",
      "severity": "MEDIUM"
    },
    {
      "quarter": "2023-12 (Q4)",
      "signal": "YoY REVENUE GROWTH DECELERATION",
      "detail": "YoY growth: +21.9% vs prior quarter YoY: +37.6% (decel: -15.7%)",
      "severity": "WARNING"
    },
    {
      "quarter": "2023-09 (Q3)",
      "signal": "YoY REVENUE GROWTH DECELERATION",
      "detail": "YoY growth: +37.6% vs prior quarter YoY: +44.9% (decel: -7.4%)",
      "severity": "WARNING"
    },
    {
      "quarter": "2023-06 (Q2)",
      "signal": "FCF TURNED POSITIVE",
      "detail": "FCF margin: -13.5% -> +5.2%",
      "severity": "HIGH"
    },
    {
      "quarter": "2023-06 (Q2)",
      "signal": "YoY REVENUE GROWTH ACCELERATION",
      "detail": "YoY growth: +44.9% vs prior quarter YoY: +33.7% (accel: +11.2%)",
      "severity": "MEDIUM"
    },
    {
      "quarter": "2023-03 (Q1)",
      "signal": "GROSS MARGIN INFLECTION",
      "detail": "GM: +68.7% -> +63.0% -> +73.1% (reversal +10.1%)",
      "severity": "HIGH"
    },
    {
      "quarter": "2023-03 (Q1)",
      "signal": "YoY REVENUE GROWTH DECELERATION",
      "detail": "YoY growth: +33.7% vs prior quarter YoY: +104.1% (decel: -70.5%)",
      "severity": "WARNING"
    },
    {
      "quarter": "2022-12 (Q4)",
      "signal": "FCF MARGIN EXPANSION",
      "detail": "FCF margin: -28.6% -> -3.0% (+25.6%)",
      "severity": "MEDIUM"
    },
    {
      "quarter": "2022-12 (Q4)",
      "signal": "YoY REVENUE GROWTH ACCELERATION",
      "detail": "YoY growth: +104.1% vs prior quarter YoY: +92.5% (accel: +11.7%)",
      "severity": "MEDIUM"
    },
    {
      "quarter": "2022-09 (Q3)",
      "signal": "FCF MARGIN EXPANSION",
      "detail": "FCF margin: -34.8% -> -28.6% (+6.1%)",
      "severity": "MEDIUM"
    },
    {
      "quarter": "2022-09 (Q3)",
      "signal": "GROSS MARGIN INFLECTION",
      "detail": "GM: +68.9% -> +60.0% -> +68.7% (reversal +8.7%)",
      "severity": "HIGH"
    },
    {
      "quarter": "2022-06 (Q2)",
      "signal": "FCF MARGIN EXPANSION",
      "detail": "FCF margin: -42.3% -> -34.8% (+7.5%)",
      "severity": "MEDIUM"
    }
  ],
  "data_quality": {
    "n_quarters": 18,
    "coverage": {
      "revenue": [
        18,
        18
      ],
      "gross_profit": [
        18,
        18
      ],
      "op_income": [
        18,
        18
      ],
      "fcf": [
        17,
        18
      ]
    },
    "gaps": [],
    "warnings": []
  },
  "market_cap": null,
  "source": "SEC EDGAR",
  "last_updated": "2026-02-03T00:55:24.407850",
  "sector": "Technology",
  "industry": "Software - Application"
}