{
  "ticker": "LII",
  "name": "LENNOX INTERNATIONAL INC",
  "quarters": [
    {
      "date": "2020-12-31T00:00:00",
      "quarter_label": "2020-12 (Q4)",
      "revenue": 914000000,
      "gross_profit": 275300000,
      "operating_income": 139000000,
      "net_income": 111700000,
      "opex": 136300000,
      "cogs": 638700000,
      "rd": null,
      "sga": 143200000,
      "fcf": 143600000,
      "ocf": 166200000,
      "capex": -22600000,
      "gross_margin": 0.3012035010940919,
      "op_margin": 0.15207877461706784,
      "fcf_margin": 0.15711159737417943
    },
    {
      "date": "2021-03-31T00:00:00",
      "quarter_label": "2021-03 (Q1)",
      "revenue": 930500000,
      "gross_profit": 256500000,
      "operating_income": 114100000,
      "net_income": 84200000,
      "opex": 142400000,
      "cogs": 674000000,
      "rd": null,
      "sga": 145300000,
      "fcf": -42200000,
      "ocf": -17500000,
      "capex": -24700000,
      "gross_margin": 0.27565824825362706,
      "op_margin": 0.12262224610424503,
      "fcf_margin": -0.045351961311123054,
      "op_leverage_ratio": 0.4033701617821143,
      "fcf_margin_change": -0.20246355868530247
    },
    {
      "date": "2021-06-30T00:00:00",
      "quarter_label": "2021-06 (Q2)",
      "revenue": 1239000000,
      "gross_profit": 383200000,
      "operating_income": 216000000,
      "net_income": 170000000,
      "opex": 167200000,
      "cogs": 855800000,
      "rd": null,
      "sga": 167800000,
      "fcf": 171200000,
      "ocf": 192000000,
      "capex": -20800000,
      "gross_margin": 0.30928167877320417,
      "op_margin": 0.17433414043583534,
      "fcf_margin": 0.13817594834543986,
      "op_leverage_ratio": 1.9036938170598532,
      "fcf_margin_change": 0.1835279096565629
    },
    {
      "date": "2021-09-30T00:00:00",
      "quarter_label": "2021-09 (Q3)",
      "revenue": 1059900000,
      "gross_profit": 295200000,
      "operating_income": 162700000,
      "net_income": 126300000,
      "opex": 132500000,
      "cogs": 764700000,
      "rd": null,
      "sga": 134200000,
      "fcf": 198800000,
      "ocf": 221800000,
      "capex": -23000000,
      "gross_margin": 0.27851684121143505,
      "op_margin": 0.15350504764600434,
      "fcf_margin": 0.18756486460986885,
      "fcf_margin_change": 0.049388916264428984
    },
    {
      "date": "2021-12-31T00:00:00",
      "quarter_label": "2021-12 (Q4)",
      "revenue": 964800000,
      "gross_profit": 253600000,
      "operating_income": 97600000,
      "net_income": 83600000,
      "opex": 156000000,
      "cogs": 711200000,
      "rd": null,
      "sga": 151500000,
      "fcf": 80900000,
      "ocf": 119200000,
      "capex": -38300000,
      "gross_margin": 0.26285240464344944,
      "op_margin": 0.1011608623548922,
      "fcf_margin": 0.08385157545605307,
      "incr_op_margin_yoy": -0.8149606299212598,
      "rev_growth_yoy": 0.05557986870897155,
      "fcf_margin_change": -0.10371328915381578
    },
    {
      "date": "2022-03-31T00:00:00",
      "quarter_label": "2022-03 (Q1)",
      "revenue": 1013400000,
      "gross_profit": 268200000,
      "operating_income": 111900000,
      "net_income": 83600000,
      "opex": 156300000,
      "cogs": 745200000,
      "rd": null,
      "sga": 155300000,
      "fcf": -123700000,
      "ocf": -97900000,
      "capex": -25800000,
      "gross_margin": 0.26465364120781526,
      "op_margin": 0.11042036708111308,
      "fcf_margin": -0.1220643378725084,
      "incr_op_margin_yoy": -0.026537997587454766,
      "rev_growth_yoy": 0.0890918860827512,
      "rev_growth_yoy_accel": 0.03351201737377965,
      "op_leverage_ratio": 26.19402985074627,
      "fcf_margin_change": -0.20591591332856146
    },
    {
      "date": "2022-06-30T00:00:00",
      "quarter_label": "2022-06 (Q2)",
      "revenue": 1366300000,
      "gross_profit": 397100000,
      "operating_income": 226900000,
      "net_income": 177200000,
      "opex": 170200000,
      "cogs": 969200000,
      "rd": null,
      "sga": 169600000,
      "fcf": 76200000,
      "ocf": 97100000,
      "capex": -20900000,
      "gross_margin": 0.29063895191392813,
      "op_margin": 0.166068945326795,
      "fcf_margin": 0.05577106052843446,
      "incr_op_margin_yoy": 0.08562450903377848,
      "rev_growth_yoy": 0.10274414850686037,
      "rev_growth_yoy_accel": 0.013652262424109163,
      "op_leverage_ratio": 3.9157498157779282,
      "fcf_margin_change": 0.17783539840094287
    },
    {
      "date": "2022-09-30T00:00:00",
      "quarter_label": "2022-09 (Q3)",
      "revenue": 1244900000,
      "gross_profit": 334200000,
      "operating_income": 185800000,
      "net_income": 141900000,
      "opex": 148400000,
      "cogs": 910700000,
      "rd": null,
      "sga": 147300000,
      "fcf": 150600000,
      "ocf": 170900000,
      "capex": -20300000,
      "gross_margin": 0.26845529761426623,
      "op_margin": 0.14924893565748254,
      "fcf_margin": 0.12097357217447184,
      "incr_op_margin_yoy": 0.12486486486486487,
      "rev_growth_yoy": 0.17454476837437494,
      "rev_growth_yoy_accel": 0.07180061986751457,
      "fcf_margin_change": 0.06520251164603738
    },
    {
      "date": "2022-12-31T00:00:00",
      "quarter_label": "2022-12 (Q4)",
      "revenue": 1093800000,
      "gross_profit": 285200000,
      "operating_income": 131600000,
      "net_income": 94400000,
      "opex": 153600000,
      "cogs": 808600000,
      "rd": null,
      "sga": 155000000,
      "fcf": 98100000,
      "ocf": 132200000,
      "capex": -34100000,
      "gross_margin": 0.2607423660632657,
      "op_margin": 0.12031449990857561,
      "fcf_margin": 0.08968732857926495,
      "incr_op_margin_yoy": 0.26356589147286824,
      "rev_growth_yoy": 0.13370646766169153,
      "rev_growth_yoy_accel": -0.040838300712683406,
      "fcf_margin_change": -0.03128624359520689
    },
    {
      "date": "2023-03-31T00:00:00",
      "quarter_label": "2023-03 (Q1)",
      "revenue": 1049400000,
      "gross_profit": 306600000,
      "operating_income": 139500000,
      "net_income": 98000000,
      "opex": 167100000,
      "cogs": 742800000,
      "rd": null,
      "sga": 167500000,
      "fcf": -114200000,
      "ocf": -78800000,
      "capex": -35400000,
      "gross_margin": 0.292166952544311,
      "op_margin": 0.13293310463121785,
      "fcf_margin": -0.10882408995616542,
      "incr_op_margin_yoy": 0.7666666666666667,
      "rev_growth_yoy": 0.035523978685612786,
      "rev_growth_yoy_accel": -0.09818248897607874,
      "fcf_margin_change": -0.19851141853543036
    },
    {
      "date": "2023-06-30T00:00:00",
      "quarter_label": "2023-06 (Q2)",
      "revenue": 1411400000,
      "gross_profit": 457800000,
      "operating_income": 278800000,
      "net_income": 217200000,
      "opex": 179000000,
      "cogs": 953600000,
      "rd": null,
      "sga": 181300000,
      "fcf": 145600000,
      "ocf": 195500000,
      "capex": -49900000,
      "gross_margin": 0.3243587926881111,
      "op_margin": 0.1975343630437863,
      "fcf_margin": 0.1031599829956072,
      "incr_op_margin_yoy": 1.1507760532150777,
      "rev_growth_yoy": 0.033008856034545855,
      "rev_growth_yoy_accel": -0.002515122651066931,
      "op_leverage_ratio": 4.843920415507541,
      "fcf_margin_change": 0.21198407295177263
    },
    {
      "date": "2023-09-30T00:00:00",
      "quarter_label": "2023-09 (Q3)",
      "revenue": 1366300000,
      "gross_profit": 428500000,
      "operating_income": 186800000,
      "net_income": 130400000,
      "opex": 241700000,
      "cogs": 937800000,
      "rd": null,
      "sga": 178900000,
      "fcf": 273500000,
      "ocf": 313200000,
      "capex": -39700000,
      "gross_margin": 0.3136207275122594,
      "op_margin": 0.13671960769962674,
      "fcf_margin": 0.20017565688355413,
      "incr_op_margin_yoy": 0.008237232289950576,
      "rev_growth_yoy": 0.0975178729215198,
      "rev_growth_yoy_accel": 0.06450901688697394,
      "fcf_margin_change": 0.09701567388794692
    },
    {
      "date": "2023-12-31T00:00:00",
      "quarter_label": "2023-12 (Q4)",
      "revenue": 1154800000,
      "gross_profit": 354800000,
      "operating_income": 185300000,
      "net_income": 144500000,
      "opex": 169500000,
      "cogs": 800000000,
      "rd": null,
      "sga": 177900000,
      "fcf": 181100000,
      "ocf": 306300000,
      "capex": -125200000,
      "gross_margin": 0.3072393488049879,
      "op_margin": 0.16046068583304468,
      "fcf_margin": 0.15682369241427088,
      "incr_op_margin_yoy": 0.8803278688524591,
      "rev_growth_yoy": 0.05576887913695374,
      "rev_growth_yoy_accel": -0.041748993784566056,
      "fcf_margin_change": -0.043351964469283244
    },
    {
      "date": "2024-03-31T00:00:00",
      "quarter_label": "2024-03 (Q1)",
      "revenue": 1047100000,
      "gross_profit": 340000000,
      "operating_income": 166800000,
      "net_income": 124300000,
      "opex": 173200000,
      "cogs": 707100000,
      "rd": null,
      "sga": 170700000,
      "fcf": -52300000,
      "ocf": -22800000,
      "capex": -29500000,
      "gross_margin": 0.3247063317734696,
      "op_margin": 0.15929710629357272,
      "fcf_margin": -0.04994747397574253,
      "incr_op_margin_yoy": -11.869565217391305,
      "rev_growth_yoy": -0.0021917286068229465,
      "rev_growth_yoy_accel": -0.05796060774377669,
      "fcf_margin_change": -0.20677116639001342
    },
    {
      "date": "2024-06-30T00:00:00",
      "quarter_label": "2024-06 (Q2)",
      "revenue": 1451100000,
      "gross_profit": 488200000,
      "operating_income": 320100000,
      "net_income": 245900000,
      "opex": 168100000,
      "cogs": 962900000,
      "rd": null,
      "sga": 168500000,
      "fcf": 151300000,
      "ocf": 184000000,
      "capex": -32700000,
      "gross_margin": 0.33643442905382126,
      "op_margin": 0.22059127558403968,
      "fcf_margin": 0.1042657294466267,
      "incr_op_margin_yoy": 1.0403022670025188,
      "rev_growth_yoy": 0.028128099759104436,
      "rev_growth_yoy_accel": 0.030319828365927382,
      "op_leverage_ratio": Infinity,
      "fcf_margin_change": 0.15421320342236922
    },
    {
      "date": "2024-09-30T00:00:00",
      "quarter_label": "2024-09 (Q3)",
      "revenue": 1498100000,
      "gross_profit": 488400000,
      "operating_income": 303300000,
      "net_income": 239000000,
      "opex": 185100000,
      "cogs": 1009700000,
      "rd": null,
      "sga": 184400000,
      "fcf": 410900000,
      "ocf": 452100000,
      "capex": -41200000,
      "gross_margin": 0.3260129497363327,
      "op_margin": 0.20245644483011815,
      "fcf_margin": 0.2742807556237901,
      "incr_op_margin_yoy": 0.8839150227617603,
      "rev_growth_yoy": 0.09646490521847324,
      "rev_growth_yoy_accel": 0.06833680545936881,
      "op_leverage_ratio": 0.32027224782821956,
      "fcf_margin_change": 0.1700150261771634
    },
    {
      "date": "2024-12-31T00:00:00",
      "quarter_label": "2024-12 (Q4)",
      "revenue": 1345000000,
      "gross_profit": 455300000,
      "operating_income": 244600000,
      "net_income": 197700000,
      "opex": 210700000,
      "cogs": 889700000,
      "rd": null,
      "sga": 207000000,
      "fcf": 272200000,
      "ocf": 332400000,
      "capex": -60200000,
      "gross_margin": 0.33851301115241633,
      "op_margin": 0.18185873605947955,
      "fcf_margin": 0.20237918215613382,
      "incr_op_margin_yoy": 0.3117770767613039,
      "rev_growth_yoy": 0.16470384482161413,
      "rev_growth_yoy_accel": 0.06823893960314088,
      "fcf_margin_change": -0.0719015734676563
    },
    {
      "date": "2025-03-31T00:00:00",
      "quarter_label": "2025-03 (Q1)",
      "revenue": 1072600000,
      "gross_profit": 328500000,
      "operating_income": 155600000,
      "net_income": 120300000,
      "opex": 172900000,
      "cogs": 744100000,
      "rd": null,
      "sga": 171300000,
      "fcf": -61300000,
      "ocf": -35800000,
      "capex": -25500000,
      "gross_margin": 0.30626515010255456,
      "op_margin": 0.145068058922245,
      "fcf_margin": -0.057150848405743054,
      "incr_op_margin_yoy": -0.4392156862745098,
      "rev_growth_yoy": 0.02435297488301022,
      "rev_growth_yoy_accel": -0.1403508699386039,
      "fcf_margin_change": -0.25953003056187685
    },
    {
      "date": "2025-06-30T00:00:00",
      "quarter_label": "2025-06 (Q2)",
      "revenue": 1500900000,
      "gross_profit": 522500000,
      "operating_income": 354000000,
      "net_income": 277600000,
      "opex": 168500000,
      "cogs": 978400000,
      "rd": null,
      "sga": 173300000,
      "fcf": 58300000,
      "ocf": 86800000,
      "capex": -28500000,
      "gross_margin": 0.34812445865813846,
      "op_margin": 0.23585848490905456,
      "fcf_margin": 0.0388433606502765,
      "incr_op_margin_yoy": 0.6807228915662651,
      "rev_growth_yoy": 0.034318792640066154,
      "rev_growth_yoy_accel": 0.009965817757055934,
      "op_leverage_ratio": Infinity,
      "fcf_margin_change": 0.09599420905601955
    },
    {
      "date": "2025-09-30T00:00:00",
      "quarter_label": "2025-09 (Q3)",
      "revenue": 1426800000,
      "gross_profit": 468600000,
      "operating_income": 310200000,
      "net_income": 245800000,
      "opex": 158400000,
      "cogs": 958200000,
      "rd": null,
      "sga": 161600000,
      "fcf": 265100000,
      "ocf": 300700000,
      "capex": -35600000,
      "gross_margin": 0.32842724978973925,
      "op_margin": 0.21740958788898235,
      "fcf_margin": 0.18580039248668348,
      "incr_op_margin_yoy": -0.0967741935483871,
      "rev_growth_yoy": -0.04759361858353915,
      "rev_growth_yoy_accel": -0.0819124112236053,
      "fcf_margin_change": 0.146957031836407
    }
  ],
  "signals": [
    {
      "quarter": "2025-09 (Q3)",
      "signal": "FCF MARGIN EXPANSION",
      "detail": "FCF margin: +3.9% -> +18.6% (+14.7%)",
      "severity": "MEDIUM"
    },
    {
      "quarter": "2025-09 (Q3)",
      "signal": "YoY REVENUE GROWTH DECELERATION",
      "detail": "YoY growth: -4.8% vs prior quarter YoY: +3.4% (decel: -8.2%)",
      "severity": "WARNING"
    },
    {
      "quarter": "2025-06 (Q2)",
      "signal": "FCF TURNED POSITIVE",
      "detail": "FCF margin: -5.7% -> +3.9%",
      "severity": "HIGH"
    },
    {
      "quarter": "2025-06 (Q2)",
      "signal": "GROSS MARGIN INFLECTION",
      "detail": "GM: +33.9% -> +30.6% -> +34.8% (reversal +4.2%)",
      "severity": "MEDIUM"
    },
    {
      "quarter": "2025-06 (Q2)",
      "signal": "INCREMENTAL MARGIN (YoY)",
      "detail": "YoY Incr OPM: +68.1% vs year-ago OPM: +22.1%",
      "severity": "HIGH"
    },
    {
      "quarter": "2025-03 (Q1)",
      "signal": "YoY REVENUE GROWTH DECELERATION",
      "detail": "YoY growth: +2.4% vs prior quarter YoY: +16.5% (decel: -14.0%)",
      "severity": "WARNING"
    },
    {
      "quarter": "2024-12 (Q4)",
      "signal": "YoY REVENUE GROWTH ACCELERATION",
      "detail": "YoY growth: +16.5% vs prior quarter YoY: +9.6% (accel: +6.8%)",
      "severity": "MEDIUM"
    },
    {
      "quarter": "2024-12 (Q4)",
      "signal": "INCREMENTAL MARGIN (YoY)",
      "detail": "YoY Incr OPM: +31.2% vs year-ago OPM: +16.0%",
      "severity": "MEDIUM"
    },
    {
      "quarter": "2024-09 (Q3)",
      "signal": "FCF MARGIN EXPANSION",
      "detail": "FCF margin: +10.4% -> +27.4% (+17.0%)",
      "severity": "MEDIUM"
    },
    {
      "quarter": "2024-09 (Q3)",
      "signal": "YoY REVENUE GROWTH ACCELERATION",
      "detail": "YoY growth: +9.6% vs prior quarter YoY: +2.8% (accel: +6.8%)",
      "severity": "MEDIUM"
    },
    {
      "quarter": "2024-09 (Q3)",
      "signal": "INCREMENTAL MARGIN (YoY)",
      "detail": "YoY Incr OPM: +88.4% vs year-ago OPM: +13.7%",
      "severity": "HIGH"
    },
    {
      "quarter": "2024-06 (Q2)",
      "signal": "FCF TURNED POSITIVE",
      "detail": "FCF margin: -5.0% -> +10.4%",
      "severity": "HIGH"
    },
    {
      "quarter": "2024-06 (Q2)",
      "signal": "INCREMENTAL MARGIN (YoY)",
      "detail": "YoY Incr OPM: +104.0% vs year-ago OPM: +19.8%",
      "severity": "HIGH"
    },
    {
      "quarter": "2024-03 (Q1)",
      "signal": "YoY REVENUE GROWTH DECELERATION",
      "detail": "YoY growth: -0.2% vs prior quarter YoY: +5.6% (decel: -5.8%)",
      "severity": "WARNING"
    },
    {
      "quarter": "2023-12 (Q4)",
      "signal": "INCREMENTAL MARGIN (YoY)",
      "detail": "YoY Incr OPM: +88.0% vs year-ago OPM: +12.0%",
      "severity": "HIGH"
    },
    {
      "quarter": "2023-09 (Q3)",
      "signal": "FCF MARGIN EXPANSION",
      "detail": "FCF margin: +10.3% -> +20.0% (+9.7%)",
      "severity": "MEDIUM"
    },
    {
      "quarter": "2023-09 (Q3)",
      "signal": "YoY REVENUE GROWTH ACCELERATION",
      "detail": "YoY growth: +9.8% vs prior quarter YoY: +3.3% (accel: +6.5%)",
      "severity": "MEDIUM"
    },
    {
      "quarter": "2023-06 (Q2)",
      "signal": "FCF TURNED POSITIVE",
      "detail": "FCF margin: -10.9% -> +10.3%",
      "severity": "HIGH"
    },
    {
      "quarter": "2023-06 (Q2)",
      "signal": "OPERATING LEVERAGE",
      "detail": "Rev growth +34.5% vs OpEx growth +7.1% (leverage: 4.8x)",
      "severity": "MEDIUM"
    },
    {
      "quarter": "2023-06 (Q2)",
      "signal": "INCREMENTAL MARGIN (YoY)",
      "detail": "YoY Incr OPM: +115.1% vs year-ago OPM: +16.6%",
      "severity": "HIGH"
    },
    {
      "quarter": "2023-03 (Q1)",
      "signal": "GROSS MARGIN INFLECTION",
      "detail": "GM: +26.8% -> +26.1% -> +29.2% (reversal +3.1%)",
      "severity": "MEDIUM"
    },
    {
      "quarter": "2023-03 (Q1)",
      "signal": "YoY REVENUE GROWTH DECELERATION",
      "detail": "YoY growth: +3.6% vs prior quarter YoY: +13.4% (decel: -9.8%)",
      "severity": "WARNING"
    },
    {
      "quarter": "2023-03 (Q1)",
      "signal": "INCREMENTAL MARGIN (YoY)",
      "detail": "YoY Incr OPM: +76.7% vs year-ago OPM: +11.0%",
      "severity": "HIGH"
    },
    {
      "quarter": "2022-12 (Q4)",
      "signal": "INCREMENTAL MARGIN (YoY)",
      "detail": "YoY Incr OPM: +26.4% vs year-ago OPM: +10.1%",
      "severity": "MEDIUM"
    },
    {
      "quarter": "2022-09 (Q3)",
      "signal": "FCF MARGIN EXPANSION",
      "detail": "FCF margin: +5.6% -> +12.1% (+6.5%)",
      "severity": "MEDIUM"
    },
    {
      "quarter": "2022-09 (Q3)",
      "signal": "YoY REVENUE GROWTH ACCELERATION",
      "detail": "YoY growth: +17.5% vs prior quarter YoY: +10.3% (accel: +7.2%)",
      "severity": "MEDIUM"
    },
    {
      "quarter": "2022-06 (Q2)",
      "signal": "FCF TURNED POSITIVE",
      "detail": "FCF margin: -12.2% -> +5.6%",
      "severity": "HIGH"
    },
    {
      "quarter": "2022-06 (Q2)",
      "signal": "OPERATING LEVERAGE",
      "detail": "Rev growth +34.8% vs OpEx growth +8.9% (leverage: 3.9x)",
      "severity": "MEDIUM"
    },
    {
      "quarter": "2022-03 (Q1)",
      "signal": "OPERATING LEVERAGE",
      "detail": "Rev growth +5.0% vs OpEx growth +0.2% (leverage: 26.2x)",
      "severity": "MEDIUM"
    },
    {
      "quarter": "2021-06 (Q2)",
      "signal": "FCF TURNED POSITIVE",
      "detail": "FCF margin: -4.5% -> +13.8%",
      "severity": "HIGH"
    },
    {
      "quarter": "2021-06 (Q2)",
      "signal": "OPERATING LEVERAGE",
      "detail": "Rev growth +33.2% vs OpEx growth +17.4% (leverage: 1.9x)",
      "severity": "MEDIUM"
    },
    {
      "quarter": "2021-06 (Q2)",
      "signal": "GROSS MARGIN INFLECTION",
      "detail": "GM: +30.1% -> +27.6% -> +30.9% (reversal +3.4%)",
      "severity": "MEDIUM"
    }
  ],
  "data_quality": {
    "n_quarters": 20,
    "coverage": {
      "revenue": [
        20,
        20
      ],
      "gross_profit": [
        20,
        20
      ],
      "op_income": [
        20,
        20
      ],
      "fcf": [
        20,
        20
      ]
    },
    "gaps": [],
    "warnings": []
  },
  "market_cap": null,
  "source": "SEC EDGAR",
  "last_updated": "2026-02-02T20:21:44.723997",
  "sector": "Industrials",
  "industry": "Building Products & Equipment"
}