{
  "ticker": "LILA",
  "name": "LIBERTY LATIN AMERICA LTD.",
  "sector": "Communication Services",
  "industry": "Telecom Services",
  "quarters": [
    {
      "date": "2021-03-31T00:00:00",
      "quarter_label": "2021-03 (Q1)",
      "revenue": 1159900000,
      "gross_profit": 879700000,
      "operating_income": 178200000,
      "net_income": 87800000,
      "opex": 981700000,
      "cogs": 280200000,
      "rd": null,
      "sga": null,
      "fcf": 51100000,
      "ocf": 203500000,
      "capex": -152400000,
      "gross_margin": 0.7584274506422968,
      "op_margin": 0.1536339339598241,
      "fcf_margin": 0.044055522027761015
    },
    {
      "date": "2021-06-30T00:00:00",
      "quarter_label": "2021-06 (Q2)",
      "revenue": 1168000000,
      "gross_profit": 892300000,
      "operating_income": 160200000,
      "net_income": 4400000,
      "opex": 1007800000,
      "cogs": 275700000,
      "rd": null,
      "sga": null,
      "fcf": 25500000,
      "ocf": 240200000,
      "capex": -214700000,
      "gross_margin": 0.7639554794520548,
      "op_margin": 0.13715753424657534,
      "fcf_margin": 0.02183219178082192,
      "fcf_margin_change": -0.022223330246939097
    },
    {
      "date": "2021-09-30T00:00:00",
      "quarter_label": "2021-09 (Q3)",
      "revenue": 1192000000,
      "gross_profit": 901000000,
      "operating_income": 137400000,
      "net_income": 78200000,
      "opex": 1054600000,
      "cogs": 291000000,
      "rd": null,
      "sga": null,
      "fcf": 42200000,
      "ocf": 274100000,
      "capex": -231900000,
      "gross_margin": 0.7558724832214765,
      "op_margin": 0.11526845637583892,
      "fcf_margin": 0.03540268456375839,
      "op_leverage_ratio": 0.442483315770987,
      "fcf_margin_change": 0.013570492782936473
    },
    {
      "date": "2021-12-31T00:00:00",
      "quarter_label": "2021-12 (Q4)",
      "revenue": 1279100000,
      "gross_profit": 936000000,
      "operating_income": -394600000,
      "net_income": -610500000,
      "opex": 1673700000,
      "cogs": 343100000,
      "rd": null,
      "sga": null,
      "fcf": 41500000,
      "ocf": 298400000,
      "capex": -256900000,
      "gross_margin": 0.7317645219294817,
      "op_margin": -0.30849816277069814,
      "fcf_margin": 0.032444687671018685,
      "op_leverage_ratio": 0.12447119600979556,
      "fcf_margin_change": -0.002957996892739706
    },
    {
      "date": "2022-03-31T00:00:00",
      "quarter_label": "2022-03 (Q1)",
      "revenue": 1218700000,
      "gross_profit": 916500000,
      "operating_income": 188300000,
      "net_income": 83600000,
      "opex": 1030400000,
      "cogs": 302200000,
      "rd": null,
      "sga": null,
      "fcf": -53100000,
      "ocf": 122300000,
      "capex": -175400000,
      "gross_margin": 0.7520308525477968,
      "op_margin": 0.15450890292935096,
      "fcf_margin": -0.04357101829818659,
      "incr_op_margin_yoy": 0.1717687074829932,
      "rev_growth_yoy": 0.05069402534701267,
      "fcf_margin_change": -0.07601570596920527
    },
    {
      "date": "2022-06-30T00:00:00",
      "quarter_label": "2022-06 (Q2)",
      "revenue": 1217600000,
      "gross_profit": 918100000,
      "operating_income": -350200000,
      "net_income": -473000000,
      "opex": 1567800000,
      "cogs": 299500000,
      "rd": null,
      "sga": null,
      "fcf": 33100000,
      "ocf": 224800000,
      "capex": -191700000,
      "gross_margin": 0.7540243101182654,
      "op_margin": -0.2876149802890933,
      "fcf_margin": 0.027184625492772667,
      "incr_op_margin_yoy": -10.290322580645162,
      "rev_growth_yoy": 0.04246575342465753,
      "rev_growth_yoy_accel": -0.008228271922355139,
      "fcf_margin_change": 0.07075564379095925
    },
    {
      "date": "2022-09-30T00:00:00",
      "quarter_label": "2022-09 (Q3)",
      "revenue": 1222000000,
      "gross_profit": 922900000,
      "operating_income": 152900000,
      "net_income": 84100000,
      "opex": 1069100000,
      "cogs": 299100000,
      "rd": null,
      "sga": null,
      "fcf": -79300000,
      "ocf": 144700000,
      "capex": -224000000,
      "gross_margin": 0.7552373158756137,
      "op_margin": 0.1251227495908347,
      "fcf_margin": -0.06489361702127659,
      "incr_op_margin_yoy": 0.5166666666666667,
      "rev_growth_yoy": 0.025167785234899327,
      "rev_growth_yoy_accel": -0.017297968189758206,
      "fcf_margin_change": -0.09207824251404925
    },
    {
      "date": "2022-12-31T00:00:00",
      "quarter_label": "2022-12 (Q4)",
      "revenue": 1159200000,
      "gross_profit": 852000000,
      "operating_income": 106900000,
      "net_income": 138600000,
      "opex": 1051200000,
      "cogs": 307200000,
      "rd": null,
      "sga": null,
      "fcf": 151800000,
      "ocf": 377000000,
      "capex": -225200000,
      "gross_margin": 0.7349896480331263,
      "op_margin": 0.09221877156659765,
      "fcf_margin": 0.13095238095238096,
      "incr_op_margin_yoy": -4.182652210175146,
      "rev_growth_yoy": -0.09373778437964193,
      "rev_growth_yoy_accel": -0.11890556961454127,
      "fcf_margin_change": 0.19584599797365754
    },
    {
      "date": "2023-03-31T00:00:00",
      "quarter_label": "2023-03 (Q1)",
      "revenue": 1103800000,
      "gross_profit": 860400000,
      "operating_income": 113000000,
      "net_income": -49700000,
      "opex": 990800000,
      "cogs": 243400000,
      "rd": null,
      "sga": null,
      "fcf": -82300000,
      "ocf": 62400000,
      "capex": -144700000,
      "gross_margin": 0.7794890378691792,
      "op_margin": 0.10237361840913209,
      "fcf_margin": -0.0745606088059431,
      "incr_op_margin_yoy": 0.6553524804177546,
      "rev_growth_yoy": -0.09428079100681054,
      "rev_growth_yoy_accel": -0.0005430066271686074,
      "fcf_margin_change": -0.20551298975832405
    },
    {
      "date": "2023-06-30T00:00:00",
      "quarter_label": "2023-06 (Q2)",
      "revenue": 1122700000,
      "gross_profit": 889300000,
      "operating_income": 139500000,
      "net_income": 38200000,
      "opex": 983200000,
      "cogs": 233400000,
      "rd": null,
      "sga": null,
      "fcf": 33200000,
      "ocf": 225600000,
      "capex": -192400000,
      "gross_margin": 0.7921083103233277,
      "op_margin": 0.12425403046227844,
      "fcf_margin": 0.02957156854012648,
      "incr_op_margin_yoy": -5.160168598524763,
      "rev_growth_yoy": -0.07794021024967149,
      "rev_growth_yoy_accel": 0.016340580757139053,
      "op_leverage_ratio": null,
      "fcf_margin_change": 0.10413217734606958
    },
    {
      "date": "2023-09-30T00:00:00",
      "quarter_label": "2023-09 (Q3)",
      "revenue": 1125800000,
      "gross_profit": 866700000,
      "operating_income": 162700000,
      "net_income": 59700000,
      "opex": 963100000,
      "cogs": 259100000,
      "rd": null,
      "sga": null,
      "fcf": 218500000,
      "ocf": 218500000,
      "capex": null,
      "gross_margin": 0.7698525492982767,
      "op_margin": 0.1445194528335406,
      "fcf_margin": 0.1940842067862853,
      "incr_op_margin_yoy": -0.10187110187110188,
      "rev_growth_yoy": -0.07872340425531915,
      "rev_growth_yoy_accel": -0.0007831940056476638,
      "fcf_margin_change": 0.1645126382461588
    },
    {
      "date": "2023-12-31T00:00:00",
      "quarter_label": "2023-12 (Q4)",
      "revenue": 1163600000,
      "gross_profit": 883400000,
      "operating_income": 113000000,
      "net_income": -102800000,
      "opex": 1050600000,
      "cogs": 280200000,
      "rd": null,
      "sga": null,
      "fcf": 390500000,
      "ocf": 390500000,
      "capex": null,
      "gross_margin": 0.7591955998624957,
      "op_margin": 0.0971124097628051,
      "fcf_margin": 0.33559642488827773,
      "incr_op_margin_yoy": 1.3863636363636365,
      "rev_growth_yoy": 0.003795721187025535,
      "rev_growth_yoy_accel": 0.08251912544234469,
      "op_leverage_ratio": 0.36956759637591047,
      "fcf_margin_change": 0.14151221810199244
    },
    {
      "date": "2024-03-31T00:00:00",
      "quarter_label": "2024-03 (Q1)",
      "revenue": 1099400000,
      "gross_profit": 859200000,
      "operating_income": 92800000,
      "net_income": -500000,
      "opex": 1006600000,
      "cogs": 240200000,
      "rd": null,
      "sga": null,
      "fcf": 23300000,
      "ocf": 23300000,
      "capex": null,
      "gross_margin": 0.7815171911951974,
      "op_margin": 0.0844096780061852,
      "fcf_margin": 0.02119337820629434,
      "incr_op_margin_yoy": 4.590909090909091,
      "rev_growth_yoy": -0.003986229389382134,
      "rev_growth_yoy_accel": -0.007781950576407669,
      "fcf_margin_change": -0.3144030466819834
    },
    {
      "date": "2024-06-30T00:00:00",
      "quarter_label": "2024-06 (Q2)",
      "revenue": 1118000000,
      "gross_profit": 872700000,
      "operating_income": 110800000,
      "net_income": -42700000,
      "opex": 1007200000,
      "cogs": 245300000,
      "rd": null,
      "sga": null,
      "fcf": 156900000,
      "ocf": 156900000,
      "capex": null,
      "gross_margin": 0.7805903398926655,
      "op_margin": 0.09910554561717352,
      "fcf_margin": 0.14033989266547406,
      "incr_op_margin_yoy": 6.1063829787234045,
      "rev_growth_yoy": -0.004186336510198629,
      "rev_growth_yoy_accel": -0.00020010712081649455,
      "op_leverage_ratio": null,
      "fcf_margin_change": 0.11914651445917972
    },
    {
      "date": "2024-09-30T00:00:00",
      "quarter_label": "2024-09 (Q3)",
      "revenue": 1089200000,
      "gross_profit": 857300000,
      "operating_income": -379600000,
      "net_income": -435800000,
      "opex": 1468800000,
      "cogs": 231900000,
      "rd": null,
      "sga": null,
      "fcf": 177500000,
      "ocf": 177500000,
      "capex": null,
      "gross_margin": 0.787091443261109,
      "op_margin": -0.3485126698494308,
      "fcf_margin": 0.16296364304076386,
      "incr_op_margin_yoy": 14.816939890710383,
      "rev_growth_yoy": -0.03251021495825191,
      "rev_growth_yoy_accel": -0.028323878448053282,
      "fcf_margin_change": 0.022623750375289797
    },
    {
      "date": "2024-12-31T00:00:00",
      "quarter_label": "2024-12 (Q4)",
      "revenue": 1150300000,
      "gross_profit": 878300000,
      "operating_income": 127700000,
      "net_income": -178000000,
      "opex": 1022600000,
      "cogs": 272000000,
      "rd": null,
      "sga": null,
      "fcf": 398600000,
      "ocf": 398600000,
      "capex": null,
      "gross_margin": 0.7635399461010172,
      "op_margin": 0.11101451795183866,
      "fcf_margin": 0.3465182995740242,
      "incr_op_margin_yoy": -1.105263157894737,
      "rev_growth_yoy": -0.011430044688896529,
      "rev_growth_yoy_accel": 0.02108017026935538,
      "op_leverage_ratio": null,
      "fcf_margin_change": 0.18355465653326034
    },
    {
      "date": "2025-03-31T00:00:00",
      "quarter_label": "2025-03 (Q1)",
      "revenue": 1083500000,
      "gross_profit": 850900000,
      "operating_income": 128100000,
      "net_income": -136400000,
      "opex": 955400000,
      "cogs": 232600000,
      "rd": null,
      "sga": null,
      "fcf": 24600000,
      "ocf": 24600000,
      "capex": null,
      "gross_margin": 0.7853253345639133,
      "op_margin": 0.11822796492847254,
      "fcf_margin": 0.022704199353945548,
      "incr_op_margin_yoy": -2.220125786163522,
      "rev_growth_yoy": -0.014462434054939058,
      "rev_growth_yoy_accel": -0.0030323893660425295,
      "fcf_margin_change": -0.3238141002200786
    },
    {
      "date": "2025-06-30T00:00:00",
      "quarter_label": "2025-06 (Q2)",
      "revenue": 1086700000,
      "gross_profit": 854300000,
      "operating_income": -333000000,
      "net_income": -423300000,
      "opex": 1419700000,
      "cogs": 232400000,
      "rd": null,
      "sga": null,
      "fcf": 141200000,
      "ocf": 141200000,
      "capex": null,
      "gross_margin": 0.7861415294009386,
      "op_margin": -0.3064323180270544,
      "fcf_margin": 0.12993466458084107,
      "incr_op_margin_yoy": 14.178913738019169,
      "rev_growth_yoy": -0.027996422182468693,
      "rev_growth_yoy_accel": -0.013533988127529635,
      "fcf_margin_change": 0.10723046522689553
    },
    {
      "date": "2025-09-30T00:00:00",
      "quarter_label": "2025-09 (Q3)",
      "revenue": 1112500000,
      "gross_profit": 864900000,
      "operating_income": 187500000,
      "net_income": 3300000,
      "opex": 925000000,
      "cogs": 247600000,
      "rd": null,
      "sga": null,
      "fcf": 178200000,
      "ocf": 178200000,
      "capex": null,
      "gross_margin": 0.777438202247191,
      "op_margin": 0.16853932584269662,
      "fcf_margin": 0.16017977528089888,
      "incr_op_margin_yoy": 24.339055793991417,
      "rev_growth_yoy": 0.021391847227322805,
      "rev_growth_yoy_accel": 0.0493882694097915,
      "op_leverage_ratio": null,
      "fcf_margin_change": 0.03024511070005781
    },
    {
      "date": "2025-12-31T00:00:00",
      "quarter_label": "2025-12 (Q4)",
      "revenue": 1159500000,
      "gross_profit": 896200000,
      "operating_income": 125600000,
      "net_income": -54800000,
      "opex": 1033900000,
      "cogs": 263300000,
      "rd": null,
      "sga": null,
      "fcf": 461900000,
      "ocf": 461900000,
      "capex": null,
      "gross_margin": 0.7729193617938767,
      "op_margin": 0.10832255282449331,
      "fcf_margin": 0.3983613626563174,
      "incr_op_margin_yoy": -0.22826086956521738,
      "rev_growth_yoy": 0.007997913587759715,
      "rev_growth_yoy_accel": -0.01339393363956309,
      "op_leverage_ratio": 0.3588489594618297,
      "fcf_margin_change": 0.2381815873754185
    }
  ],
  "signals": [
    {
      "quarter": "2025-12 (Q4)",
      "signal": "FCF MARGIN EXPANSION",
      "detail": "FCF margin: +16.0% -> +39.8% (+23.8%)",
      "severity": "MEDIUM"
    },
    {
      "quarter": "2025-09 (Q3)",
      "signal": "OP MARGIN TURNED POSITIVE (YoY)",
      "detail": "Op margin: -34.9% (year-ago) -> +16.9%",
      "severity": "HIGH"
    },
    {
      "quarter": "2025-09 (Q3)",
      "signal": "OP MARGIN TURNED POSITIVE (QoQ)",
      "detail": "Op margin: -30.6% -> +16.9%",
      "severity": "HIGH"
    },
    {
      "quarter": "2025-06 (Q2)",
      "signal": "FCF MARGIN EXPANSION",
      "detail": "FCF margin: +2.3% -> +13.0% (+10.7%)",
      "severity": "MEDIUM"
    },
    {
      "quarter": "2025-03 (Q1)",
      "signal": "GROSS MARGIN INFLECTION",
      "detail": "GM: +78.7% -> +76.4% -> +78.5% (reversal +2.2%)",
      "severity": "MEDIUM"
    },
    {
      "quarter": "2024-12 (Q4)",
      "signal": "FCF MARGIN EXPANSION",
      "detail": "FCF margin: +16.3% -> +34.7% (+18.4%)",
      "severity": "MEDIUM"
    },
    {
      "quarter": "2024-12 (Q4)",
      "signal": "OP MARGIN TURNED POSITIVE (QoQ)",
      "detail": "Op margin: -34.9% -> +11.1%",
      "severity": "HIGH"
    },
    {
      "quarter": "2024-06 (Q2)",
      "signal": "FCF MARGIN EXPANSION",
      "detail": "FCF margin: +2.1% -> +14.0% (+11.9%)",
      "severity": "MEDIUM"
    },
    {
      "quarter": "2024-06 (Q2)",
      "signal": "OPERATING LEVERAGE",
      "detail": "Rev growth +1.7% vs OpEx growth +0.1% (leverage: 28.4x)",
      "severity": "MEDIUM"
    },
    {
      "quarter": "2024-06 (Q2)",
      "signal": "INCREMENTAL MARGIN (YoY)",
      "detail": "YoY Incr OPM: +610.6% vs year-ago OPM: +12.4%",
      "severity": "HIGH"
    },
    {
      "quarter": "2024-03 (Q1)",
      "signal": "GROSS MARGIN INFLECTION",
      "detail": "GM: +77.0% -> +75.9% -> +78.2% (reversal +2.2%)",
      "severity": "MEDIUM"
    },
    {
      "quarter": "2024-03 (Q1)",
      "signal": "INCREMENTAL MARGIN (YoY)",
      "detail": "YoY Incr OPM: +459.1% vs year-ago OPM: +10.2%",
      "severity": "HIGH"
    },
    {
      "quarter": "2023-12 (Q4)",
      "signal": "FCF MARGIN EXPANSION",
      "detail": "FCF margin: +19.4% -> +33.6% (+14.2%)",
      "severity": "MEDIUM"
    },
    {
      "quarter": "2023-12 (Q4)",
      "signal": "YoY REVENUE GROWTH ACCELERATION",
      "detail": "YoY growth: +0.4% vs prior quarter YoY: -7.9% (accel: +8.3%)",
      "severity": "MEDIUM"
    },
    {
      "quarter": "2023-12 (Q4)",
      "signal": "INCREMENTAL MARGIN (YoY)",
      "detail": "YoY Incr OPM: +138.6% vs year-ago OPM: +9.2%",
      "severity": "HIGH"
    },
    {
      "quarter": "2023-09 (Q3)",
      "signal": "FCF MARGIN EXPANSION",
      "detail": "FCF margin: +3.0% -> +19.4% (+16.5%)",
      "severity": "MEDIUM"
    },
    {
      "quarter": "2023-06 (Q2)",
      "signal": "FCF TURNED POSITIVE",
      "detail": "FCF margin: -7.5% -> +3.0%",
      "severity": "HIGH"
    },
    {
      "quarter": "2023-06 (Q2)",
      "signal": "OP MARGIN TURNED POSITIVE (YoY)",
      "detail": "Op margin: -28.8% (year-ago) -> +12.4%",
      "severity": "HIGH"
    },
    {
      "quarter": "2023-03 (Q1)",
      "signal": "GROSS MARGIN INFLECTION",
      "detail": "GM: +75.5% -> +73.5% -> +77.9% (reversal +4.4%)",
      "severity": "MEDIUM"
    },
    {
      "quarter": "2023-03 (Q1)",
      "signal": "INCREMENTAL MARGIN (YoY)",
      "detail": "YoY Incr OPM: +65.5% vs year-ago OPM: +15.5%",
      "severity": "HIGH"
    },
    {
      "quarter": "2022-12 (Q4)",
      "signal": "FCF TURNED POSITIVE",
      "detail": "FCF margin: -6.5% -> +13.1%",
      "severity": "HIGH"
    },
    {
      "quarter": "2022-12 (Q4)",
      "signal": "YoY REVENUE GROWTH DECELERATION",
      "detail": "YoY growth: -9.4% vs prior quarter YoY: +2.5% (decel: -11.9%)",
      "severity": "WARNING"
    },
    {
      "quarter": "2022-12 (Q4)",
      "signal": "OP MARGIN TURNED POSITIVE (YoY)",
      "detail": "Op margin: -30.8% (year-ago) -> +9.2%",
      "severity": "HIGH"
    },
    {
      "quarter": "2022-09 (Q3)",
      "signal": "INCREMENTAL MARGIN (YoY)",
      "detail": "YoY Incr OPM: +51.7% vs year-ago OPM: +11.5%",
      "severity": "HIGH"
    },
    {
      "quarter": "2022-09 (Q3)",
      "signal": "OP MARGIN TURNED POSITIVE (QoQ)",
      "detail": "Op margin: -28.8% -> +12.5%",
      "severity": "HIGH"
    },
    {
      "quarter": "2022-06 (Q2)",
      "signal": "FCF TURNED POSITIVE",
      "detail": "FCF margin: -4.4% -> +2.7%",
      "severity": "HIGH"
    },
    {
      "quarter": "2022-03 (Q1)",
      "signal": "GROSS MARGIN INFLECTION",
      "detail": "GM: +75.6% -> +73.2% -> +75.2% (reversal +2.0%)",
      "severity": "MEDIUM"
    },
    {
      "quarter": "2022-03 (Q1)",
      "signal": "OP MARGIN TURNED POSITIVE (QoQ)",
      "detail": "Op margin: -30.8% -> +15.5%",
      "severity": "HIGH"
    }
  ],
  "data_quality": {
    "n_quarters": 20,
    "coverage": {
      "revenue": [
        20,
        20
      ],
      "gross_profit": [
        20,
        20
      ],
      "op_income": [
        20,
        20
      ],
      "fcf": [
        20,
        20
      ]
    },
    "gaps": [],
    "warnings": []
  },
  "market_cap": null,
  "source": "SEC EDGAR",
  "last_updated": "2026-02-24T10:29:26.566936"
}