{
  "ticker": "LIN",
  "name": "Linde plc",
  "quarters": [
    {
      "date": "2020-12-31T00:00:00",
      "quarter_label": "2020-12 (Q4)",
      "revenue": 7272000000,
      "gross_profit": 3186000000,
      "operating_income": 1029000000,
      "net_income": 770000000,
      "opex": 2157000000,
      "cogs": 4086000000,
      "rd": 38000000,
      "sga": 802000000,
      "fcf": 1407000000,
      "ocf": 2434000000,
      "capex": -1027000000,
      "gross_margin": 0.4381188118811881,
      "op_margin": 0.1415016501650165,
      "fcf_margin": 0.19348184818481848
    },
    {
      "date": "2021-03-31T00:00:00",
      "quarter_label": "2021-03 (Q1)",
      "revenue": 7243000000,
      "gross_profit": 3189000000,
      "operating_income": 1213000000,
      "net_income": 980000000,
      "opex": 1976000000,
      "cogs": 4054000000,
      "rd": 35000000,
      "sga": 787000000,
      "fcf": 1347000000,
      "ocf": 2109000000,
      "capex": -762000000,
      "gross_margin": 0.44028717382300153,
      "op_margin": 0.16747204197155874,
      "fcf_margin": 0.18597266326107967,
      "fcf_margin_change": -0.00750918492373881
    },
    {
      "date": "2021-06-30T00:00:00",
      "quarter_label": "2021-06 (Q2)",
      "revenue": 7584000000,
      "gross_profit": 3390000000,
      "operating_income": 1142000000,
      "net_income": 841000000,
      "opex": 2248000000,
      "cogs": 4194000000,
      "rd": 34000000,
      "sga": 822000000,
      "fcf": 1083000000,
      "ocf": 1827000000,
      "capex": -744000000,
      "gross_margin": 0.44699367088607594,
      "op_margin": 0.15058016877637131,
      "fcf_margin": 0.14280063291139242,
      "op_leverage_ratio": 0.34202191162258083,
      "fcf_margin_change": -0.04317203034968725
    },
    {
      "date": "2021-09-30T00:00:00",
      "quarter_label": "2021-09 (Q3)",
      "revenue": 7668000000,
      "gross_profit": 3300000000,
      "operating_income": 1292000000,
      "net_income": 979000000,
      "opex": 2008000000,
      "cogs": 4368000000,
      "rd": 36000000,
      "sga": 793000000,
      "fcf": 1815000000,
      "ocf": 2556000000,
      "capex": -741000000,
      "gross_margin": 0.4303599374021909,
      "op_margin": 0.1684924360980699,
      "fcf_margin": 0.236697965571205,
      "op_leverage_ratio": Infinity,
      "fcf_margin_change": 0.0938973326598126
    },
    {
      "date": "2021-12-31T00:00:00",
      "quarter_label": "2021-12 (Q4)",
      "revenue": 8298000000,
      "gross_profit": 3371000000,
      "operating_income": 1337000000,
      "net_income": 1026000000,
      "opex": 2034000000,
      "cogs": 4927000000,
      "rd": 38000000,
      "sga": 787000000,
      "fcf": 2394000000,
      "ocf": 3233000000,
      "capex": -839000000,
      "gross_margin": 0.40624246806459385,
      "op_margin": 0.1611231622077609,
      "fcf_margin": 0.2885032537960954,
      "incr_op_margin_yoy": 0.3001949317738791,
      "rev_growth_yoy": 0.14108910891089108,
      "op_leverage_ratio": 6.345250993138317,
      "fcf_margin_change": 0.05180528822489042
    },
    {
      "date": "2022-03-31T00:00:00",
      "quarter_label": "2022-03 (Q1)",
      "revenue": 8211000000,
      "gross_profit": 3413000000,
      "operating_income": 1480000000,
      "net_income": 1174000000,
      "opex": 1933000000,
      "cogs": 4798000000,
      "rd": 35000000,
      "sga": 802000000,
      "fcf": 1351000000,
      "ocf": 2000000000,
      "capex": -649000000,
      "gross_margin": 0.4156619169406893,
      "op_margin": 0.1802460114480575,
      "fcf_margin": 0.16453537936913895,
      "incr_op_margin_yoy": 0.27582644628099173,
      "rev_growth_yoy": 0.1336462791660914,
      "rev_growth_yoy_accel": -0.007442829744799678,
      "fcf_margin_change": -0.12396787442695648
    },
    {
      "date": "2022-06-30T00:00:00",
      "quarter_label": "2022-06 (Q2)",
      "revenue": 8457000000,
      "gross_profit": 3517000000,
      "operating_income": 589000000,
      "net_income": 372000000,
      "opex": 2928000000,
      "cogs": 4940000000,
      "rd": 37000000,
      "sga": 771000000,
      "fcf": 1307000000,
      "ocf": 2133000000,
      "capex": -826000000,
      "gross_margin": 0.4158685112924205,
      "op_margin": 0.06964644673051909,
      "fcf_margin": 0.15454652950218753,
      "incr_op_margin_yoy": -0.6334478808705613,
      "rev_growth_yoy": 0.11511075949367089,
      "rev_growth_yoy_accel": -0.01853551967242051,
      "op_leverage_ratio": 0.058203329398178315,
      "fcf_margin_change": -0.009988849866951421
    },
    {
      "date": "2022-09-30T00:00:00",
      "quarter_label": "2022-09 (Q3)",
      "revenue": 8797000000,
      "gross_profit": 3512000000,
      "operating_income": 1613000000,
      "net_income": 1273000000,
      "opex": 1899000000,
      "cogs": 5285000000,
      "rd": 35000000,
      "sga": 770000000,
      "fcf": 1874000000,
      "ocf": 2636000000,
      "capex": -762000000,
      "gross_margin": 0.39922700920768445,
      "op_margin": 0.183357962941912,
      "fcf_margin": 0.21302716835284757,
      "incr_op_margin_yoy": 0.2843224092116918,
      "rev_growth_yoy": 0.14723526343244653,
      "rev_growth_yoy_accel": 0.03212450393877564,
      "op_leverage_ratio": Infinity,
      "fcf_margin_change": 0.058480638850660044
    },
    {
      "date": "2022-12-31T00:00:00",
      "quarter_label": "2022-12 (Q4)",
      "revenue": 7899000000,
      "gross_profit": 3472000000,
      "operating_income": 1687000000,
      "net_income": 1328000000,
      "opex": 1785000000,
      "cogs": 4427000000,
      "rd": 36000000,
      "sga": 764000000,
      "fcf": 1159000000,
      "ocf": 2095000000,
      "capex": -936000000,
      "gross_margin": 0.43954931003924547,
      "op_margin": 0.21357133814406887,
      "fcf_margin": 0.14672743385238637,
      "incr_op_margin_yoy": -0.8771929824561403,
      "rev_growth_yoy": -0.04808387563268257,
      "rev_growth_yoy_accel": -0.1953191390651291,
      "fcf_margin_change": -0.0662997345004612
    },
    {
      "date": "2023-03-31T00:00:00",
      "quarter_label": "2023-03 (Q1)",
      "revenue": 8193000000,
      "gross_profit": 3762000000,
      "operating_income": 1933000000,
      "net_income": 1516000000,
      "opex": 1829000000,
      "cogs": 4431000000,
      "rd": 36000000,
      "sga": 822000000,
      "fcf": 1079000000,
      "ocf": 1908000000,
      "capex": -829000000,
      "gross_margin": 0.45917246429879166,
      "op_margin": 0.23593311363358965,
      "fcf_margin": 0.13169779079702185,
      "incr_op_margin_yoy": -25.166666666666668,
      "rev_growth_yoy": -0.0021921812203142127,
      "rev_growth_yoy_accel": 0.04589169441236836,
      "op_leverage_ratio": 1.509943721299589,
      "fcf_margin_change": -0.015029643055364528
    },
    {
      "date": "2023-06-30T00:00:00",
      "quarter_label": "2023-06 (Q2)",
      "revenue": 8204000000,
      "gross_profit": 3888000000,
      "operating_income": 2011000000,
      "net_income": 1575000000,
      "opex": 1877000000,
      "cogs": 4316000000,
      "rd": 35000000,
      "sga": 833000000,
      "fcf": 1291000000,
      "ocf": 2150000000,
      "capex": -859000000,
      "gross_margin": 0.47391516333495853,
      "op_margin": 0.24512432959531935,
      "fcf_margin": 0.15736226231106779,
      "incr_op_margin_yoy": -5.620553359683795,
      "rev_growth_yoy": -0.029916045879153363,
      "rev_growth_yoy_accel": -0.02772386465883915,
      "fcf_margin_change": 0.02566447151404594
    },
    {
      "date": "2023-09-30T00:00:00",
      "quarter_label": "2023-09 (Q3)",
      "revenue": 8155000000,
      "gross_profit": 3841000000,
      "operating_income": 2052000000,
      "net_income": 1565000000,
      "opex": 1789000000,
      "cogs": 4314000000,
      "rd": 36000000,
      "sga": 808000000,
      "fcf": 1572000000,
      "ocf": 2520000000,
      "capex": -948000000,
      "gross_margin": 0.4709993868792152,
      "op_margin": 0.2516247700797057,
      "fcf_margin": 0.19276517473942367,
      "incr_op_margin_yoy": -0.6838006230529595,
      "rev_growth_yoy": -0.07297942480391043,
      "rev_growth_yoy_accel": -0.04306337892475706,
      "fcf_margin_change": 0.03540291242835589
    },
    {
      "date": "2023-12-31T00:00:00",
      "quarter_label": "2023-12 (Q4)",
      "revenue": 8302000000,
      "gross_profit": 3871000000,
      "operating_income": 2028000000,
      "net_income": 1543000000,
      "opex": 1843000000,
      "cogs": 4431000000,
      "rd": 39000000,
      "sga": 832000000,
      "fcf": 1576000000,
      "ocf": 2727000000,
      "capex": -1151000000,
      "gross_margin": 0.4662731871838111,
      "op_margin": 0.24427848711153938,
      "fcf_margin": 0.18983377499397736,
      "incr_op_margin_yoy": 0.8461538461538461,
      "rev_growth_yoy": 0.051019116343840994,
      "rev_growth_yoy_accel": 0.12399854114775141,
      "op_leverage_ratio": 0.5971864568431092,
      "fcf_margin_change": -0.002931399745446317
    },
    {
      "date": "2024-03-31T00:00:00",
      "quarter_label": "2024-03 (Q1)",
      "revenue": 8100000000,
      "gross_profit": 3884000000,
      "operating_income": 2095000000,
      "net_income": 1627000000,
      "opex": 1789000000,
      "cogs": 4216000000,
      "rd": 38000000,
      "sga": 860000000,
      "fcf": 906000000,
      "ocf": 1954000000,
      "capex": -1048000000,
      "gross_margin": 0.4795061728395062,
      "op_margin": 0.25864197530864197,
      "fcf_margin": 0.11185185185185186,
      "incr_op_margin_yoy": -1.7419354838709677,
      "rev_growth_yoy": -0.011351153423654338,
      "rev_growth_yoy_accel": -0.06237026976749533,
      "fcf_margin_change": -0.0779819231421255
    },
    {
      "date": "2024-06-30T00:00:00",
      "quarter_label": "2024-06 (Q2)",
      "revenue": 8267000000,
      "gross_profit": 4016000000,
      "operating_income": 2184000000,
      "net_income": 1663000000,
      "opex": 1832000000,
      "cogs": 4251000000,
      "rd": 36000000,
      "sga": 840000000,
      "fcf": 796000000,
      "ocf": 1929000000,
      "capex": -1133000000,
      "gross_margin": 0.4857868634329261,
      "op_margin": 0.26418289585097376,
      "fcf_margin": 0.09628644006290069,
      "incr_op_margin_yoy": 2.746031746031746,
      "rev_growth_yoy": 0.007679180887372013,
      "rev_growth_yoy_accel": 0.019030334311026353,
      "op_leverage_ratio": 0.8577749066896353,
      "fcf_margin_change": -0.01556541178895117
    },
    {
      "date": "2024-09-30T00:00:00",
      "quarter_label": "2024-09 (Q3)",
      "revenue": 8356000000,
      "gross_profit": 4000000000,
      "operating_income": 2086000000,
      "net_income": 1550000000,
      "opex": 1914000000,
      "cogs": 4356000000,
      "rd": 37000000,
      "sga": 823000000,
      "fcf": 1665000000,
      "ocf": 2731000000,
      "capex": -1066000000,
      "gross_margin": 0.47869794159885115,
      "op_margin": 0.24964097654380085,
      "fcf_margin": 0.19925801819052177,
      "incr_op_margin_yoy": 0.1691542288557214,
      "rev_growth_yoy": 0.0246474555487431,
      "rev_growth_yoy_accel": 0.01696827466137109,
      "op_leverage_ratio": 0.24052137944870436,
      "fcf_margin_change": 0.10297157812762109
    },
    {
      "date": "2024-12-31T00:00:00",
      "quarter_label": "2024-12 (Q4)",
      "revenue": 8282000000,
      "gross_profit": 3962000000,
      "operating_income": 2270000000,
      "net_income": 1725000000,
      "opex": 1692000000,
      "cogs": 4320000000,
      "rd": 39000000,
      "sga": 814000000,
      "fcf": 1559000000,
      "ocf": 2809000000,
      "capex": -1250000000,
      "gross_margin": 0.47838686307655154,
      "op_margin": 0.27408838444820094,
      "fcf_margin": 0.18823955566288336,
      "incr_op_margin_yoy": -12.1,
      "rev_growth_yoy": -0.002409058058299205,
      "rev_growth_yoy_accel": -0.027056513607042306,
      "fcf_margin_change": -0.011018462527638412
    },
    {
      "date": "2025-03-31T00:00:00",
      "quarter_label": "2025-03 (Q1)",
      "revenue": 8112000000,
      "gross_profit": 3955000000,
      "operating_income": 2184000000,
      "net_income": 1673000000,
      "opex": 1771000000,
      "cogs": 4157000000,
      "rd": 38000000,
      "sga": 786000000,
      "fcf": 891000000,
      "ocf": 2161000000,
      "capex": -1270000000,
      "gross_margin": 0.4875493096646943,
      "op_margin": 0.2692307692307692,
      "fcf_margin": 0.10983727810650888,
      "incr_op_margin_yoy": 7.416666666666667,
      "rev_growth_yoy": 0.0014814814814814814,
      "rev_growth_yoy_accel": 0.0038905395397806864,
      "fcf_margin_change": -0.07840227755637448
    },
    {
      "date": "2025-06-30T00:00:00",
      "quarter_label": "2025-06 (Q2)",
      "revenue": 8495000000,
      "gross_profit": 4189000000,
      "operating_income": 2354000000,
      "net_income": 1766000000,
      "opex": 1835000000,
      "cogs": 4306000000,
      "rd": 38000000,
      "sga": 870000000,
      "fcf": 954000000,
      "ocf": 2211000000,
      "capex": -1257000000,
      "gross_margin": 0.49311359623307827,
      "op_margin": 0.27710417892878164,
      "fcf_margin": 0.11230135373749264,
      "incr_op_margin_yoy": 0.7456140350877193,
      "rev_growth_yoy": 0.027579533083343412,
      "rev_growth_yoy_accel": 0.02609805160186193,
      "op_leverage_ratio": 1.3065000154092703,
      "fcf_margin_change": 0.0024640756309837614
    },
    {
      "date": "2025-09-30T00:00:00",
      "quarter_label": "2025-09 (Q3)",
      "revenue": 8615000000,
      "gross_profit": 4236000000,
      "operating_income": 2367000000,
      "net_income": 1929000000,
      "opex": 1869000000,
      "cogs": 4379000000,
      "rd": 36000000,
      "sga": 897000000,
      "fcf": 1672000000,
      "ocf": 2948000000,
      "capex": -1276000000,
      "gross_margin": 0.49170052234474754,
      "op_margin": 0.2747533372025537,
      "fcf_margin": 0.19408009286128844,
      "incr_op_margin_yoy": 1.084942084942085,
      "rev_growth_yoy": 0.03099569171852561,
      "rev_growth_yoy_accel": 0.0034161586351821975,
      "op_leverage_ratio": 0.762386178721047,
      "fcf_margin_change": 0.0817787391237958
    }
  ],
  "signals": [
    {
      "quarter": "2025-09 (Q3)",
      "signal": "FCF MARGIN EXPANSION",
      "detail": "FCF margin: +11.2% -> +19.4% (+8.2%)",
      "severity": "MEDIUM"
    },
    {
      "quarter": "2025-09 (Q3)",
      "signal": "INCREMENTAL MARGIN (YoY)",
      "detail": "YoY Incr OPM: +108.5% vs year-ago OPM: +25.0%",
      "severity": "HIGH"
    },
    {
      "quarter": "2025-06 (Q2)",
      "signal": "INCREMENTAL MARGIN (YoY)",
      "detail": "YoY Incr OPM: +74.6% vs year-ago OPM: +26.4%",
      "severity": "HIGH"
    },
    {
      "quarter": "2025-03 (Q1)",
      "signal": "INCREMENTAL MARGIN (YoY)",
      "detail": "YoY Incr OPM: +741.7% vs year-ago OPM: +25.9%",
      "severity": "HIGH"
    },
    {
      "quarter": "2024-09 (Q3)",
      "signal": "FCF MARGIN EXPANSION",
      "detail": "FCF margin: +9.6% -> +19.9% (+10.3%)",
      "severity": "MEDIUM"
    },
    {
      "quarter": "2024-06 (Q2)",
      "signal": "INCREMENTAL MARGIN (YoY)",
      "detail": "YoY Incr OPM: +274.6% vs year-ago OPM: +24.5%",
      "severity": "HIGH"
    },
    {
      "quarter": "2024-03 (Q1)",
      "signal": "YoY REVENUE GROWTH DECELERATION",
      "detail": "YoY growth: -1.1% vs prior quarter YoY: +5.1% (decel: -6.2%)",
      "severity": "WARNING"
    },
    {
      "quarter": "2023-12 (Q4)",
      "signal": "YoY REVENUE GROWTH ACCELERATION",
      "detail": "YoY growth: +5.1% vs prior quarter YoY: -7.3% (accel: +12.4%)",
      "severity": "MEDIUM"
    },
    {
      "quarter": "2023-12 (Q4)",
      "signal": "INCREMENTAL MARGIN (YoY)",
      "detail": "YoY Incr OPM: +84.6% vs year-ago OPM: +21.4%",
      "severity": "HIGH"
    },
    {
      "quarter": "2023-03 (Q1)",
      "signal": "OPERATING LEVERAGE",
      "detail": "Rev growth +3.7% vs OpEx growth +2.5% (leverage: 1.5x)",
      "severity": "MEDIUM"
    },
    {
      "quarter": "2022-12 (Q4)",
      "signal": "GROSS MARGIN INFLECTION",
      "detail": "GM: +41.6% -> +39.9% -> +44.0% (reversal +4.0%)",
      "severity": "MEDIUM"
    },
    {
      "quarter": "2022-12 (Q4)",
      "signal": "YoY REVENUE GROWTH DECELERATION",
      "detail": "YoY growth: -4.8% vs prior quarter YoY: +14.7% (decel: -19.5%)",
      "severity": "WARNING"
    },
    {
      "quarter": "2022-09 (Q3)",
      "signal": "FCF MARGIN EXPANSION",
      "detail": "FCF margin: +15.5% -> +21.3% (+5.8%)",
      "severity": "MEDIUM"
    },
    {
      "quarter": "2022-09 (Q3)",
      "signal": "INCREMENTAL MARGIN (YoY)",
      "detail": "YoY Incr OPM: +28.4% vs year-ago OPM: +16.8%",
      "severity": "MEDIUM"
    },
    {
      "quarter": "2022-03 (Q1)",
      "signal": "INCREMENTAL MARGIN (YoY)",
      "detail": "YoY Incr OPM: +27.6% vs year-ago OPM: +16.7%",
      "severity": "MEDIUM"
    },
    {
      "quarter": "2021-12 (Q4)",
      "signal": "FCF MARGIN EXPANSION",
      "detail": "FCF margin: +23.7% -> +28.9% (+5.2%)",
      "severity": "MEDIUM"
    },
    {
      "quarter": "2021-12 (Q4)",
      "signal": "OPERATING LEVERAGE",
      "detail": "Rev growth +8.2% vs OpEx growth +1.3% (leverage: 6.3x)",
      "severity": "MEDIUM"
    },
    {
      "quarter": "2021-12 (Q4)",
      "signal": "INCREMENTAL MARGIN (YoY)",
      "detail": "YoY Incr OPM: +30.0% vs year-ago OPM: +14.2%",
      "severity": "MEDIUM"
    },
    {
      "quarter": "2021-09 (Q3)",
      "signal": "FCF MARGIN EXPANSION",
      "detail": "FCF margin: +14.3% -> +23.7% (+9.4%)",
      "severity": "MEDIUM"
    }
  ],
  "data_quality": {
    "n_quarters": 20,
    "coverage": {
      "revenue": [
        20,
        20
      ],
      "gross_profit": [
        20,
        20
      ],
      "op_income": [
        20,
        20
      ],
      "fcf": [
        20,
        20
      ]
    },
    "gaps": [],
    "warnings": []
  },
  "market_cap": null,
  "source": "SEC EDGAR",
  "last_updated": "2026-02-02T19:46:10.868569",
  "sector": "Basic Materials",
  "industry": "Specialty Chemicals"
}