{
  "ticker": "LINC",
  "name": "LINCOLN EDUCATIONAL SERVICES CORPORATION",
  "quarters": [
    {
      "date": "2020-12-31T00:00:00",
      "quarter_label": "2020-12 (Q4)",
      "revenue": 81792000,
      "gross_profit": 50329000,
      "operating_income": 11126000,
      "net_income": 46020000,
      "opex": 70666000,
      "cogs": 31463000,
      "rd": null,
      "sga": 39188000,
      "fcf": 11237000,
      "ocf": 13263000,
      "capex": -2026000,
      "gross_margin": 0.615329127543036,
      "op_margin": 0.13602797339593115,
      "fcf_margin": 0.13738507433489827
    },
    {
      "date": "2021-03-31T00:00:00",
      "quarter_label": "2021-03 (Q1)",
      "revenue": 77996000,
      "gross_profit": 45652000,
      "operating_income": 6019000,
      "net_income": 4489000,
      "opex": 71977000,
      "cogs": 32344000,
      "rd": null,
      "sga": 39633000,
      "fcf": -9518000,
      "ocf": -8299000,
      "capex": -1219000,
      "gross_margin": 0.5853120672855018,
      "op_margin": 0.077170624134571,
      "fcf_margin": -0.12203189907174727,
      "fcf_margin_change": -0.25941697340664555
    },
    {
      "date": "2021-06-30T00:00:00",
      "quarter_label": "2021-06 (Q2)",
      "revenue": 80464000,
      "gross_profit": 46770000,
      "operating_income": 3452000,
      "net_income": 2426000,
      "opex": 77012000,
      "cogs": 33694000,
      "rd": null,
      "sga": 43318000,
      "fcf": 7069000,
      "ocf": 9366000,
      "capex": -2297000,
      "gross_margin": 0.5812537283754226,
      "op_margin": 0.0429011731954663,
      "fcf_margin": 0.08785295287333465,
      "op_leverage_ratio": 0.4523421846347327,
      "fcf_margin_change": 0.20988485194508194
    },
    {
      "date": "2021-09-30T00:00:00",
      "quarter_label": "2021-09 (Q3)",
      "revenue": 89059000,
      "gross_profit": 50954000,
      "operating_income": 5745000,
      "net_income": 3839000,
      "opex": 83314000,
      "cogs": 38105000,
      "rd": null,
      "sga": 45209000,
      "fcf": 14947000,
      "ocf": 16683000,
      "capex": -1736000,
      "gross_margin": 0.5721375717221168,
      "op_margin": 0.06450779820119247,
      "fcf_margin": 0.1678325604374628,
      "op_leverage_ratio": 1.3053418623270339,
      "fcf_margin_change": 0.07997960756412816
    },
    {
      "date": "2021-12-31T00:00:00",
      "quarter_label": "2021-12 (Q4)",
      "revenue": 87816000,
      "gross_profit": 53028000,
      "operating_income": 34044000,
      "net_income": 23964000,
      "opex": 53772000,
      "cogs": 34788000,
      "rd": null,
      "sga": 40764000,
      "fcf": 7418000,
      "ocf": 9697000,
      "capex": -2279000,
      "gross_margin": 0.6038535118884941,
      "op_margin": 0.3876742279311287,
      "fcf_margin": 0.08447207798123349,
      "incr_op_margin_yoy": 3.804448871181939,
      "rev_growth_yoy": 0.07365023474178403,
      "fcf_margin_change": -0.08336048245622932
    },
    {
      "date": "2022-03-31T00:00:00",
      "quarter_label": "2022-03 (Q1)",
      "revenue": 82554000,
      "gross_profit": 46358000,
      "operating_income": -326000,
      "net_income": 272000,
      "opex": 82880000,
      "cogs": 36196000,
      "rd": null,
      "sga": 46684000,
      "fcf": -15421000,
      "ocf": -14367000,
      "capex": -1054000,
      "gross_margin": 0.5615475930905831,
      "op_margin": -0.00394893039707343,
      "fcf_margin": -0.1867989437216852,
      "incr_op_margin_yoy": -1.3920579201404124,
      "rev_growth_yoy": 0.058438894302271914,
      "rev_growth_yoy_accel": -0.015211340439512118,
      "fcf_margin_change": -0.2712710217029187
    },
    {
      "date": "2022-06-30T00:00:00",
      "quarter_label": "2022-06 (Q2)",
      "revenue": 82142000,
      "gross_profit": 46036000,
      "operating_income": 396000,
      "net_income": 259000,
      "opex": 81746000,
      "cogs": 36106000,
      "rd": null,
      "sga": 45835000,
      "fcf": 1847000,
      "ocf": 4375000,
      "capex": -2528000,
      "gross_margin": 0.5604441089820068,
      "op_margin": 0.004820919870468214,
      "fcf_margin": 0.022485452022108058,
      "incr_op_margin_yoy": -1.8212157330154946,
      "rev_growth_yoy": 0.020854046530125275,
      "rev_growth_yoy_accel": -0.03758484777214664,
      "fcf_margin_change": 0.20928439574379326
    },
    {
      "date": "2022-09-30T00:00:00",
      "quarter_label": "2022-09 (Q3)",
      "revenue": 91813000,
      "gross_profit": 51880000,
      "operating_income": 4880000,
      "net_income": 3544000,
      "opex": 86933000,
      "cogs": 39933000,
      "rd": null,
      "sga": 46984000,
      "fcf": 7133000,
      "ocf": 10604000,
      "capex": -3471000,
      "gross_margin": 0.565061592584928,
      "op_margin": 0.053151514491411894,
      "fcf_margin": 0.077690523128533,
      "incr_op_margin_yoy": -0.3140885984023239,
      "rev_growth_yoy": 0.030923320495401925,
      "rev_growth_yoy_accel": 0.01006927396527665,
      "op_leverage_ratio": 1.8554804094722774,
      "fcf_margin_change": 0.05520507110642495
    },
    {
      "date": "2022-12-31T00:00:00",
      "quarter_label": "2022-12 (Q4)",
      "revenue": 91777000,
      "gross_profit": 55265000,
      "operating_income": 11327000,
      "net_income": 8558000,
      "opex": 80450000,
      "cogs": 36512000,
      "rd": null,
      "sga": 42888000,
      "fcf": -1663000,
      "ocf": 270000,
      "capex": -1933000,
      "gross_margin": 0.6021661200518649,
      "op_margin": 0.12341872146616255,
      "fcf_margin": -0.01812000828094185,
      "incr_op_margin_yoy": -5.735167886897248,
      "rev_growth_yoy": 0.045105675503325136,
      "rev_growth_yoy_accel": 0.014182355007923211,
      "fcf_margin_change": -0.09581053140947485
    },
    {
      "date": "2023-03-31T00:00:00",
      "quarter_label": "2023-03 (Q1)",
      "revenue": 87284000,
      "gross_profit": 49191000,
      "operating_income": -1116000,
      "net_income": -109000,
      "opex": 88400000,
      "cogs": 38093000,
      "rd": null,
      "sga": 50307000,
      "fcf": -3463000,
      "ocf": -214000,
      "capex": -3249000,
      "gross_margin": 0.5635740800146648,
      "op_margin": -0.012785848494569452,
      "fcf_margin": -0.03967508363503047,
      "incr_op_margin_yoy": -0.16701902748414377,
      "rev_growth_yoy": 0.057295830607844565,
      "rev_growth_yoy_accel": 0.012190155104519429,
      "fcf_margin_change": -0.021555075354088623
    },
    {
      "date": "2023-06-30T00:00:00",
      "quarter_label": "2023-06 (Q2)",
      "revenue": 88646000,
      "gross_profit": 48616000,
      "operating_income": 23515000,
      "net_income": 17250000,
      "opex": 65131000,
      "cogs": 40030000,
      "rd": null,
      "sga": 51814000,
      "fcf": 2965000,
      "ocf": 10617000,
      "capex": -7652000,
      "gross_margin": 0.5484285810978499,
      "op_margin": 0.2652685964397717,
      "fcf_margin": 0.03344764569185299,
      "incr_op_margin_yoy": 3.554581795817958,
      "rev_growth_yoy": 0.07917995666041733,
      "rev_growth_yoy_accel": 0.021884126052572762,
      "op_leverage_ratio": Infinity,
      "fcf_margin_change": 0.07312272932688346
    },
    {
      "date": "2023-09-30T00:00:00",
      "quarter_label": "2023-09 (Q3)",
      "revenue": 99618000,
      "gross_profit": 56489000,
      "operating_income": 1996000,
      "net_income": 2064000,
      "opex": 97622000,
      "cogs": 43129000,
      "rd": null,
      "sga": 54485000,
      "fcf": -24575000,
      "ocf": -6791000,
      "capex": -17784000,
      "gross_margin": 0.5670561545102291,
      "op_margin": 0.020036539581200184,
      "fcf_margin": -0.2466923648336646,
      "incr_op_margin_yoy": -0.3695067264573991,
      "rev_growth_yoy": 0.08500974807489135,
      "rev_growth_yoy_accel": 0.005829791414474025,
      "op_leverage_ratio": 0.24811403034264334,
      "fcf_margin_change": -0.2801400105255176
    },
    {
      "date": "2023-12-31T00:00:00",
      "quarter_label": "2023-12 (Q4)",
      "revenue": 102522000,
      "gross_profit": 61498000,
      "operating_income": 8961000,
      "net_income": 6792000,
      "opex": 93561000,
      "cogs": 41024000,
      "rd": null,
      "sga": 52532000,
      "fcf": 9932000,
      "ocf": 21946000,
      "capex": -12014000,
      "gross_margin": 0.5998517391389165,
      "op_margin": 0.08740563001111956,
      "fcf_margin": 0.09687676791322838,
      "incr_op_margin_yoy": -0.2201954397394137,
      "rev_growth_yoy": 0.1170772633666387,
      "rev_growth_yoy_accel": 0.03206751529174735,
      "op_leverage_ratio": Infinity,
      "fcf_margin_change": 0.343569132746893
    },
    {
      "date": "2024-03-31T00:00:00",
      "quarter_label": "2024-03 (Q1)",
      "revenue": 103366000,
      "gross_profit": 60343000,
      "operating_income": -458000,
      "net_income": -214000,
      "opex": 103824000,
      "cogs": 43023000,
      "rd": null,
      "sga": 60492000,
      "fcf": -16618000,
      "ocf": -14934000,
      "capex": -1684000,
      "gross_margin": 0.5837799663332237,
      "op_margin": -0.004430857341872569,
      "fcf_margin": -0.1607685312385117,
      "incr_op_margin_yoy": 0.040915309041164034,
      "rev_growth_yoy": 0.1842491178222813,
      "rev_growth_yoy_accel": 0.06717185445564258,
      "fcf_margin_change": -0.25764529915174006
    },
    {
      "date": "2024-06-30T00:00:00",
      "quarter_label": "2024-06 (Q2)",
      "revenue": 102914000,
      "gross_profit": 57353000,
      "operating_income": -1116000,
      "net_income": -682000,
      "opex": 104030000,
      "cogs": 45561000,
      "rd": null,
      "sga": 57865000,
      "fcf": -2706000,
      "ocf": 8335000,
      "capex": -11041000,
      "gross_margin": 0.5572905532774939,
      "op_margin": -0.010844005674640963,
      "fcf_margin": -0.02629379870571545,
      "incr_op_margin_yoy": -1.7263106251752172,
      "rev_growth_yoy": 0.16095480901563522,
      "rev_growth_yoy_accel": -0.02329430880664607,
      "fcf_margin_change": 0.13447473253279624
    },
    {
      "date": "2024-09-30T00:00:00",
      "quarter_label": "2024-09 (Q3)",
      "revenue": 114410000,
      "gross_profit": 66355000,
      "operating_income": 5822000,
      "net_income": 3953000,
      "opex": 108588000,
      "cogs": 48055000,
      "rd": null,
      "sga": 63339000,
      "fcf": -13763000,
      "ocf": 5606000,
      "capex": -19369000,
      "gross_margin": 0.5799755266148064,
      "op_margin": 0.05088716021326807,
      "fcf_margin": -0.12029542872126563,
      "incr_op_margin_yoy": 0.25865332612222824,
      "rev_growth_yoy": 0.1484872211849264,
      "rev_growth_yoy_accel": -0.01246758783070881,
      "op_leverage_ratio": 2.5495091463878174,
      "fcf_margin_change": -0.09400163001555017
    },
    {
      "date": "2024-12-31T00:00:00",
      "quarter_label": "2024-12 (Q4)",
      "revenue": 119373000,
      "gross_profit": 74253000,
      "operating_income": 10929000,
      "net_income": 6834000,
      "opex": 108444000,
      "cogs": 45120000,
      "rd": null,
      "sga": 62106000,
      "fcf": 5527000,
      "ocf": 30299000,
      "capex": -24772000,
      "gross_margin": 0.6220250810484783,
      "op_margin": 0.09155336633912191,
      "fcf_margin": 0.046300252150821376,
      "incr_op_margin_yoy": 0.11678832116788321,
      "rev_growth_yoy": 0.16436472171826536,
      "rev_growth_yoy_accel": 0.015877500533338945,
      "op_leverage_ratio": Infinity,
      "fcf_margin_change": 0.166595680872087
    },
    {
      "date": "2025-03-31T00:00:00",
      "quarter_label": "2025-03 (Q1)",
      "revenue": 117506000,
      "gross_profit": 70097000,
      "operating_income": 3413000,
      "net_income": 1944000,
      "opex": 114093000,
      "cogs": 47409000,
      "rd": null,
      "sga": 66904000,
      "fcf": -28267000,
      "ocf": -8378000,
      "capex": -19889000,
      "gross_margin": 0.5965397511616428,
      "op_margin": 0.02904532534508876,
      "fcf_margin": -0.24055792895681924,
      "incr_op_margin_yoy": 0.2737623762376238,
      "rev_growth_yoy": 0.13679546465955925,
      "rev_growth_yoy_accel": -0.02756925705870611,
      "fcf_margin_change": -0.2868581811076406
    },
    {
      "date": "2025-06-30T00:00:00",
      "quarter_label": "2025-06 (Q2)",
      "revenue": 116474000,
      "gross_profit": 69683000,
      "operating_income": 2878000,
      "net_income": 1554000,
      "opex": 113596000,
      "cogs": 46791000,
      "rd": null,
      "sga": 67061000,
      "fcf": -26088000,
      "ocf": 299000,
      "capex": -26387000,
      "gross_margin": 0.5982708587324209,
      "op_margin": 0.024709377200061815,
      "fcf_margin": -0.22398131771897592,
      "incr_op_margin_yoy": 0.29454277286135694,
      "rev_growth_yoy": 0.13176049905746545,
      "rev_growth_yoy_accel": -0.005034965602093794,
      "fcf_margin_change": 0.01657661123784332
    },
    {
      "date": "2025-09-30T00:00:00",
      "quarter_label": "2025-09 (Q3)",
      "revenue": 141389000,
      "gross_profit": 84106000,
      "operating_income": 6285000,
      "net_income": 3799000,
      "opex": 135104000,
      "cogs": 57283000,
      "rd": null,
      "sga": 77811000,
      "fcf": 2031000,
      "ocf": 23882000,
      "capex": -21851000,
      "gross_margin": 0.5948553282079936,
      "op_margin": 0.044451831472038135,
      "fcf_margin": 0.01436462525373261,
      "incr_op_margin_yoy": 0.017161495978353536,
      "rev_growth_yoy": 0.23580980683506686,
      "rev_growth_yoy_accel": 0.10404930777760141,
      "op_leverage_ratio": 1.129782679331433,
      "fcf_margin_change": 0.23834594297270853
    }
  ],
  "signals": [
    {
      "quarter": "2025-09 (Q3)",
      "signal": "FCF TURNED POSITIVE",
      "detail": "FCF margin: -22.4% -> +1.4%",
      "severity": "HIGH"
    },
    {
      "quarter": "2025-09 (Q3)",
      "signal": "YoY REVENUE GROWTH ACCELERATION",
      "detail": "YoY growth: +23.6% vs prior quarter YoY: +13.2% (accel: +10.4%)",
      "severity": "MEDIUM"
    },
    {
      "quarter": "2025-06 (Q2)",
      "signal": "OP MARGIN TURNED POSITIVE (YoY)",
      "detail": "Op margin: -1.1% (year-ago) -> +2.5%",
      "severity": "HIGH"
    },
    {
      "quarter": "2025-03 (Q1)",
      "signal": "OP MARGIN TURNED POSITIVE (YoY)",
      "detail": "Op margin: -0.4% (year-ago) -> +2.9%",
      "severity": "HIGH"
    },
    {
      "quarter": "2024-12 (Q4)",
      "signal": "FCF TURNED POSITIVE",
      "detail": "FCF margin: -12.0% -> +4.6%",
      "severity": "HIGH"
    },
    {
      "quarter": "2024-09 (Q3)",
      "signal": "OPERATING LEVERAGE",
      "detail": "Rev growth +11.2% vs OpEx growth +4.4% (leverage: 2.5x)",
      "severity": "MEDIUM"
    },
    {
      "quarter": "2024-09 (Q3)",
      "signal": "GROSS MARGIN INFLECTION",
      "detail": "GM: +58.4% -> +55.7% -> +58.0% (reversal +2.3%)",
      "severity": "MEDIUM"
    },
    {
      "quarter": "2024-09 (Q3)",
      "signal": "INCREMENTAL MARGIN (YoY)",
      "detail": "YoY Incr OPM: +25.9% vs year-ago OPM: +2.0%",
      "severity": "HIGH"
    },
    {
      "quarter": "2024-09 (Q3)",
      "signal": "OP MARGIN TURNED POSITIVE (QoQ)",
      "detail": "Op margin: -1.1% -> +5.1%",
      "severity": "HIGH"
    },
    {
      "quarter": "2024-06 (Q2)",
      "signal": "FCF MARGIN EXPANSION",
      "detail": "FCF margin: -16.1% -> -2.6% (+13.4%)",
      "severity": "MEDIUM"
    },
    {
      "quarter": "2024-03 (Q1)",
      "signal": "YoY REVENUE GROWTH ACCELERATION",
      "detail": "YoY growth: +18.4% vs prior quarter YoY: +11.7% (accel: +6.7%)",
      "severity": "MEDIUM"
    },
    {
      "quarter": "2023-12 (Q4)",
      "signal": "FCF TURNED POSITIVE",
      "detail": "FCF margin: -24.7% -> +9.7%",
      "severity": "HIGH"
    },
    {
      "quarter": "2023-06 (Q2)",
      "signal": "FCF TURNED POSITIVE",
      "detail": "FCF margin: -4.0% -> +3.3%",
      "severity": "HIGH"
    },
    {
      "quarter": "2023-06 (Q2)",
      "signal": "INCREMENTAL MARGIN (YoY)",
      "detail": "YoY Incr OPM: +355.5% vs year-ago OPM: +0.5%",
      "severity": "HIGH"
    },
    {
      "quarter": "2023-06 (Q2)",
      "signal": "OP MARGIN TURNED POSITIVE (QoQ)",
      "detail": "Op margin: -1.3% -> +26.5%",
      "severity": "HIGH"
    },
    {
      "quarter": "2022-09 (Q3)",
      "signal": "FCF MARGIN EXPANSION",
      "detail": "FCF margin: +2.2% -> +7.8% (+5.5%)",
      "severity": "MEDIUM"
    },
    {
      "quarter": "2022-09 (Q3)",
      "signal": "OPERATING LEVERAGE",
      "detail": "Rev growth +11.8% vs OpEx growth +6.3% (leverage: 1.9x)",
      "severity": "MEDIUM"
    },
    {
      "quarter": "2022-06 (Q2)",
      "signal": "FCF TURNED POSITIVE",
      "detail": "FCF margin: -18.7% -> +2.2%",
      "severity": "HIGH"
    },
    {
      "quarter": "2022-06 (Q2)",
      "signal": "OP MARGIN TURNED POSITIVE (QoQ)",
      "detail": "Op margin: -0.4% -> +0.5%",
      "severity": "HIGH"
    },
    {
      "quarter": "2021-12 (Q4)",
      "signal": "GROSS MARGIN INFLECTION",
      "detail": "GM: +58.1% -> +57.2% -> +60.4% (reversal +3.2%)",
      "severity": "MEDIUM"
    },
    {
      "quarter": "2021-12 (Q4)",
      "signal": "INCREMENTAL MARGIN (YoY)",
      "detail": "YoY Incr OPM: +380.4% vs year-ago OPM: +13.6%",
      "severity": "HIGH"
    },
    {
      "quarter": "2021-09 (Q3)",
      "signal": "FCF MARGIN EXPANSION",
      "detail": "FCF margin: +8.8% -> +16.8% (+8.0%)",
      "severity": "MEDIUM"
    },
    {
      "quarter": "2021-06 (Q2)",
      "signal": "FCF TURNED POSITIVE",
      "detail": "FCF margin: -12.2% -> +8.8%",
      "severity": "HIGH"
    }
  ],
  "data_quality": {
    "n_quarters": 20,
    "coverage": {
      "revenue": [
        20,
        20
      ],
      "gross_profit": [
        20,
        20
      ],
      "op_income": [
        20,
        20
      ],
      "fcf": [
        20,
        20
      ]
    },
    "gaps": [],
    "warnings": []
  },
  "market_cap": null,
  "source": "SEC EDGAR",
  "last_updated": "2026-02-02T22:07:52.498259"
}