{
  "ticker": "LIND",
  "name": "LINDBLAD EXPEDITIONS HOLDINGS, INC.",
  "quarters": [
    {
      "date": "2020-12-31T00:00:00",
      "quarter_label": "2020-12 (Q4)",
      "revenue": 365000,
      "gross_profit": -9578000,
      "operating_income": -29090000,
      "net_income": -29764000,
      "opex": 29455000,
      "cogs": 9943000,
      "rd": null,
      "sga": null,
      "fcf": -23206000,
      "ocf": -20518000,
      "capex": -2688000,
      "gross_margin": -26.24109589041096,
      "op_margin": -79.6986301369863,
      "fcf_margin": -63.57808219178082
    },
    {
      "date": "2021-03-31T00:00:00",
      "quarter_label": "2021-03 (Q1)",
      "revenue": 1780000,
      "gross_profit": -6499000,
      "operating_income": -31066000,
      "net_income": -33244000,
      "opex": 32846000,
      "cogs": 8279000,
      "rd": null,
      "sga": null,
      "fcf": -10720000,
      "ocf": -6920000,
      "capex": -3800000,
      "gross_margin": -3.651123595505618,
      "op_margin": -17.452808988764044,
      "fcf_margin": -6.022471910112359,
      "op_leverage_ratio": 33.67400815211902,
      "fcf_margin_change": 57.555610281668464
    },
    {
      "date": "2021-06-30T00:00:00",
      "quarter_label": "2021-06 (Q2)",
      "revenue": 15266000,
      "gross_profit": -4125000,
      "operating_income": -32588000,
      "net_income": -35298000,
      "opex": 47854000,
      "cogs": 19391000,
      "rd": null,
      "sga": null,
      "fcf": 7319000,
      "ocf": 28758000,
      "capex": -21439000,
      "gross_margin": -0.270208306039565,
      "op_margin": -2.134678370234508,
      "fcf_margin": 0.4794314162190489,
      "op_leverage_ratio": 16.581462021753193,
      "fcf_margin_change": 6.501903326331408
    },
    {
      "date": "2021-09-30T00:00:00",
      "quarter_label": "2021-09 (Q3)",
      "revenue": 64507000,
      "gross_profit": 18907000,
      "operating_income": -17652000,
      "net_income": -24338000,
      "opex": 82159000,
      "cogs": 45600000,
      "rd": null,
      "sga": null,
      "fcf": -64193000,
      "ocf": -318000,
      "capex": -63875000,
      "gross_margin": 0.29309997364627094,
      "op_margin": -0.273644720727983,
      "fcf_margin": -0.9951323112220379,
      "op_leverage_ratio": 4.499481056076882,
      "fcf_margin_change": -1.4745637274410868
    },
    {
      "date": "2021-12-31T00:00:00",
      "quarter_label": "2021-12 (Q4)",
      "revenue": 65552000,
      "gross_profit": 14338000,
      "operating_income": -29528000,
      "net_income": -26329000,
      "opex": 95080000,
      "cogs": 51214000,
      "rd": null,
      "sga": null,
      "fcf": 3401000,
      "ocf": 10975000,
      "capex": -7574000,
      "gross_margin": 0.2187271174029778,
      "op_margin": -0.45045154991457165,
      "fcf_margin": 0.051882474981693925,
      "incr_op_margin_yoy": -0.006719131115099636,
      "rev_growth_yoy": 178.5945205479452,
      "op_leverage_ratio": 0.10300740911390313,
      "fcf_margin_change": 1.0470147862037318
    },
    {
      "date": "2022-03-31T00:00:00",
      "quarter_label": "2022-03 (Q1)",
      "revenue": 67846000,
      "gross_profit": 9899000,
      "operating_income": -34245000,
      "net_income": -41721000,
      "opex": 102091000,
      "cogs": 57947000,
      "rd": null,
      "sga": null,
      "fcf": -2360000,
      "ocf": 5162000,
      "capex": -7522000,
      "gross_margin": 0.14590395896589334,
      "op_margin": -0.5047460425080329,
      "fcf_margin": -0.034784659375644844,
      "incr_op_margin_yoy": -0.04811854811854812,
      "rev_growth_yoy": 37.11573033707865,
      "rev_growth_yoy_accel": -141.47879021086655,
      "op_leverage_ratio": 0.4745879126378587,
      "fcf_margin_change": -0.08666713435733878
    },
    {
      "date": "2022-06-30T00:00:00",
      "quarter_label": "2022-06 (Q2)",
      "revenue": 90910000,
      "gross_profit": 28411000,
      "operating_income": -19314000,
      "net_income": -28756000,
      "opex": 110224000,
      "cogs": 62499000,
      "rd": null,
      "sga": null,
      "fcf": -2550000,
      "ocf": 13478000,
      "capex": -16028000,
      "gross_margin": 0.31251787482125176,
      "op_margin": -0.2124518754812452,
      "fcf_margin": -0.028049719502804972,
      "incr_op_margin_yoy": 0.17547987943524931,
      "rev_growth_yoy": 4.9550635398925715,
      "rev_growth_yoy_accel": -32.16066679718608,
      "op_leverage_ratio": 4.267239975950482,
      "fcf_margin_change": 0.006734939872839872
    },
    {
      "date": "2022-09-30T00:00:00",
      "quarter_label": "2022-09 (Q3)",
      "revenue": 144783000,
      "gross_profit": 57207000,
      "operating_income": 5808000,
      "net_income": -8726000,
      "opex": 138975000,
      "cogs": 87576000,
      "rd": null,
      "sga": null,
      "fcf": -23887000,
      "ocf": -17871000,
      "capex": -6016000,
      "gross_margin": 0.3951223555251652,
      "op_margin": 0.04011520689583722,
      "fcf_margin": -0.164984839380314,
      "incr_op_margin_yoy": 0.2922417659076187,
      "rev_growth_yoy": 1.2444540902537709,
      "rev_growth_yoy_accel": -3.7106094496388007,
      "op_leverage_ratio": 2.271866018148973,
      "fcf_margin_change": -0.13693511987750903
    },
    {
      "date": "2022-12-31T00:00:00",
      "quarter_label": "2022-12 (Q4)",
      "revenue": 117960000,
      "gross_profit": 42766000,
      "operating_income": -15295000,
      "net_income": -32178000,
      "opex": 133255000,
      "cogs": 75194000,
      "rd": null,
      "sga": null,
      "fcf": -11611000,
      "ocf": -2972000,
      "capex": -8639000,
      "gross_margin": 0.3625466259749067,
      "op_margin": -0.1296625974906748,
      "fcf_margin": -0.09843167175313666,
      "incr_op_margin_yoy": 0.2715806747061517,
      "rev_growth_yoy": 0.7994874298267025,
      "rev_growth_yoy_accel": -0.44496666042706834,
      "fcf_margin_change": 0.06655316762717733
    },
    {
      "date": "2023-03-31T00:00:00",
      "quarter_label": "2023-03 (Q1)",
      "revenue": 143395000,
      "gross_profit": 71345000,
      "operating_income": 12466000,
      "net_income": 621000,
      "opex": 130929000,
      "cogs": 72050000,
      "rd": null,
      "sga": null,
      "fcf": -4367000,
      "ocf": 2058000,
      "capex": -6425000,
      "gross_margin": 0.49754175529132816,
      "op_margin": 0.08693469088880365,
      "fcf_margin": -0.030454339412113392,
      "incr_op_margin_yoy": 0.6182874690598155,
      "rev_growth_yoy": 1.113536538631607,
      "rev_growth_yoy_accel": 0.31404910880490444,
      "op_leverage_ratio": Infinity,
      "fcf_margin_change": 0.06797733234102327
    },
    {
      "date": "2023-06-30T00:00:00",
      "quarter_label": "2023-06 (Q2)",
      "revenue": 124798000,
      "gross_profit": 47144000,
      "operating_income": -8500000,
      "net_income": -24470000,
      "opex": 133298000,
      "cogs": 77654000,
      "rd": null,
      "sga": null,
      "fcf": 9153000,
      "ocf": 17446000,
      "capex": -8293000,
      "gross_margin": 0.37776246414205356,
      "op_margin": -0.06811006586644017,
      "fcf_margin": 0.07334252151476786,
      "incr_op_margin_yoy": 0.31911000944287066,
      "rev_growth_yoy": 0.37276427235727644,
      "rev_growth_yoy_accel": -0.7407722662743306,
      "fcf_margin_change": 0.10379686092688126
    },
    {
      "date": "2023-09-30T00:00:00",
      "quarter_label": "2023-09 (Q3)",
      "revenue": 175989000,
      "gross_profit": 80399000,
      "operating_income": 20476000,
      "net_income": 5638000,
      "opex": 155513000,
      "cogs": 95590000,
      "rd": null,
      "sga": null,
      "fcf": 7804000,
      "ocf": 15809000,
      "capex": -8005000,
      "gross_margin": 0.4568410525657854,
      "op_margin": 0.11634818085221235,
      "fcf_margin": 0.044343680570944774,
      "incr_op_margin_yoy": 0.4700378132410434,
      "rev_growth_yoy": 0.21553635440624935,
      "rev_growth_yoy_accel": -0.15722791795102709,
      "op_leverage_ratio": 2.4612929273810007,
      "fcf_margin_change": -0.028998840943823087
    },
    {
      "date": "2023-12-31T00:00:00",
      "quarter_label": "2023-12 (Q4)",
      "revenue": 125360000,
      "gross_profit": 48277000,
      "operating_income": -13845000,
      "net_income": -27405000,
      "opex": 139205000,
      "cogs": 77083000,
      "rd": null,
      "sga": null,
      "fcf": -17112000,
      "ocf": -9872000,
      "capex": -7240000,
      "gross_margin": 0.38510689215060623,
      "op_margin": -0.11044192724952138,
      "fcf_margin": -0.13650287172941927,
      "incr_op_margin_yoy": 0.19594594594594594,
      "rev_growth_yoy": 0.06273312987453374,
      "rev_growth_yoy_accel": -0.15280322453171563,
      "fcf_margin_change": -0.18084655230036406
    },
    {
      "date": "2024-03-31T00:00:00",
      "quarter_label": "2024-03 (Q1)",
      "revenue": 153614000,
      "gross_profit": 74312000,
      "operating_income": 7850000,
      "net_income": -3979000,
      "opex": 145764000,
      "cogs": 79302000,
      "rd": null,
      "sga": null,
      "fcf": 37448000,
      "ocf": 43916000,
      "capex": -6468000,
      "gross_margin": 0.4837579908081295,
      "op_margin": 0.05110211308865077,
      "fcf_margin": 0.24377986381449607,
      "incr_op_margin_yoy": -0.4517076034837068,
      "rev_growth_yoy": 0.0712646884479933,
      "rev_growth_yoy_accel": 0.008531558573459566,
      "op_leverage_ratio": 4.78341610192224,
      "fcf_margin_change": 0.38028273554391534
    },
    {
      "date": "2024-06-30T00:00:00",
      "quarter_label": "2024-06 (Q2)",
      "revenue": 136499000,
      "gross_profit": 57858000,
      "operating_income": -8208000,
      "net_income": -24667000,
      "opex": 144707000,
      "cogs": 78641000,
      "rd": null,
      "sga": null,
      "fcf": 11225000,
      "ocf": 18650000,
      "capex": -7425000,
      "gross_margin": 0.42387123715192054,
      "op_margin": -0.060132308661601915,
      "fcf_margin": 0.08223503468889883,
      "incr_op_margin_yoy": 0.02495513203999658,
      "rev_growth_yoy": 0.09375951537684898,
      "rev_growth_yoy_accel": 0.022494826928855682,
      "fcf_margin_change": -0.16154482912559726
    },
    {
      "date": "2024-09-30T00:00:00",
      "quarter_label": "2024-09 (Q3)",
      "revenue": 206005000,
      "gross_profit": 101517000,
      "operating_income": 29481000,
      "net_income": 22515000,
      "opex": 176524000,
      "cogs": 104488000,
      "rd": null,
      "sga": null,
      "fcf": 18355000,
      "ocf": 28109000,
      "capex": -9754000,
      "gross_margin": 0.492789009975486,
      "op_margin": 0.14310817698599548,
      "fcf_margin": 0.08909977913157448,
      "incr_op_margin_yoy": 0.3000066631130064,
      "rev_growth_yoy": 0.17055611430259845,
      "rev_growth_yoy_accel": 0.07679659892574947,
      "op_leverage_ratio": 2.315917787529726,
      "fcf_margin_change": 0.006864744442675652
    },
    {
      "date": "2024-12-31T00:00:00",
      "quarter_label": "2024-12 (Q4)",
      "revenue": 148609000,
      "gross_profit": 67366000,
      "operating_income": -7571000,
      "net_income": -25049000,
      "opex": 156180000,
      "cogs": 81243000,
      "rd": null,
      "sga": null,
      "fcf": -8193000,
      "ocf": 1680000,
      "capex": -9873000,
      "gross_margin": 0.45331036478275205,
      "op_margin": -0.05094577044458949,
      "fcf_margin": -0.0551312504626234,
      "incr_op_margin_yoy": 0.26986106929330295,
      "rev_growth_yoy": 0.18545788130185067,
      "rev_growth_yoy_accel": 0.01490176699925222,
      "fcf_margin_change": -0.14423102959419787
    },
    {
      "date": "2025-03-31T00:00:00",
      "quarter_label": "2025-03 (Q1)",
      "revenue": 179721000,
      "gross_profit": 86873000,
      "operating_income": 10614000,
      "net_income": 1161000,
      "opex": 169107000,
      "cogs": 92848000,
      "rd": null,
      "sga": null,
      "fcf": 34984000,
      "ocf": 48399000,
      "capex": -13415000,
      "gross_margin": 0.483377012146605,
      "op_margin": 0.05905820688734205,
      "fcf_margin": 0.19465727433076824,
      "incr_op_margin_yoy": 0.10587198835561344,
      "rev_growth_yoy": 0.16995195750387335,
      "rev_growth_yoy_accel": -0.015505923797977328,
      "op_leverage_ratio": 2.529359078678121,
      "fcf_margin_change": 0.24978852479339164
    },
    {
      "date": "2025-06-30T00:00:00",
      "quarter_label": "2025-06 (Q2)",
      "revenue": 167945000,
      "gross_profit": 76554000,
      "operating_income": 4407000,
      "net_income": -8518000,
      "opex": 163538000,
      "cogs": 91391000,
      "rd": null,
      "sga": null,
      "fcf": 13471000,
      "ocf": 29215000,
      "capex": -15744000,
      "gross_margin": 0.4558278007681086,
      "op_margin": 0.026240733573491323,
      "fcf_margin": 0.08021078329214922,
      "incr_op_margin_yoy": 0.4011639000190803,
      "rev_growth_yoy": 0.23037531410486523,
      "rev_growth_yoy_accel": 0.06042335660099188,
      "fcf_margin_change": -0.11444649103861902
    },
    {
      "date": "2025-09-30T00:00:00",
      "quarter_label": "2025-09 (Q3)",
      "revenue": 240172000,
      "gross_profit": 115799000,
      "operating_income": 35970000,
      "net_income": 1190000,
      "opex": 204202000,
      "cogs": 124373000,
      "rd": null,
      "sga": null,
      "fcf": 11908000,
      "ocf": 19527000,
      "capex": -7619000,
      "gross_margin": 0.48215029229052514,
      "op_margin": 0.14976766650567094,
      "fcf_margin": 0.049581133520976636,
      "incr_op_margin_yoy": 0.189920098340504,
      "rev_growth_yoy": 0.16585519768937648,
      "rev_growth_yoy_accel": -0.06452011641548874,
      "op_leverage_ratio": 1.7295817070673678,
      "fcf_margin_change": -0.03062964977117258
    }
  ],
  "signals": [
    {
      "quarter": "2025-09 (Q3)",
      "signal": "OPERATING LEVERAGE",
      "detail": "Rev growth +43.0% vs OpEx growth +24.9% (leverage: 1.7x)",
      "severity": "MEDIUM"
    },
    {
      "quarter": "2025-09 (Q3)",
      "signal": "GROSS MARGIN INFLECTION",
      "detail": "GM: +48.3% -> +45.6% -> +48.2% (reversal +2.6%)",
      "severity": "MEDIUM"
    },
    {
      "quarter": "2025-09 (Q3)",
      "signal": "YoY REVENUE GROWTH DECELERATION",
      "detail": "YoY growth: +16.6% vs prior quarter YoY: +23.0% (decel: -6.5%)",
      "severity": "WARNING"
    },
    {
      "quarter": "2025-06 (Q2)",
      "signal": "YoY REVENUE GROWTH ACCELERATION",
      "detail": "YoY growth: +23.0% vs prior quarter YoY: +17.0% (accel: +6.0%)",
      "severity": "MEDIUM"
    },
    {
      "quarter": "2025-06 (Q2)",
      "signal": "OP MARGIN TURNED POSITIVE (YoY)",
      "detail": "Op margin: -6.0% (year-ago) -> +2.6%",
      "severity": "HIGH"
    },
    {
      "quarter": "2025-03 (Q1)",
      "signal": "FCF TURNED POSITIVE",
      "detail": "FCF margin: -5.5% -> +19.5%",
      "severity": "HIGH"
    },
    {
      "quarter": "2025-03 (Q1)",
      "signal": "OPERATING LEVERAGE",
      "detail": "Rev growth +20.9% vs OpEx growth +8.3% (leverage: 2.5x)",
      "severity": "MEDIUM"
    },
    {
      "quarter": "2025-03 (Q1)",
      "signal": "GROSS MARGIN INFLECTION",
      "detail": "GM: +49.3% -> +45.3% -> +48.3% (reversal +3.0%)",
      "severity": "MEDIUM"
    },
    {
      "quarter": "2025-03 (Q1)",
      "signal": "OP MARGIN TURNED POSITIVE (QoQ)",
      "detail": "Op margin: -5.1% -> +5.9%",
      "severity": "HIGH"
    },
    {
      "quarter": "2024-09 (Q3)",
      "signal": "OPERATING LEVERAGE",
      "detail": "Rev growth +50.9% vs OpEx growth +22.0% (leverage: 2.3x)",
      "severity": "MEDIUM"
    },
    {
      "quarter": "2024-09 (Q3)",
      "signal": "GROSS MARGIN INFLECTION",
      "detail": "GM: +48.4% -> +42.4% -> +49.3% (reversal +6.9%)",
      "severity": "HIGH"
    },
    {
      "quarter": "2024-09 (Q3)",
      "signal": "YoY REVENUE GROWTH ACCELERATION",
      "detail": "YoY growth: +17.1% vs prior quarter YoY: +9.4% (accel: +7.7%)",
      "severity": "MEDIUM"
    },
    {
      "quarter": "2024-09 (Q3)",
      "signal": "INCREMENTAL MARGIN (YoY)",
      "detail": "YoY Incr OPM: +30.0% vs year-ago OPM: +11.6%",
      "severity": "MEDIUM"
    },
    {
      "quarter": "2024-09 (Q3)",
      "signal": "OP MARGIN TURNED POSITIVE (QoQ)",
      "detail": "Op margin: -6.0% -> +14.3%",
      "severity": "HIGH"
    },
    {
      "quarter": "2024-03 (Q1)",
      "signal": "FCF TURNED POSITIVE",
      "detail": "FCF margin: -13.7% -> +24.4%",
      "severity": "HIGH"
    },
    {
      "quarter": "2024-03 (Q1)",
      "signal": "OPERATING LEVERAGE",
      "detail": "Rev growth +22.5% vs OpEx growth +4.7% (leverage: 4.8x)",
      "severity": "MEDIUM"
    },
    {
      "quarter": "2024-03 (Q1)",
      "signal": "GROSS MARGIN INFLECTION",
      "detail": "GM: +45.7% -> +38.5% -> +48.4% (reversal +9.9%)",
      "severity": "HIGH"
    },
    {
      "quarter": "2024-03 (Q1)",
      "signal": "OP MARGIN TURNED POSITIVE (QoQ)",
      "detail": "Op margin: -11.0% -> +5.1%",
      "severity": "HIGH"
    },
    {
      "quarter": "2023-12 (Q4)",
      "signal": "YoY REVENUE GROWTH DECELERATION",
      "detail": "YoY growth: +6.3% vs prior quarter YoY: +21.6% (decel: -15.3%)",
      "severity": "WARNING"
    },
    {
      "quarter": "2023-09 (Q3)",
      "signal": "OPERATING LEVERAGE",
      "detail": "Rev growth +41.0% vs OpEx growth +16.7% (leverage: 2.5x)",
      "severity": "MEDIUM"
    },
    {
      "quarter": "2023-09 (Q3)",
      "signal": "GROSS MARGIN INFLECTION",
      "detail": "GM: +49.8% -> +37.8% -> +45.7% (reversal +7.9%)",
      "severity": "HIGH"
    },
    {
      "quarter": "2023-09 (Q3)",
      "signal": "YoY REVENUE GROWTH DECELERATION",
      "detail": "YoY growth: +21.6% vs prior quarter YoY: +37.3% (decel: -15.7%)",
      "severity": "WARNING"
    },
    {
      "quarter": "2023-09 (Q3)",
      "signal": "INCREMENTAL MARGIN (YoY)",
      "detail": "YoY Incr OPM: +47.0% vs year-ago OPM: +4.0%",
      "severity": "HIGH"
    },
    {
      "quarter": "2023-09 (Q3)",
      "signal": "OP MARGIN TURNED POSITIVE (QoQ)",
      "detail": "Op margin: -6.8% -> +11.6%",
      "severity": "HIGH"
    },
    {
      "quarter": "2023-06 (Q2)",
      "signal": "FCF TURNED POSITIVE",
      "detail": "FCF margin: -3.0% -> +7.3%",
      "severity": "HIGH"
    },
    {
      "quarter": "2023-06 (Q2)",
      "signal": "YoY REVENUE GROWTH DECELERATION",
      "detail": "YoY growth: +37.3% vs prior quarter YoY: +111.4% (decel: -74.1%)",
      "severity": "WARNING"
    },
    {
      "quarter": "2023-03 (Q1)",
      "signal": "FCF MARGIN EXPANSION",
      "detail": "FCF margin: -9.8% -> -3.0% (+6.8%)",
      "severity": "MEDIUM"
    },
    {
      "quarter": "2023-03 (Q1)",
      "signal": "GROSS MARGIN INFLECTION",
      "detail": "GM: +39.5% -> +36.3% -> +49.8% (reversal +13.5%)",
      "severity": "HIGH"
    },
    {
      "quarter": "2023-03 (Q1)",
      "signal": "YoY REVENUE GROWTH ACCELERATION",
      "detail": "YoY growth: +111.4% vs prior quarter YoY: +79.9% (accel: +31.4%)",
      "severity": "HIGH"
    },
    {
      "quarter": "2023-03 (Q1)",
      "signal": "OP MARGIN TURNED POSITIVE (YoY)",
      "detail": "Op margin: -50.5% (year-ago) -> +8.7%",
      "severity": "HIGH"
    },
    {
      "quarter": "2023-03 (Q1)",
      "signal": "OP MARGIN TURNED POSITIVE (QoQ)",
      "detail": "Op margin: -13.0% -> +8.7%",
      "severity": "HIGH"
    },
    {
      "quarter": "2022-12 (Q4)",
      "signal": "FCF MARGIN EXPANSION",
      "detail": "FCF margin: -16.5% -> -9.8% (+6.7%)",
      "severity": "MEDIUM"
    },
    {
      "quarter": "2022-12 (Q4)",
      "signal": "YoY REVENUE GROWTH DECELERATION",
      "detail": "YoY growth: +79.9% vs prior quarter YoY: +124.4% (decel: -44.5%)",
      "severity": "WARNING"
    },
    {
      "quarter": "2022-09 (Q3)",
      "signal": "OPERATING LEVERAGE",
      "detail": "Rev growth +59.3% vs OpEx growth +26.1% (leverage: 2.3x)",
      "severity": "MEDIUM"
    },
    {
      "quarter": "2022-09 (Q3)",
      "signal": "YoY REVENUE GROWTH DECELERATION",
      "detail": "YoY growth: +124.4% vs prior quarter YoY: +495.5% (decel: -371.1%)",
      "severity": "WARNING"
    },
    {
      "quarter": "2022-09 (Q3)",
      "signal": "OP MARGIN TURNED POSITIVE (YoY)",
      "detail": "Op margin: -27.4% (year-ago) -> +4.0%",
      "severity": "HIGH"
    },
    {
      "quarter": "2022-09 (Q3)",
      "signal": "OP MARGIN TURNED POSITIVE (QoQ)",
      "detail": "Op margin: -21.2% -> +4.0%",
      "severity": "HIGH"
    },
    {
      "quarter": "2022-06 (Q2)",
      "signal": "OPERATING LEVERAGE",
      "detail": "Rev growth +34.0% vs OpEx growth +8.0% (leverage: 4.3x)",
      "severity": "MEDIUM"
    },
    {
      "quarter": "2022-06 (Q2)",
      "signal": "GROSS MARGIN INFLECTION",
      "detail": "GM: +21.9% -> +14.6% -> +31.3% (reversal +16.7%)",
      "severity": "HIGH"
    },
    {
      "quarter": "2022-06 (Q2)",
      "signal": "YoY REVENUE GROWTH DECELERATION",
      "detail": "YoY growth: +495.5% vs prior quarter YoY: +3711.6% (decel: -3216.1%)",
      "severity": "WARNING"
    },
    {
      "quarter": "2022-03 (Q1)",
      "signal": "YoY REVENUE GROWTH DECELERATION",
      "detail": "YoY growth: +3711.6% vs prior quarter YoY: +17859.5% (decel: -14147.9%)",
      "severity": "WARNING"
    },
    {
      "quarter": "2021-12 (Q4)",
      "signal": "FCF TURNED POSITIVE",
      "detail": "FCF margin: -99.5% -> +5.2%",
      "severity": "HIGH"
    },
    {
      "quarter": "2021-09 (Q3)",
      "signal": "OPERATING LEVERAGE",
      "detail": "Rev growth +322.6% vs OpEx growth +71.7% (leverage: 4.5x)",
      "severity": "MEDIUM"
    },
    {
      "quarter": "2021-06 (Q2)",
      "signal": "FCF TURNED POSITIVE",
      "detail": "FCF margin: -602.2% -> +47.9%",
      "severity": "HIGH"
    },
    {
      "quarter": "2021-06 (Q2)",
      "signal": "OPERATING LEVERAGE",
      "detail": "Rev growth +757.6% vs OpEx growth +45.7% (leverage: 16.6x)",
      "severity": "MEDIUM"
    },
    {
      "quarter": "2021-03 (Q1)",
      "signal": "FCF MARGIN EXPANSION",
      "detail": "FCF margin: -6357.8% -> -602.2% (+5755.6%)",
      "severity": "MEDIUM"
    },
    {
      "quarter": "2021-03 (Q1)",
      "signal": "OPERATING LEVERAGE",
      "detail": "Rev growth +387.7% vs OpEx growth +11.5% (leverage: 33.7x)",
      "severity": "MEDIUM"
    }
  ],
  "data_quality": {
    "n_quarters": 20,
    "coverage": {
      "revenue": [
        20,
        20
      ],
      "gross_profit": [
        20,
        20
      ],
      "op_income": [
        20,
        20
      ],
      "fcf": [
        20,
        20
      ]
    },
    "gaps": [],
    "warnings": []
  },
  "market_cap": null,
  "source": "SEC EDGAR",
  "last_updated": "2026-02-02T22:05:04.586548"
}