{
  "ticker": "LITE",
  "name": "Lumentum Holdings Inc.",
  "quarters": [
    {
      "date": "2020-12-26T00:00:00",
      "quarter_label": "2020-12 (Q4)",
      "revenue": 478800000,
      "gross_profit": 229600000,
      "operating_income": 115300000,
      "net_income": 83200000,
      "opex": 114300000,
      "cogs": 234200000,
      "rd": 52800000,
      "sga": 61300000,
      "fcf": 104300000,
      "ocf": 128500000,
      "capex": -24200000,
      "gross_margin": 0.47953216374269003,
      "op_margin": 0.24081035923141186,
      "fcf_margin": 0.21783625730994152
    },
    {
      "date": "2021-04-03T00:00:00",
      "quarter_label": "2021-04 (Q2)",
      "revenue": 419500000,
      "gross_profit": 185000000,
      "operating_income": 266900000,
      "net_income": 225500000,
      "opex": -81900000,
      "cogs": 218700000,
      "rd": 57200000,
      "sga": 65500000,
      "fcf": 365400000,
      "ocf": 381300000,
      "capex": -15900000,
      "gross_margin": 0.4410011918951132,
      "op_margin": 0.636233611442193,
      "fcf_margin": 0.8710369487485101,
      "fcf_margin_change": 0.6532006914385686
    },
    {
      "date": "2021-07-03T00:00:00",
      "quarter_label": "2021-07 (Q3)",
      "revenue": 392100000,
      "gross_profit": 162800000,
      "operating_income": 45800000,
      "net_income": 21500000,
      "opex": 117000000,
      "cogs": 213400000,
      "rd": 54100000,
      "sga": 58300000,
      "fcf": 105800000,
      "ocf": 124200000,
      "capex": -18400000,
      "gross_margin": 0.4152002040295843,
      "op_margin": 0.11680693700586585,
      "fcf_margin": 0.2698291252231574,
      "fcf_margin_change": -0.6012078235253527
    },
    {
      "date": "2021-10-02T00:00:00",
      "quarter_label": "2021-10 (Q4)",
      "revenue": 448400000,
      "gross_profit": 232200000,
      "operating_income": 115900000,
      "net_income": 81500000,
      "opex": 116300000,
      "cogs": 200400000,
      "rd": 54100000,
      "sga": 63300000,
      "fcf": 44000000,
      "ocf": 61900000,
      "capex": -17900000,
      "gross_margin": 0.5178412132024978,
      "op_margin": 0.2584745762711864,
      "fcf_margin": 0.09812667261373774,
      "op_leverage_ratio": Infinity,
      "fcf_margin_change": -0.17170245260941963
    },
    {
      "date": "2022-01-01T00:00:00",
      "quarter_label": "2022-01 (Q1)",
      "revenue": 446700000,
      "gross_profit": 207500000,
      "operating_income": 85200000,
      "net_income": 56700000,
      "opex": 122300000,
      "cogs": 223300000,
      "rd": 53200000,
      "sga": 69000000,
      "fcf": 180400000,
      "ocf": 206500000,
      "capex": -26100000,
      "gross_margin": 0.4645175733154242,
      "op_margin": 0.19073203492276697,
      "fcf_margin": 0.40385045892097604,
      "incr_op_margin_yoy": 0.9376947040498442,
      "rev_growth_yoy": -0.06704260651629072,
      "fcf_margin_change": 0.3057237863072383
    },
    {
      "date": "2022-04-02T00:00:00",
      "quarter_label": "2022-04 (Q2)",
      "revenue": 395400000,
      "gross_profit": 167200000,
      "operating_income": 46800000,
      "net_income": 26000000,
      "opex": 120400000,
      "cogs": 212600000,
      "rd": 56700000,
      "sga": 63800000,
      "fcf": 58000000,
      "ocf": 76600000,
      "capex": -18600000,
      "gross_margin": 0.42286292362164896,
      "op_margin": 0.11836115326251896,
      "fcf_margin": 0.14668689934243803,
      "incr_op_margin_yoy": 9.132780082987551,
      "rev_growth_yoy": -0.05744934445768772,
      "rev_growth_yoy_accel": 0.009593262058603003,
      "fcf_margin_change": -0.257163559578538
    },
    {
      "date": "2022-07-02T00:00:00",
      "quarter_label": "2022-07 (Q3)",
      "revenue": 422100000,
      "gross_profit": 181700000,
      "operating_income": 55400000,
      "net_income": 34700000,
      "opex": 126300000,
      "cogs": 224800000,
      "rd": 56700000,
      "sga": 69600000,
      "fcf": 85700000,
      "ocf": 114300000,
      "capex": -28600000,
      "gross_margin": 0.4304667140488036,
      "op_margin": 0.1312485193082208,
      "fcf_margin": 0.20303245676380005,
      "incr_op_margin_yoy": 0.32,
      "rev_growth_yoy": 0.07651109410864575,
      "rev_growth_yoy_accel": 0.13396043856633347,
      "op_leverage_ratio": 1.377999537048944,
      "fcf_margin_change": 0.05634555742136202
    },
    {
      "date": "2022-10-01T00:00:00",
      "quarter_label": "2022-10 (Q4)",
      "revenue": 506800000,
      "gross_profit": 201200000,
      "operating_income": 13500000,
      "net_income": -400000,
      "opex": 187700000,
      "cogs": 282600000,
      "rd": 72700000,
      "sga": 105700000,
      "fcf": -2100000,
      "ocf": 20800000,
      "capex": -22900000,
      "gross_margin": 0.39700078926598265,
      "op_margin": 0.026637726913970008,
      "fcf_margin": -0.004143646408839779,
      "incr_op_margin_yoy": -1.7534246575342465,
      "rev_growth_yoy": 0.1302408563782337,
      "rev_growth_yoy_accel": 0.05372976226958796,
      "op_leverage_ratio": 0.41276516440598315,
      "fcf_margin_change": -0.20717610317263982
    },
    {
      "date": "2022-12-31T00:00:00",
      "quarter_label": "2022-12 (Q4)",
      "revenue": 506000000,
      "gross_profit": 166200000,
      "operating_income": -21900000,
      "net_income": -31700000,
      "opex": 188100000,
      "cogs": 315100000,
      "rd": 75800000,
      "sga": 98400000,
      "fcf": 55000000,
      "ocf": 94900000,
      "capex": -39900000,
      "gross_margin": 0.3284584980237154,
      "op_margin": -0.043280632411067194,
      "fcf_margin": 0.10869565217391304,
      "incr_op_margin_yoy": -1.806070826306914,
      "rev_growth_yoy": 0.13275128721737184,
      "rev_growth_yoy_accel": 0.002510430839138128,
      "fcf_margin_change": 0.11283929858275282
    },
    {
      "date": "2023-04-01T00:00:00",
      "quarter_label": "2023-04 (Q2)",
      "revenue": 383400000,
      "gross_profit": 112000000,
      "operating_income": -51400000,
      "net_income": -39300000,
      "opex": 163400000,
      "cogs": 252700000,
      "rd": 85400000,
      "sga": 76400000,
      "fcf": -14500000,
      "ocf": 14900000,
      "capex": -29400000,
      "gross_margin": 0.2921231090245175,
      "op_margin": -0.13406364110589464,
      "fcf_margin": -0.03781950965049557,
      "incr_op_margin_yoy": 8.183333333333334,
      "rev_growth_yoy": -0.030349013657056147,
      "rev_growth_yoy_accel": -0.16310030087442798,
      "fcf_margin_change": -0.1465151618244086
    },
    {
      "date": "2023-07-01T00:00:00",
      "quarter_label": "2023-07 (Q3)",
      "revenue": 370800000,
      "gross_profit": 89600000,
      "operating_income": -55900000,
      "net_income": -60200000,
      "opex": 145500000,
      "cogs": 263200000,
      "rd": 73900000,
      "sga": 68300000,
      "fcf": 12900000,
      "ocf": 49200000,
      "capex": -36300000,
      "gross_margin": 0.24163969795037757,
      "op_margin": -0.15075512405609492,
      "fcf_margin": 0.03478964401294499,
      "incr_op_margin_yoy": 2.1695906432748537,
      "rev_growth_yoy": -0.12153518123667377,
      "rev_growth_yoy_accel": -0.09118616757961762,
      "fcf_margin_change": 0.07260915366344056
    },
    {
      "date": "2023-09-30T00:00:00",
      "quarter_label": "2023-09 (Q3)",
      "revenue": 317600000,
      "gross_profit": 76700000,
      "operating_income": -80800000,
      "net_income": -67900000,
      "opex": 157500000,
      "cogs": 222900000,
      "rd": 73500000,
      "sga": 73000000,
      "fcf": -60100000,
      "ocf": -2300000,
      "capex": -57800000,
      "gross_margin": 0.24149874055415618,
      "op_margin": -0.25440806045340053,
      "fcf_margin": -0.1892317380352645,
      "incr_op_margin_yoy": 0.49841437632135305,
      "rev_growth_yoy": -0.3733228097868982,
      "rev_growth_yoy_accel": -0.2517876285502244,
      "fcf_margin_change": -0.22402138204820948
    },
    {
      "date": "2023-12-30T00:00:00",
      "quarter_label": "2023-12 (Q4)",
      "revenue": 366800000,
      "gross_profit": 64000000,
      "operating_income": -105200000,
      "net_income": -99100000,
      "opex": 169200000,
      "cogs": 281300000,
      "rd": 78300000,
      "sga": 85100000,
      "fcf": -32500000,
      "ocf": -1500000,
      "capex": -31000000,
      "gross_margin": 0.17448200654307525,
      "op_margin": -0.28680479825517996,
      "fcf_margin": -0.0886041439476554,
      "incr_op_margin_yoy": 0.5984195402298851,
      "rev_growth_yoy": -0.27509881422924903,
      "rev_growth_yoy_accel": 0.09822399555764916,
      "op_leverage_ratio": 2.0853516760317765,
      "fcf_margin_change": 0.1006275940876091
    },
    {
      "date": "2024-03-30T00:00:00",
      "quarter_label": "2024-03 (Q1)",
      "revenue": 366500000,
      "gross_profit": 59500000,
      "operating_income": -114600000,
      "net_income": -127000000,
      "opex": 174100000,
      "cogs": 284700000,
      "rd": 77200000,
      "sga": 77700000,
      "fcf": -26600000,
      "ocf": -7000000,
      "capex": -19600000,
      "gross_margin": 0.16234652114597545,
      "op_margin": -0.31268758526603,
      "fcf_margin": -0.07257844474761255,
      "incr_op_margin_yoy": 3.739644970414201,
      "rev_growth_yoy": -0.0440792905581638,
      "rev_growth_yoy_accel": 0.23101952367108525,
      "fcf_margin_change": 0.016025699200042848
    },
    {
      "date": "2024-06-29T00:00:00",
      "quarter_label": "2024-06 (Q2)",
      "revenue": 308300000,
      "gross_profit": 51300000,
      "operating_income": -133400000,
      "net_income": -252500000,
      "opex": 184700000,
      "cogs": 234900000,
      "rd": 73200000,
      "sga": 74900000,
      "fcf": 10900000,
      "ocf": 35500000,
      "capex": -24600000,
      "gross_margin": 0.16639636717482972,
      "op_margin": -0.4326954265325981,
      "fcf_margin": 0.035355173532273756,
      "incr_op_margin_yoy": 1.24,
      "rev_growth_yoy": -0.168554476806904,
      "rev_growth_yoy_accel": -0.1244751862487402,
      "fcf_margin_change": 0.1079336182798863
    },
    {
      "date": "2024-09-28T00:00:00",
      "quarter_label": "2024-09 (Q3)",
      "revenue": 336900000,
      "gross_profit": 77900000,
      "operating_income": -82400000,
      "net_income": -82400000,
      "opex": 160300000,
      "cogs": 236500000,
      "rd": 74300000,
      "sga": 76300000,
      "fcf": -34500000,
      "ocf": 39600000,
      "capex": -74100000,
      "gross_margin": 0.23122588305135056,
      "op_margin": -0.2445829623033541,
      "fcf_margin": -0.10240427426536064,
      "incr_op_margin_yoy": -0.08290155440414508,
      "rev_growth_yoy": 0.06076826196473552,
      "rev_growth_yoy_accel": 0.2293227387716395,
      "op_leverage_ratio": Infinity,
      "fcf_margin_change": -0.13775944779763438
    },
    {
      "date": "2024-12-28T00:00:00",
      "quarter_label": "2024-12 (Q4)",
      "revenue": 402200000,
      "gross_profit": 99600000,
      "operating_income": -51600000,
      "net_income": -60900000,
      "opex": 151200000,
      "cogs": 281200000,
      "rd": 74200000,
      "sga": 76300000,
      "fcf": -15900000,
      "ocf": 24300000,
      "capex": -40200000,
      "gross_margin": 0.24763799104922923,
      "op_margin": -0.12829438090502238,
      "fcf_margin": -0.039532570860268526,
      "incr_op_margin_yoy": 1.5141242937853108,
      "rev_growth_yoy": 0.0965103598691385,
      "rev_growth_yoy_accel": 0.035742097904402984,
      "op_leverage_ratio": Infinity,
      "fcf_margin_change": 0.06287170340509211
    },
    {
      "date": "2025-03-29T00:00:00",
      "quarter_label": "2025-03 (Q1)",
      "revenue": 425200000,
      "gross_profit": 122500000,
      "operating_income": -37700000,
      "net_income": -44100000,
      "opex": 160200000,
      "cogs": 283700000,
      "rd": 75900000,
      "sga": 112000000,
      "fcf": -64400000,
      "ocf": -1600000,
      "capex": -62800000,
      "gross_margin": 0.2880997177798683,
      "op_margin": -0.08866415804327375,
      "fcf_margin": -0.15145813734713076,
      "incr_op_margin_yoy": 1.3100511073253833,
      "rev_growth_yoy": 0.1601637107776262,
      "rev_growth_yoy_accel": 0.0636533509084877,
      "op_leverage_ratio": 0.9607160616608653,
      "fcf_margin_change": -0.11192556648686224
    },
    {
      "date": "2025-06-28T00:00:00",
      "quarter_label": "2025-06 (Q2)",
      "revenue": 480700000,
      "gross_profit": 159900000,
      "operating_income": -8400000,
      "net_income": 213300000,
      "opex": 168300000,
      "cogs": 301500000,
      "rd": 79500000,
      "sga": 83600000,
      "fcf": 10100000,
      "ocf": 64000000,
      "capex": -53900000,
      "gross_margin": 0.33263990014562095,
      "op_margin": -0.01747451633035157,
      "fcf_margin": 0.021011025587684626,
      "incr_op_margin_yoy": 0.7250580046403712,
      "rev_growth_yoy": 0.5591955887122932,
      "rev_growth_yoy_accel": 0.39903187793466705,
      "op_leverage_ratio": 2.581530260269677,
      "fcf_margin_change": 0.1724691629348154
    },
    {
      "date": "2025-09-27T00:00:00",
      "quarter_label": "2025-09 (Q3)",
      "revenue": 533800000,
      "gross_profit": 181500000,
      "operating_income": 6700000,
      "net_income": 4200000,
      "opex": 174800000,
      "cogs": 332800000,
      "rd": 81400000,
      "sga": 85100000,
      "fcf": -18300000,
      "ocf": 57900000,
      "capex": -76200000,
      "gross_margin": 0.34001498688647436,
      "op_margin": 0.012551517422255526,
      "fcf_margin": -0.034282502810041214,
      "incr_op_margin_yoy": 0.45251396648044695,
      "rev_growth_yoy": 0.5844464232710003,
      "rev_growth_yoy_accel": 0.025250834558707025,
      "op_leverage_ratio": 2.860165463826791,
      "fcf_margin_change": -0.05529352839772584
    }
  ],
  "signals": [
    {
      "quarter": "2025-09 (Q3)",
      "signal": "OPERATING LEVERAGE",
      "detail": "Rev growth +11.0% vs OpEx growth +3.9% (leverage: 2.9x)",
      "severity": "MEDIUM"
    },
    {
      "quarter": "2025-09 (Q3)",
      "signal": "OP MARGIN TURNED POSITIVE (YoY)",
      "detail": "Op margin: -24.5% (year-ago) -> +1.3%",
      "severity": "HIGH"
    },
    {
      "quarter": "2025-09 (Q3)",
      "signal": "OP MARGIN TURNED POSITIVE (QoQ)",
      "detail": "Op margin: -1.7% -> +1.3%",
      "severity": "HIGH"
    },
    {
      "quarter": "2025-06 (Q2)",
      "signal": "FCF TURNED POSITIVE",
      "detail": "FCF margin: -15.1% -> +2.1%",
      "severity": "HIGH"
    },
    {
      "quarter": "2025-06 (Q2)",
      "signal": "OPERATING LEVERAGE",
      "detail": "Rev growth +13.1% vs OpEx growth +5.1% (leverage: 2.6x)",
      "severity": "MEDIUM"
    },
    {
      "quarter": "2025-06 (Q2)",
      "signal": "YoY REVENUE GROWTH ACCELERATION",
      "detail": "YoY growth: +55.9% vs prior quarter YoY: +16.0% (accel: +39.9%)",
      "severity": "HIGH"
    },
    {
      "quarter": "2025-03 (Q1)",
      "signal": "YoY REVENUE GROWTH ACCELERATION",
      "detail": "YoY growth: +16.0% vs prior quarter YoY: +9.7% (accel: +6.4%)",
      "severity": "MEDIUM"
    },
    {
      "quarter": "2024-12 (Q4)",
      "signal": "FCF MARGIN EXPANSION",
      "detail": "FCF margin: -10.2% -> -4.0% (+6.3%)",
      "severity": "MEDIUM"
    },
    {
      "quarter": "2024-09 (Q3)",
      "signal": "YoY REVENUE GROWTH ACCELERATION",
      "detail": "YoY growth: +6.1% vs prior quarter YoY: -16.9% (accel: +22.9%)",
      "severity": "HIGH"
    },
    {
      "quarter": "2024-06 (Q2)",
      "signal": "FCF TURNED POSITIVE",
      "detail": "FCF margin: -7.3% -> +3.5%",
      "severity": "HIGH"
    },
    {
      "quarter": "2024-06 (Q2)",
      "signal": "YoY REVENUE GROWTH DECELERATION",
      "detail": "YoY growth: -16.9% vs prior quarter YoY: -4.4% (decel: -12.4%)",
      "severity": "WARNING"
    },
    {
      "quarter": "2024-03 (Q1)",
      "signal": "YoY REVENUE GROWTH ACCELERATION",
      "detail": "YoY growth: -4.4% vs prior quarter YoY: -27.5% (accel: +23.1%)",
      "severity": "HIGH"
    },
    {
      "quarter": "2023-12 (Q4)",
      "signal": "FCF MARGIN EXPANSION",
      "detail": "FCF margin: -18.9% -> -8.9% (+10.1%)",
      "severity": "MEDIUM"
    },
    {
      "quarter": "2023-12 (Q4)",
      "signal": "OPERATING LEVERAGE",
      "detail": "Rev growth +15.5% vs OpEx growth +7.4% (leverage: 2.1x)",
      "severity": "MEDIUM"
    },
    {
      "quarter": "2023-12 (Q4)",
      "signal": "YoY REVENUE GROWTH ACCELERATION",
      "detail": "YoY growth: -27.5% vs prior quarter YoY: -37.3% (accel: +9.8%)",
      "severity": "MEDIUM"
    },
    {
      "quarter": "2023-09 (Q3)",
      "signal": "YoY REVENUE GROWTH DECELERATION",
      "detail": "YoY growth: -37.3% vs prior quarter YoY: -12.2% (decel: -25.2%)",
      "severity": "WARNING"
    },
    {
      "quarter": "2023-07 (Q3)",
      "signal": "FCF TURNED POSITIVE",
      "detail": "FCF margin: -3.8% -> +3.5%",
      "severity": "HIGH"
    },
    {
      "quarter": "2023-07 (Q3)",
      "signal": "YoY REVENUE GROWTH DECELERATION",
      "detail": "YoY growth: -12.2% vs prior quarter YoY: -3.0% (decel: -9.1%)",
      "severity": "WARNING"
    },
    {
      "quarter": "2023-04 (Q2)",
      "signal": "YoY REVENUE GROWTH DECELERATION",
      "detail": "YoY growth: -3.0% vs prior quarter YoY: +13.3% (decel: -16.3%)",
      "severity": "WARNING"
    },
    {
      "quarter": "2022-12 (Q4)",
      "signal": "FCF TURNED POSITIVE",
      "detail": "FCF margin: -0.4% -> +10.9%",
      "severity": "HIGH"
    },
    {
      "quarter": "2022-10 (Q4)",
      "signal": "YoY REVENUE GROWTH ACCELERATION",
      "detail": "YoY growth: +13.0% vs prior quarter YoY: +7.7% (accel: +5.4%)",
      "severity": "MEDIUM"
    },
    {
      "quarter": "2022-07 (Q3)",
      "signal": "FCF MARGIN EXPANSION",
      "detail": "FCF margin: +14.7% -> +20.3% (+5.6%)",
      "severity": "MEDIUM"
    },
    {
      "quarter": "2022-07 (Q3)",
      "signal": "YoY REVENUE GROWTH ACCELERATION",
      "detail": "YoY growth: +7.7% vs prior quarter YoY: -5.7% (accel: +13.4%)",
      "severity": "MEDIUM"
    },
    {
      "quarter": "2022-07 (Q3)",
      "signal": "INCREMENTAL MARGIN (YoY)",
      "detail": "YoY Incr OPM: +32.0% vs year-ago OPM: +11.7%",
      "severity": "HIGH"
    },
    {
      "quarter": "2022-04 (Q2)",
      "signal": "INCREMENTAL MARGIN (YoY)",
      "detail": "YoY Incr OPM: +913.3% vs year-ago OPM: +63.6%",
      "severity": "HIGH"
    },
    {
      "quarter": "2022-01 (Q1)",
      "signal": "FCF MARGIN EXPANSION",
      "detail": "FCF margin: +9.8% -> +40.4% (+30.6%)",
      "severity": "MEDIUM"
    },
    {
      "quarter": "2022-01 (Q1)",
      "signal": "INCREMENTAL MARGIN (YoY)",
      "detail": "YoY Incr OPM: +93.8% vs year-ago OPM: +24.1%",
      "severity": "HIGH"
    },
    {
      "quarter": "2021-10 (Q4)",
      "signal": "GROSS MARGIN INFLECTION",
      "detail": "GM: +44.1% -> +41.5% -> +51.8% (reversal +10.3%)",
      "severity": "HIGH"
    },
    {
      "quarter": "2021-04 (Q2)",
      "signal": "FCF MARGIN EXPANSION",
      "detail": "FCF margin: +21.8% -> +87.1% (+65.3%)",
      "severity": "MEDIUM"
    }
  ],
  "data_quality": {
    "n_quarters": 20,
    "coverage": {
      "revenue": [
        20,
        20
      ],
      "gross_profit": [
        20,
        20
      ],
      "op_income": [
        20,
        20
      ],
      "fcf": [
        20,
        20
      ]
    },
    "gaps": [],
    "warnings": []
  },
  "market_cap": null,
  "source": "SEC EDGAR",
  "last_updated": "2026-02-02T20:11:56.477254"
}