{
  "ticker": "LIVE",
  "name": "Live Ventures Incorporated",
  "quarters": [
    {
      "date": "2020-12-31T00:00:00",
      "quarter_label": "2020-12 (Q4)",
      "revenue": 62454000,
      "gross_profit": 22269000,
      "operating_income": 7291000,
      "net_income": 5413000,
      "opex": 14978000,
      "cogs": 40185000,
      "rd": null,
      "sga": null,
      "fcf": 4410000,
      "ocf": 7668000,
      "capex": -3258000,
      "gross_margin": 0.35656643289461043,
      "op_margin": 0.11674192205463221,
      "fcf_margin": 0.07061197041022192
    },
    {
      "date": "2021-03-31T00:00:00",
      "quarter_label": "2021-03 (Q1)",
      "revenue": 70890000,
      "gross_profit": 26490000,
      "operating_income": 11125000,
      "net_income": 8734000,
      "opex": 15365000,
      "cogs": 44400000,
      "rd": null,
      "sga": null,
      "fcf": 11032000,
      "ocf": 13243000,
      "capex": -2211000,
      "gross_margin": 0.373677528565383,
      "op_margin": 0.15693327690788544,
      "fcf_margin": 0.1556213852447454,
      "op_leverage_ratio": 5.227802515364487,
      "fcf_margin_change": 0.08500941483452347
    },
    {
      "date": "2021-06-30T00:00:00",
      "quarter_label": "2021-06 (Q2)",
      "revenue": 69095000,
      "gross_profit": 25066000,
      "operating_income": 8232000,
      "net_income": 9938000,
      "opex": 16834000,
      "cogs": 44029000,
      "rd": null,
      "sga": null,
      "fcf": 8287000,
      "ocf": 11288000,
      "capex": -3001000,
      "gross_margin": 0.3627758882697735,
      "op_margin": 0.11914031406035169,
      "fcf_margin": 0.11993631956002605,
      "fcf_margin_change": -0.03568506568471934
    },
    {
      "date": "2021-09-30T00:00:00",
      "quarter_label": "2021-09 (Q3)",
      "revenue": 70542000,
      "gross_profit": 25638000,
      "operating_income": 9142000,
      "net_income": 7112000,
      "opex": 16496000,
      "cogs": 44904000,
      "rd": null,
      "sga": null,
      "fcf": -5375000,
      "ocf": -3011000,
      "capex": -2364000,
      "gross_margin": 0.3634430552011568,
      "op_margin": 0.12959655240849424,
      "fcf_margin": -0.07619574154404468,
      "op_leverage_ratio": Infinity,
      "fcf_margin_change": -0.19613206110407072
    },
    {
      "date": "2021-12-31T00:00:00",
      "quarter_label": "2021-12 (Q4)",
      "revenue": 75158000,
      "gross_profit": 27616000,
      "operating_income": 10407000,
      "net_income": 6546000,
      "opex": 17209000,
      "cogs": 47542000,
      "rd": null,
      "sga": null,
      "fcf": 1174000,
      "ocf": 4244000,
      "capex": -3070000,
      "gross_margin": 0.36743926128955,
      "op_margin": 0.13846829346177386,
      "fcf_margin": 0.015620426301923947,
      "incr_op_margin_yoy": 0.2452770780856423,
      "rev_growth_yoy": 0.2034137124923944,
      "op_leverage_ratio": 1.5139347221471673,
      "fcf_margin_change": 0.09181616784596863
    },
    {
      "date": "2022-03-31T00:00:00",
      "quarter_label": "2022-03 (Q1)",
      "revenue": 69706000,
      "gross_profit": 24953000,
      "operating_income": 8449000,
      "net_income": 15358000,
      "opex": 16504000,
      "cogs": 44753000,
      "rd": null,
      "sga": null,
      "fcf": -3426000,
      "ocf": 1007000,
      "capex": -4433000,
      "gross_margin": 0.3579749232490747,
      "op_margin": 0.12120907812813818,
      "fcf_margin": -0.04914928413622931,
      "incr_op_margin_yoy": 2.260135135135135,
      "rev_growth_yoy": -0.01670193257158979,
      "rev_growth_yoy_accel": -0.22011564506398418,
      "fcf_margin_change": -0.06476971043815326
    },
    {
      "date": "2022-06-30T00:00:00",
      "quarter_label": "2022-06 (Q2)",
      "revenue": 68269000,
      "gross_profit": 22349000,
      "operating_income": 5864000,
      "net_income": 3472000,
      "opex": 16485000,
      "cogs": 45920000,
      "rd": null,
      "sga": null,
      "fcf": 4792000,
      "ocf": 5593000,
      "capex": -801000,
      "gross_margin": 0.32736674039461544,
      "op_margin": 0.08589550161859702,
      "fcf_margin": 0.07019291332815773,
      "rev_growth_yoy": -0.011954555322382227,
      "rev_growth_yoy_accel": 0.004747377249207561,
      "fcf_margin_change": 0.11934219746438704
    },
    {
      "date": "2022-09-30T00:00:00",
      "quarter_label": "2022-09 (Q3)",
      "revenue": 73780000,
      "gross_profit": 22909000,
      "operating_income": 1207000,
      "net_income": -635000,
      "opex": 21702000,
      "cogs": 50871000,
      "rd": null,
      "sga": null,
      "fcf": -8267000,
      "ocf": -4443000,
      "capex": -3824000,
      "gross_margin": 0.3105042016806723,
      "op_margin": 0.016359447004608296,
      "fcf_margin": -0.1120493358633776,
      "incr_op_margin_yoy": -2.4505867819641756,
      "rev_growth_yoy": 0.045901732301324036,
      "rev_growth_yoy_accel": 0.05785628762370626,
      "op_leverage_ratio": 0.2550791636754145,
      "fcf_margin_change": -0.18224224919153534
    },
    {
      "date": "2022-12-31T00:00:00",
      "quarter_label": "2022-12 (Q4)",
      "revenue": 68986000,
      "gross_profit": 21944000,
      "operating_income": 4567000,
      "net_income": 1844000,
      "opex": 17377000,
      "cogs": 47042000,
      "rd": null,
      "sga": null,
      "fcf": 4972000,
      "ocf": 6254000,
      "capex": -1282000,
      "gross_margin": 0.31809352622271186,
      "op_margin": 0.06620183805409793,
      "fcf_margin": 0.07207259443945148,
      "incr_op_margin_yoy": 0.9462086843810759,
      "rev_growth_yoy": -0.08212033316479948,
      "rev_growth_yoy_accel": -0.12802206546612352,
      "fcf_margin_change": 0.18412193030282908
    },
    {
      "date": "2023-03-31T00:00:00",
      "quarter_label": "2023-03 (Q1)",
      "revenue": 91122000,
      "gross_profit": 31608000,
      "operating_income": 4952000,
      "net_income": 1558000,
      "opex": 26656000,
      "cogs": 59514000,
      "rd": null,
      "sga": null,
      "fcf": 6306000,
      "ocf": 7924000,
      "capex": -1618000,
      "gross_margin": 0.3468756173042734,
      "op_margin": 0.054344724654858324,
      "fcf_margin": 0.06920392440903404,
      "incr_op_margin_yoy": -0.163289129622712,
      "rev_growth_yoy": 0.3072332367371532,
      "rev_growth_yoy_accel": 0.3893535699019527,
      "op_leverage_ratio": 0.6009132890721455,
      "fcf_margin_change": -0.002868670030417436
    },
    {
      "date": "2023-06-30T00:00:00",
      "quarter_label": "2023-06 (Q2)",
      "revenue": 91516000,
      "gross_profit": 32169000,
      "operating_income": 5561000,
      "net_income": 1060000,
      "opex": 26608000,
      "cogs": 59347000,
      "rd": null,
      "sga": null,
      "fcf": 11229000,
      "ocf": 11828000,
      "capex": -599000,
      "gross_margin": 0.35151230385943444,
      "op_margin": 0.06076533065256349,
      "fcf_margin": 0.1226998557629267,
      "incr_op_margin_yoy": -0.013033939863208156,
      "rev_growth_yoy": 0.34052058767522597,
      "rev_growth_yoy_accel": 0.03328735093807278,
      "fcf_margin_change": 0.05349593135389266
    },
    {
      "date": "2023-09-30T00:00:00",
      "quarter_label": "2023-09 (Q3)",
      "revenue": 103547000,
      "gross_profit": 29845000,
      "operating_income": 369000,
      "net_income": -4564000,
      "opex": 29476000,
      "cogs": 73702000,
      "rd": null,
      "sga": null,
      "fcf": -6514000,
      "ocf": -11000,
      "capex": -6503000,
      "gross_margin": 0.2882266024124311,
      "op_margin": 0.0035635991385554386,
      "fcf_margin": -0.06290863086327948,
      "incr_op_margin_yoy": -0.02815198038095878,
      "rev_growth_yoy": 0.40345622119815666,
      "rev_growth_yoy_accel": 0.06293563352293069,
      "op_leverage_ratio": 1.2196571947879582,
      "fcf_margin_change": -0.1856084866262062
    },
    {
      "date": "2023-12-31T00:00:00",
      "quarter_label": "2023-12 (Q4)",
      "revenue": 117593000,
      "gross_profit": 36327000,
      "operating_income": 3541000,
      "net_income": -682000,
      "opex": 32786000,
      "cogs": 81266000,
      "rd": null,
      "sga": null,
      "fcf": 6217000,
      "ocf": 7872000,
      "capex": -1655000,
      "gross_margin": 0.3089214494060021,
      "op_margin": 0.03011233661867628,
      "fcf_margin": 0.052868793210480214,
      "incr_op_margin_yoy": -0.021108070853992224,
      "rev_growth_yoy": 0.7045922361058765,
      "rev_growth_yoy_accel": 0.30113601490771985,
      "op_leverage_ratio": 1.2079687444063014,
      "fcf_margin_change": 0.1157774240737597
    },
    {
      "date": "2024-03-31T00:00:00",
      "quarter_label": "2024-03 (Q1)",
      "revenue": 118626000,
      "gross_profit": 35467000,
      "operating_income": -838000,
      "net_income": -3281000,
      "opex": 36305000,
      "cogs": 83159000,
      "rd": null,
      "sga": null,
      "fcf": -7459000,
      "ocf": -5741000,
      "capex": -1718000,
      "gross_margin": 0.29898167349484933,
      "op_margin": -0.007064218636723821,
      "fcf_margin": -0.06287828975098207,
      "incr_op_margin_yoy": -0.21051483420593367,
      "rev_growth_yoy": 0.30183709751761373,
      "rev_growth_yoy_accel": -0.4027551385882628,
      "fcf_margin_change": -0.11574708296146229
    },
    {
      "date": "2024-06-30T00:00:00",
      "quarter_label": "2024-06 (Q2)",
      "revenue": 123878000,
      "gross_profit": 37045000,
      "operating_income": 1131000,
      "net_income": -2855000,
      "opex": 35914000,
      "cogs": 86833000,
      "rd": null,
      "sga": null,
      "fcf": 10125000,
      "ocf": 11746000,
      "capex": -1621000,
      "gross_margin": 0.29904422092704114,
      "op_margin": 0.009129950435105507,
      "fcf_margin": 0.08173364116307981,
      "incr_op_margin_yoy": -0.1368889438230023,
      "rev_growth_yoy": 0.3536212247038769,
      "rev_growth_yoy_accel": 0.051784127186263185,
      "op_leverage_ratio": Infinity,
      "fcf_margin_change": 0.14461193091406188
    },
    {
      "date": "2024-09-30T00:00:00",
      "quarter_label": "2024-09 (Q3)",
      "revenue": 112743000,
      "gross_profit": 35985000,
      "operating_income": -17478000,
      "net_income": -19867000,
      "opex": 53463000,
      "cogs": 76758000,
      "rd": null,
      "sga": null,
      "fcf": 3256000,
      "ocf": 6734000,
      "capex": -3478000,
      "gross_margin": 0.31917724382001544,
      "op_margin": -0.15502514568531972,
      "fcf_margin": 0.028879841764011958,
      "incr_op_margin_yoy": -1.9407351022183559,
      "rev_growth_yoy": 0.08880991240692632,
      "rev_growth_yoy_accel": -0.2648113122969506,
      "fcf_margin_change": -0.052853799399067855
    },
    {
      "date": "2024-12-31T00:00:00",
      "quarter_label": "2024-12 (Q4)",
      "revenue": 111508000,
      "gross_profit": 35362000,
      "operating_income": 762000,
      "net_income": 492000,
      "opex": 34600000,
      "cogs": 76146000,
      "rd": null,
      "sga": null,
      "fcf": 7583000,
      "ocf": 9400000,
      "capex": -1817000,
      "gross_margin": 0.3171252286831438,
      "op_margin": 0.006833590415037486,
      "fcf_margin": 0.06800408939268932,
      "incr_op_margin_yoy": 0.4566967953985209,
      "rev_growth_yoy": -0.05174627741447195,
      "rev_growth_yoy_accel": -0.14055618982139828,
      "fcf_margin_change": 0.03912424762867736
    },
    {
      "date": "2025-03-31T00:00:00",
      "quarter_label": "2025-03 (Q1)",
      "revenue": 107013000,
      "gross_profit": 35148000,
      "operating_income": 2092000,
      "net_income": 15866000,
      "opex": 33056000,
      "cogs": 71865000,
      "rd": null,
      "sga": null,
      "fcf": -2266000,
      "ocf": 231000,
      "capex": -2497000,
      "gross_margin": 0.3284460766448936,
      "op_margin": 0.01954902675375889,
      "fcf_margin": -0.021174997430218757,
      "incr_op_margin_yoy": -0.2523034530267803,
      "rev_growth_yoy": -0.09789590814829802,
      "rev_growth_yoy_accel": -0.046149630733826066,
      "fcf_margin_change": -0.08917908682290807
    },
    {
      "date": "2025-06-30T00:00:00",
      "quarter_label": "2025-06 (Q2)",
      "revenue": 112530000,
      "gross_profit": 38287000,
      "operating_income": 8003000,
      "net_income": 5388000,
      "opex": 30284000,
      "cogs": 74243000,
      "rd": null,
      "sga": null,
      "fcf": 10838000,
      "ocf": 12277000,
      "capex": -1439000,
      "gross_margin": 0.34023815871323204,
      "op_margin": 0.0711188127610415,
      "fcf_margin": 0.09631209455256376,
      "incr_op_margin_yoy": -0.6055692633063094,
      "rev_growth_yoy": -0.0916062577697412,
      "rev_growth_yoy_accel": 0.006289650378556819,
      "op_leverage_ratio": Infinity,
      "fcf_margin_change": 0.11748709198278251
    },
    {
      "date": "2025-09-30T00:00:00",
      "quarter_label": "2025-09 (Q3)",
      "revenue": 113893000,
      "gross_profit": 36892000,
      "operating_income": 3778000,
      "net_income": 997000,
      "opex": 33114000,
      "cogs": 77001000,
      "rd": null,
      "sga": null,
      "fcf": 4823000,
      "ocf": 6761000,
      "capex": -1938000,
      "gross_margin": 0.32391806344551466,
      "op_margin": 0.03317148551710816,
      "fcf_margin": 0.042346764068028765,
      "incr_op_margin_yoy": 18.483478260869564,
      "rev_growth_yoy": 0.01020018981222781,
      "rev_growth_yoy_accel": 0.10180644758196901,
      "op_leverage_ratio": 0.12961472386319284,
      "fcf_margin_change": -0.053965330484534994
    }
  ],
  "signals": [
    {
      "quarter": "2025-09 (Q3)",
      "signal": "YoY REVENUE GROWTH ACCELERATION",
      "detail": "YoY growth: +1.0% vs prior quarter YoY: -9.2% (accel: +10.2%)",
      "severity": "MEDIUM"
    },
    {
      "quarter": "2025-09 (Q3)",
      "signal": "OP MARGIN TURNED POSITIVE (YoY)",
      "detail": "Op margin: -15.5% (year-ago) -> +3.3%",
      "severity": "HIGH"
    },
    {
      "quarter": "2025-06 (Q2)",
      "signal": "FCF TURNED POSITIVE",
      "detail": "FCF margin: -2.1% -> +9.6%",
      "severity": "HIGH"
    },
    {
      "quarter": "2025-03 (Q1)",
      "signal": "OP MARGIN TURNED POSITIVE (YoY)",
      "detail": "Op margin: -0.7% (year-ago) -> +2.0%",
      "severity": "HIGH"
    },
    {
      "quarter": "2024-12 (Q4)",
      "signal": "YoY REVENUE GROWTH DECELERATION",
      "detail": "YoY growth: -5.2% vs prior quarter YoY: +8.9% (decel: -14.1%)",
      "severity": "WARNING"
    },
    {
      "quarter": "2024-12 (Q4)",
      "signal": "INCREMENTAL MARGIN (YoY)",
      "detail": "YoY Incr OPM: +45.7% vs year-ago OPM: +3.0%",
      "severity": "HIGH"
    },
    {
      "quarter": "2024-12 (Q4)",
      "signal": "OP MARGIN TURNED POSITIVE (QoQ)",
      "detail": "Op margin: -15.5% -> +0.7%",
      "severity": "HIGH"
    },
    {
      "quarter": "2024-09 (Q3)",
      "signal": "YoY REVENUE GROWTH DECELERATION",
      "detail": "YoY growth: +8.9% vs prior quarter YoY: +35.4% (decel: -26.5%)",
      "severity": "WARNING"
    },
    {
      "quarter": "2024-06 (Q2)",
      "signal": "FCF TURNED POSITIVE",
      "detail": "FCF margin: -6.3% -> +8.2%",
      "severity": "HIGH"
    },
    {
      "quarter": "2024-06 (Q2)",
      "signal": "YoY REVENUE GROWTH ACCELERATION",
      "detail": "YoY growth: +35.4% vs prior quarter YoY: +30.2% (accel: +5.2%)",
      "severity": "MEDIUM"
    },
    {
      "quarter": "2024-06 (Q2)",
      "signal": "OP MARGIN TURNED POSITIVE (QoQ)",
      "detail": "Op margin: -0.7% -> +0.9%",
      "severity": "HIGH"
    },
    {
      "quarter": "2024-03 (Q1)",
      "signal": "YoY REVENUE GROWTH DECELERATION",
      "detail": "YoY growth: +30.2% vs prior quarter YoY: +70.5% (decel: -40.3%)",
      "severity": "WARNING"
    },
    {
      "quarter": "2023-12 (Q4)",
      "signal": "FCF TURNED POSITIVE",
      "detail": "FCF margin: -6.3% -> +5.3%",
      "severity": "HIGH"
    },
    {
      "quarter": "2023-12 (Q4)",
      "signal": "GROSS MARGIN INFLECTION",
      "detail": "GM: +35.2% -> +28.8% -> +30.9% (reversal +2.1%)",
      "severity": "MEDIUM"
    },
    {
      "quarter": "2023-12 (Q4)",
      "signal": "YoY REVENUE GROWTH ACCELERATION",
      "detail": "YoY growth: +70.5% vs prior quarter YoY: +40.3% (accel: +30.1%)",
      "severity": "HIGH"
    },
    {
      "quarter": "2023-09 (Q3)",
      "signal": "YoY REVENUE GROWTH ACCELERATION",
      "detail": "YoY growth: +40.3% vs prior quarter YoY: +34.1% (accel: +6.3%)",
      "severity": "MEDIUM"
    },
    {
      "quarter": "2023-06 (Q2)",
      "signal": "FCF MARGIN EXPANSION",
      "detail": "FCF margin: +6.9% -> +12.3% (+5.3%)",
      "severity": "MEDIUM"
    },
    {
      "quarter": "2023-03 (Q1)",
      "signal": "YoY REVENUE GROWTH ACCELERATION",
      "detail": "YoY growth: +30.7% vs prior quarter YoY: -8.2% (accel: +38.9%)",
      "severity": "HIGH"
    },
    {
      "quarter": "2022-12 (Q4)",
      "signal": "FCF TURNED POSITIVE",
      "detail": "FCF margin: -11.2% -> +7.2%",
      "severity": "HIGH"
    },
    {
      "quarter": "2022-12 (Q4)",
      "signal": "YoY REVENUE GROWTH DECELERATION",
      "detail": "YoY growth: -8.2% vs prior quarter YoY: +4.6% (decel: -12.8%)",
      "severity": "WARNING"
    },
    {
      "quarter": "2022-12 (Q4)",
      "signal": "INCREMENTAL MARGIN (YoY)",
      "detail": "YoY Incr OPM: +94.6% vs year-ago OPM: +13.8%",
      "severity": "HIGH"
    },
    {
      "quarter": "2022-09 (Q3)",
      "signal": "YoY REVENUE GROWTH ACCELERATION",
      "detail": "YoY growth: +4.6% vs prior quarter YoY: -1.2% (accel: +5.8%)",
      "severity": "MEDIUM"
    },
    {
      "quarter": "2022-06 (Q2)",
      "signal": "FCF TURNED POSITIVE",
      "detail": "FCF margin: -4.9% -> +7.0%",
      "severity": "HIGH"
    },
    {
      "quarter": "2022-03 (Q1)",
      "signal": "YoY REVENUE GROWTH DECELERATION",
      "detail": "YoY growth: -1.7% vs prior quarter YoY: +20.3% (decel: -22.0%)",
      "severity": "WARNING"
    },
    {
      "quarter": "2022-03 (Q1)",
      "signal": "INCREMENTAL MARGIN (YoY)",
      "detail": "YoY Incr OPM: +226.0% vs year-ago OPM: +15.7%",
      "severity": "HIGH"
    },
    {
      "quarter": "2021-12 (Q4)",
      "signal": "FCF TURNED POSITIVE",
      "detail": "FCF margin: -7.6% -> +1.6%",
      "severity": "HIGH"
    },
    {
      "quarter": "2021-12 (Q4)",
      "signal": "OPERATING LEVERAGE",
      "detail": "Rev growth +6.5% vs OpEx growth +4.3% (leverage: 1.5x)",
      "severity": "MEDIUM"
    },
    {
      "quarter": "2021-12 (Q4)",
      "signal": "INCREMENTAL MARGIN (YoY)",
      "detail": "YoY Incr OPM: +24.5% vs year-ago OPM: +11.7%",
      "severity": "MEDIUM"
    },
    {
      "quarter": "2021-03 (Q1)",
      "signal": "FCF MARGIN EXPANSION",
      "detail": "FCF margin: +7.1% -> +15.6% (+8.5%)",
      "severity": "MEDIUM"
    },
    {
      "quarter": "2021-03 (Q1)",
      "signal": "OPERATING LEVERAGE",
      "detail": "Rev growth +13.5% vs OpEx growth +2.6% (leverage: 5.2x)",
      "severity": "MEDIUM"
    }
  ],
  "data_quality": {
    "n_quarters": 20,
    "coverage": {
      "revenue": [
        20,
        20
      ],
      "gross_profit": [
        20,
        20
      ],
      "op_income": [
        20,
        20
      ],
      "fcf": [
        20,
        20
      ]
    },
    "gaps": [],
    "warnings": []
  },
  "market_cap": null,
  "source": "SEC EDGAR",
  "last_updated": "2026-02-02T23:33:06.550195",
  "sector": "Consumer Cyclical",
  "industry": "Home Improvement Retail"
}