{
  "ticker": "LIVN",
  "name": "LIVANOVA PLC",
  "quarters": [
    {
      "date": "2020-12-31T00:00:00",
      "quarter_label": "2020-12 (Q4)",
      "revenue": 269555000,
      "gross_profit": 166895000,
      "operating_income": -249023000,
      "net_income": -281050000,
      "opex": 415918000,
      "cogs": 95910000,
      "rd": 44480000,
      "sga": 110346000,
      "fcf": 30406000,
      "ocf": 36985000,
      "capex": -6579000,
      "gross_margin": 0.6191500806885423,
      "op_margin": -0.9238300161377084,
      "fcf_margin": 0.11280072712433455
    },
    {
      "date": "2021-03-31T00:00:00",
      "quarter_label": "2021-03 (Q1)",
      "revenue": 247603000,
      "gross_profit": 163408000,
      "operating_income": -4423000,
      "net_income": -29698000,
      "opex": 167831000,
      "cogs": 79216000,
      "rd": 44625000,
      "sga": 112618000,
      "fcf": 11260000,
      "ocf": 19480000,
      "capex": -8220000,
      "gross_margin": 0.6599596935416776,
      "op_margin": -0.017863273062119604,
      "fcf_margin": 0.04547602411925542,
      "fcf_margin_change": -0.06732470300507912
    },
    {
      "date": "2021-06-30T00:00:00",
      "quarter_label": "2021-06 (Q2)",
      "revenue": 264483000,
      "gross_profit": 173680000,
      "operating_income": -34861000,
      "net_income": -55318000,
      "opex": 208541000,
      "cogs": 90803000,
      "rd": 52557000,
      "sga": 122748000,
      "fcf": 19229000,
      "ocf": 25631000,
      "capex": -6402000,
      "gross_margin": 0.6566773667872793,
      "op_margin": -0.1318080935258599,
      "fcf_margin": 0.07270410574592696,
      "op_leverage_ratio": 0.28105260811280025,
      "fcf_margin_change": 0.027228081626671542
    },
    {
      "date": "2021-09-30T00:00:00",
      "quarter_label": "2021-09 (Q3)",
      "revenue": 253215000,
      "gross_profit": 170110000,
      "operating_income": 17868000,
      "net_income": -42237000,
      "opex": 152242000,
      "cogs": 83105000,
      "rd": 42133000,
      "sga": 109042000,
      "fcf": 20682000,
      "ocf": 23953000,
      "capex": -3271000,
      "gross_margin": 0.6718006437217384,
      "op_margin": 0.07056454001540192,
      "fcf_margin": 0.08167762573307269,
      "fcf_margin_change": 0.008973519987145726
    },
    {
      "date": "2021-12-31T00:00:00",
      "quarter_label": "2021-12 (Q4)",
      "revenue": 270064000,
      "gross_profit": 201643000,
      "operating_income": 24754000,
      "net_income": -5127000,
      "opex": 176889000,
      "cogs": 72543000,
      "rd": 44099000,
      "sga": 124433000,
      "fcf": 25895000,
      "ocf": 33480000,
      "capex": -7585000,
      "gross_margin": 0.7466489424728953,
      "op_margin": 0.09165975472480598,
      "fcf_margin": 0.09588467918715564,
      "rev_growth_yoy": 0.0018882973790135594,
      "op_leverage_ratio": 0.4110125821133632,
      "fcf_margin_change": 0.014207053454082949
    },
    {
      "date": "2022-03-31T00:00:00",
      "quarter_label": "2022-03 (Q1)",
      "revenue": 240175000,
      "gross_profit": 168443000,
      "operating_income": 9505000,
      "net_income": 2993000,
      "opex": 158938000,
      "cogs": 71732000,
      "rd": 40918000,
      "sga": 118525000,
      "fcf": 20608000,
      "ocf": 25823000,
      "capex": -5215000,
      "gross_margin": 0.7013344436348495,
      "op_margin": 0.03957530967003227,
      "fcf_margin": 0.08580410117622567,
      "incr_op_margin_yoy": -1.8750673128702209,
      "rev_growth_yoy": -0.029999636514904907,
      "rev_growth_yoy_accel": -0.03188793389391847,
      "fcf_margin_change": -0.010080578010929972
    },
    {
      "date": "2022-06-30T00:00:00",
      "quarter_label": "2022-06 (Q2)",
      "revenue": 254151000,
      "gross_profit": 184350000,
      "operating_income": 31756000,
      "net_income": 16444000,
      "opex": 152594000,
      "cogs": 69801000,
      "rd": 34229000,
      "sga": 116482000,
      "fcf": -16370000,
      "ocf": -10243000,
      "capex": -6127000,
      "gross_margin": 0.7253561858894909,
      "op_margin": 0.12494934113971615,
      "fcf_margin": -0.06441052759973402,
      "incr_op_margin_yoy": -6.4476384049554785,
      "rev_growth_yoy": -0.03906489263960255,
      "rev_growth_yoy_accel": -0.009065256124697642,
      "op_leverage_ratio": Infinity,
      "fcf_margin_change": -0.1502146287759597
    },
    {
      "date": "2022-09-30T00:00:00",
      "quarter_label": "2022-09 (Q3)",
      "revenue": 252605000,
      "gross_profit": 170918000,
      "operating_income": -131973000,
      "net_income": -107344000,
      "opex": 302891000,
      "cogs": 81687000,
      "rd": 35725000,
      "sga": 114630000,
      "fcf": 29597000,
      "ocf": 35638000,
      "capex": -6041000,
      "gross_margin": 0.6766216028978048,
      "op_margin": -0.522448090892896,
      "fcf_margin": 0.11716711862393855,
      "rev_growth_yoy": -0.0024090200027644493,
      "rev_growth_yoy_accel": 0.0366558726368381,
      "fcf_margin_change": 0.18157764622367256
    },
    {
      "date": "2022-12-31T00:00:00",
      "quarter_label": "2022-12 (Q4)",
      "revenue": 274874000,
      "gross_profit": 183517000,
      "operating_income": 13960000,
      "net_income": 1661000,
      "opex": 169557000,
      "cogs": 91357000,
      "rd": 44933000,
      "sga": 119606000,
      "fcf": 9569000,
      "ocf": 18703000,
      "capex": -9134000,
      "gross_margin": 0.6676404461680625,
      "op_margin": 0.05078690600056753,
      "fcf_margin": 0.03481231400568988,
      "incr_op_margin_yoy": -2.244074844074844,
      "rev_growth_yoy": 0.017810593044611647,
      "rev_growth_yoy_accel": 0.020219613047376097,
      "op_leverage_ratio": Infinity,
      "fcf_margin_change": -0.08235480461824868
    },
    {
      "date": "2023-03-31T00:00:00",
      "quarter_label": "2023-03 (Q1)",
      "revenue": 263418000,
      "gross_profit": 174083000,
      "operating_income": -2342000,
      "net_income": 7370000,
      "opex": 176425000,
      "cogs": 89335000,
      "rd": 49986000,
      "sga": 124129000,
      "fcf": 13072000,
      "ocf": 20757000,
      "capex": -7685000,
      "gross_margin": 0.6608622037977663,
      "op_margin": -0.008890812321101824,
      "fcf_margin": 0.04962455109369899,
      "incr_op_margin_yoy": -0.5097018457169901,
      "rev_growth_yoy": 0.09677526803372541,
      "rev_growth_yoy_accel": 0.07896467498911376,
      "fcf_margin_change": 0.014812237088009106
    },
    {
      "date": "2023-06-30T00:00:00",
      "quarter_label": "2023-06 (Q2)",
      "revenue": 293882000,
      "gross_profit": 205197000,
      "operating_income": 17376000,
      "net_income": 1155000,
      "opex": 187821000,
      "cogs": 88685000,
      "rd": 51124000,
      "sga": 125872000,
      "fcf": -23596000,
      "ocf": -17937000,
      "capex": -5659000,
      "gross_margin": 0.6982292212520672,
      "op_margin": 0.05912577156818043,
      "fcf_margin": -0.08029072893202034,
      "incr_op_margin_yoy": -0.3619340061916388,
      "rev_growth_yoy": 0.15632832450000197,
      "rev_growth_yoy_accel": 0.059553056466276566,
      "op_leverage_ratio": 1.7903962691334854,
      "fcf_margin_change": -0.12991528002571934
    },
    {
      "date": "2023-09-30T00:00:00",
      "quarter_label": "2023-09 (Q3)",
      "revenue": 286113000,
      "gross_profit": 201803000,
      "operating_income": 4458000,
      "net_income": -7318000,
      "opex": 197345000,
      "cogs": 84310000,
      "rd": 46541000,
      "sga": 134794000,
      "fcf": 9418000,
      "ocf": 18136000,
      "capex": -8718000,
      "gross_margin": 0.7053262172638084,
      "op_margin": 0.015581256356754149,
      "fcf_margin": 0.03291706423685747,
      "incr_op_margin_yoy": 4.071594843022562,
      "rev_growth_yoy": 0.13264978919657172,
      "rev_growth_yoy_accel": -0.023678535303430254,
      "fcf_margin_change": 0.1132077931688778
    },
    {
      "date": "2023-12-31T00:00:00",
      "quarter_label": "2023-12 (Q4)",
      "revenue": 310132000,
      "gross_profit": 190167000,
      "operating_income": -87990000,
      "net_income": 16339000,
      "opex": 278157000,
      "cogs": 119965000,
      "rd": 46166000,
      "sga": 133334000,
      "fcf": 41039000,
      "ocf": 53958000,
      "capex": -12919000,
      "gross_margin": 0.6131808391265655,
      "op_margin": -0.2837179007648356,
      "fcf_margin": 0.13232752505384804,
      "incr_op_margin_yoy": -2.891542344999716,
      "rev_growth_yoy": 0.12826967992607521,
      "rev_growth_yoy_accel": -0.004380109270496507,
      "op_leverage_ratio": 0.20500648685871573,
      "fcf_margin_change": 0.09941046081699056
    },
    {
      "date": "2024-03-31T00:00:00",
      "quarter_label": "2024-03 (Q1)",
      "revenue": 294912000,
      "gross_profit": 207390000,
      "operating_income": 16246000,
      "net_income": -41943000,
      "opex": 191144000,
      "cogs": 87522000,
      "rd": 45664000,
      "sga": 129863000,
      "fcf": 3583000,
      "ocf": 9981000,
      "capex": -6398000,
      "gross_margin": 0.7032267252604166,
      "op_margin": 0.05508761935763889,
      "fcf_margin": 0.012149386935763888,
      "incr_op_margin_yoy": 0.5902076586016384,
      "rev_growth_yoy": 0.11955902785686627,
      "rev_growth_yoy_accel": -0.008710652069208943,
      "fcf_margin_change": -0.12017813811808414
    },
    {
      "date": "2024-06-30T00:00:00",
      "quarter_label": "2024-06 (Q2)",
      "revenue": 318575000,
      "gross_profit": 218865000,
      "operating_income": 40166000,
      "net_income": 16333000,
      "opex": 178699000,
      "cogs": 99710000,
      "rd": 44737000,
      "sga": 129118000,
      "fcf": 31200000,
      "ocf": 43356000,
      "capex": -12156000,
      "gross_margin": 0.6870124774385937,
      "op_margin": 0.1260802008946088,
      "fcf_margin": 0.09793612179235658,
      "incr_op_margin_yoy": 0.9229336249139433,
      "rev_growth_yoy": 0.08402351964393873,
      "rev_growth_yoy_accel": -0.035535508212927544,
      "op_leverage_ratio": Infinity,
      "fcf_margin_change": 0.08578673485659269
    },
    {
      "date": "2024-09-30T00:00:00",
      "quarter_label": "2024-09 (Q3)",
      "revenue": 318120000,
      "gross_profit": 225264000,
      "operating_income": 35618000,
      "net_income": 32953000,
      "opex": 189646000,
      "cogs": 92856000,
      "rd": 48805000,
      "sga": 131661000,
      "fcf": 32847000,
      "ocf": 50994000,
      "capex": -18147000,
      "gross_margin": 0.7081101471142965,
      "op_margin": 0.11196403872752421,
      "fcf_margin": 0.10325348924933987,
      "incr_op_margin_yoy": 0.9735370387727684,
      "rev_growth_yoy": 0.11186838766501347,
      "rev_growth_yoy_accel": 0.027844868021074748,
      "fcf_margin_change": 0.005317367456983288
    },
    {
      "date": "2024-12-31T00:00:00",
      "quarter_label": "2024-12 (Q4)",
      "revenue": 321830000,
      "gross_profit": 219354000,
      "operating_income": 37021000,
      "net_income": 55891000,
      "opex": 182333000,
      "cogs": 102476000,
      "rd": 43308000,
      "sga": 135623000,
      "fcf": 68301000,
      "ocf": 78707000,
      "capex": -10406000,
      "gross_margin": 0.6815834446757605,
      "op_margin": 0.11503278128204332,
      "fcf_margin": 0.2122269521175776,
      "incr_op_margin_yoy": 10.686527611557532,
      "rev_growth_yoy": 0.03771942269743206,
      "rev_growth_yoy_accel": -0.07414896496758142,
      "op_leverage_ratio": Infinity,
      "fcf_margin_change": 0.10897346286823774
    },
    {
      "date": "2025-03-31T00:00:00",
      "quarter_label": "2025-03 (Q1)",
      "revenue": 316855000,
      "gross_profit": 220775000,
      "operating_income": 48617000,
      "net_income": -327322000,
      "opex": 172158000,
      "cogs": 96080000,
      "rd": 37879000,
      "sga": 133667000,
      "fcf": 13176000,
      "ocf": 23966000,
      "capex": -10790000,
      "gross_margin": 0.6967698158463651,
      "op_margin": 0.15343611431096243,
      "fcf_margin": 0.041583689700336116,
      "incr_op_margin_yoy": 1.4752312810463473,
      "rev_growth_yoy": 0.0744052463107639,
      "rev_growth_yoy_accel": 0.036685823613331836,
      "fcf_margin_change": -0.17064326241724148
    },
    {
      "date": "2025-06-30T00:00:00",
      "quarter_label": "2025-06 (Q2)",
      "revenue": 352524000,
      "gross_profit": 238988000,
      "operating_income": 54183000,
      "net_income": 27161000,
      "opex": 184805000,
      "cogs": 113536000,
      "rd": 47185000,
      "sga": 137780000,
      "fcf": 47773000,
      "ocf": 62920000,
      "capex": -15147000,
      "gross_margin": 0.677933984636507,
      "op_margin": 0.15370017360520136,
      "fcf_margin": 0.1355170144444066,
      "incr_op_margin_yoy": 0.4128840319302483,
      "rev_growth_yoy": 0.10656517303617673,
      "rev_growth_yoy_accel": 0.03215992672541283,
      "op_leverage_ratio": 1.5323926464826658,
      "fcf_margin_change": 0.0939333247440705
    },
    {
      "date": "2025-09-30T00:00:00",
      "quarter_label": "2025-09 (Q3)",
      "revenue": 357753000,
      "gross_profit": 244855000,
      "operating_income": 54012000,
      "net_income": 26784000,
      "opex": 190843000,
      "cogs": 112898000,
      "rd": 48577000,
      "sga": 138522000,
      "fcf": 62177000,
      "ocf": 85057000,
      "capex": -22880000,
      "gross_margin": 0.6844247287933295,
      "op_margin": 0.1509756731599735,
      "fcf_margin": 0.17379868233110554,
      "incr_op_margin_yoy": 0.4641081926677264,
      "rev_growth_yoy": 0.1245850622406639,
      "rev_growth_yoy_accel": 0.018019889204487174,
      "op_leverage_ratio": 0.45399446801634596,
      "fcf_margin_change": 0.03828166788669893
    }
  ],
  "signals": [
    {
      "quarter": "2025-09 (Q3)",
      "signal": "INCREMENTAL MARGIN (YoY)",
      "detail": "YoY Incr OPM: +46.4% vs year-ago OPM: +11.2%",
      "severity": "HIGH"
    },
    {
      "quarter": "2025-06 (Q2)",
      "signal": "FCF MARGIN EXPANSION",
      "detail": "FCF margin: +4.2% -> +13.6% (+9.4%)",
      "severity": "MEDIUM"
    },
    {
      "quarter": "2025-06 (Q2)",
      "signal": "OPERATING LEVERAGE",
      "detail": "Rev growth +11.3% vs OpEx growth +7.3% (leverage: 1.5x)",
      "severity": "MEDIUM"
    },
    {
      "quarter": "2025-06 (Q2)",
      "signal": "INCREMENTAL MARGIN (YoY)",
      "detail": "YoY Incr OPM: +41.3% vs year-ago OPM: +12.6%",
      "severity": "HIGH"
    },
    {
      "quarter": "2025-03 (Q1)",
      "signal": "INCREMENTAL MARGIN (YoY)",
      "detail": "YoY Incr OPM: +147.5% vs year-ago OPM: +5.5%",
      "severity": "HIGH"
    },
    {
      "quarter": "2024-12 (Q4)",
      "signal": "FCF MARGIN EXPANSION",
      "detail": "FCF margin: +10.3% -> +21.2% (+10.9%)",
      "severity": "MEDIUM"
    },
    {
      "quarter": "2024-12 (Q4)",
      "signal": "YoY REVENUE GROWTH DECELERATION",
      "detail": "YoY growth: +3.8% vs prior quarter YoY: +11.2% (decel: -7.4%)",
      "severity": "WARNING"
    },
    {
      "quarter": "2024-12 (Q4)",
      "signal": "OP MARGIN TURNED POSITIVE (YoY)",
      "detail": "Op margin: -28.4% (year-ago) -> +11.5%",
      "severity": "HIGH"
    },
    {
      "quarter": "2024-09 (Q3)",
      "signal": "GROSS MARGIN INFLECTION",
      "detail": "GM: +70.3% -> +68.7% -> +70.8% (reversal +2.1%)",
      "severity": "MEDIUM"
    },
    {
      "quarter": "2024-09 (Q3)",
      "signal": "INCREMENTAL MARGIN (YoY)",
      "detail": "YoY Incr OPM: +97.4% vs year-ago OPM: +1.6%",
      "severity": "HIGH"
    },
    {
      "quarter": "2024-06 (Q2)",
      "signal": "FCF MARGIN EXPANSION",
      "detail": "FCF margin: +1.2% -> +9.8% (+8.6%)",
      "severity": "MEDIUM"
    },
    {
      "quarter": "2024-06 (Q2)",
      "signal": "INCREMENTAL MARGIN (YoY)",
      "detail": "YoY Incr OPM: +92.3% vs year-ago OPM: +5.9%",
      "severity": "HIGH"
    },
    {
      "quarter": "2024-03 (Q1)",
      "signal": "GROSS MARGIN INFLECTION",
      "detail": "GM: +70.5% -> +61.3% -> +70.3% (reversal +9.0%)",
      "severity": "HIGH"
    },
    {
      "quarter": "2024-03 (Q1)",
      "signal": "OP MARGIN TURNED POSITIVE (YoY)",
      "detail": "Op margin: -0.9% (year-ago) -> +5.5%",
      "severity": "HIGH"
    },
    {
      "quarter": "2024-03 (Q1)",
      "signal": "OP MARGIN TURNED POSITIVE (QoQ)",
      "detail": "Op margin: -28.4% -> +5.5%",
      "severity": "HIGH"
    },
    {
      "quarter": "2023-12 (Q4)",
      "signal": "FCF MARGIN EXPANSION",
      "detail": "FCF margin: +3.3% -> +13.2% (+9.9%)",
      "severity": "MEDIUM"
    },
    {
      "quarter": "2023-09 (Q3)",
      "signal": "FCF TURNED POSITIVE",
      "detail": "FCF margin: -8.0% -> +3.3%",
      "severity": "HIGH"
    },
    {
      "quarter": "2023-09 (Q3)",
      "signal": "OP MARGIN TURNED POSITIVE (YoY)",
      "detail": "Op margin: -52.2% (year-ago) -> +1.6%",
      "severity": "HIGH"
    },
    {
      "quarter": "2023-06 (Q2)",
      "signal": "OPERATING LEVERAGE",
      "detail": "Rev growth +11.6% vs OpEx growth +6.5% (leverage: 1.8x)",
      "severity": "MEDIUM"
    },
    {
      "quarter": "2023-06 (Q2)",
      "signal": "GROSS MARGIN INFLECTION",
      "detail": "GM: +66.8% -> +66.1% -> +69.8% (reversal +3.7%)",
      "severity": "MEDIUM"
    },
    {
      "quarter": "2023-06 (Q2)",
      "signal": "YoY REVENUE GROWTH ACCELERATION",
      "detail": "YoY growth: +15.6% vs prior quarter YoY: +9.7% (accel: +6.0%)",
      "severity": "MEDIUM"
    },
    {
      "quarter": "2023-06 (Q2)",
      "signal": "OP MARGIN TURNED POSITIVE (QoQ)",
      "detail": "Op margin: -0.9% -> +5.9%",
      "severity": "HIGH"
    },
    {
      "quarter": "2023-03 (Q1)",
      "signal": "YoY REVENUE GROWTH ACCELERATION",
      "detail": "YoY growth: +9.7% vs prior quarter YoY: +1.8% (accel: +7.9%)",
      "severity": "MEDIUM"
    },
    {
      "quarter": "2022-12 (Q4)",
      "signal": "OP MARGIN TURNED POSITIVE (QoQ)",
      "detail": "Op margin: -52.2% -> +5.1%",
      "severity": "HIGH"
    },
    {
      "quarter": "2022-09 (Q3)",
      "signal": "FCF TURNED POSITIVE",
      "detail": "FCF margin: -6.4% -> +11.7%",
      "severity": "HIGH"
    },
    {
      "quarter": "2022-06 (Q2)",
      "signal": "GROSS MARGIN INFLECTION",
      "detail": "GM: +74.7% -> +70.1% -> +72.5% (reversal +2.4%)",
      "severity": "MEDIUM"
    },
    {
      "quarter": "2022-06 (Q2)",
      "signal": "OP MARGIN TURNED POSITIVE (YoY)",
      "detail": "Op margin: -13.2% (year-ago) -> +12.5%",
      "severity": "HIGH"
    },
    {
      "quarter": "2022-03 (Q1)",
      "signal": "OP MARGIN TURNED POSITIVE (YoY)",
      "detail": "Op margin: -1.8% (year-ago) -> +4.0%",
      "severity": "HIGH"
    },
    {
      "quarter": "2021-12 (Q4)",
      "signal": "OP MARGIN TURNED POSITIVE (YoY)",
      "detail": "Op margin: -92.4% (year-ago) -> +9.2%",
      "severity": "HIGH"
    },
    {
      "quarter": "2021-09 (Q3)",
      "signal": "OP MARGIN TURNED POSITIVE (QoQ)",
      "detail": "Op margin: -13.2% -> +7.1%",
      "severity": "HIGH"
    }
  ],
  "data_quality": {
    "n_quarters": 20,
    "coverage": {
      "revenue": [
        20,
        20
      ],
      "gross_profit": [
        20,
        20
      ],
      "op_income": [
        20,
        20
      ],
      "fcf": [
        20,
        20
      ]
    },
    "gaps": [],
    "warnings": []
  },
  "market_cap": null,
  "source": "SEC EDGAR",
  "last_updated": "2026-02-02T21:17:44.572955",
  "sector": "Healthcare",
  "industry": "Medical Devices"
}