{
  "ticker": "LMB",
  "name": "LIMBACH HOLDINGS, INC.",
  "quarters": [
    {
      "date": "2020-12-31T00:00:00",
      "quarter_label": "2020-12 (Q4)",
      "revenue": 130396000,
      "gross_profit": 18656000,
      "operating_income": 2547000,
      "net_income": 387000,
      "opex": 16109000,
      "cogs": 111740000,
      "rd": null,
      "sga": 16005000,
      "fcf": 4219000,
      "ocf": 4586000,
      "capex": -367000,
      "gross_margin": 0.1430718733703488,
      "op_margin": 0.019532807754839107,
      "fcf_margin": 0.032355286971993004
    },
    {
      "date": "2021-03-31T00:00:00",
      "quarter_label": "2021-03 (Q1)",
      "revenue": 113344000,
      "gross_profit": 17229000,
      "operating_income": -20000,
      "net_income": -2282000,
      "opex": 17249000,
      "cogs": 96115000,
      "rd": null,
      "sga": 17145000,
      "fcf": -17596000,
      "ocf": -17375000,
      "capex": -221000,
      "gross_margin": 0.15200628176171654,
      "op_margin": -0.00017645398080180688,
      "fcf_margin": -0.1552442123094297,
      "fcf_margin_change": -0.1875994992814227
    },
    {
      "date": "2021-06-30T00:00:00",
      "quarter_label": "2021-06 (Q2)",
      "revenue": 121019000,
      "gross_profit": 18690000,
      "operating_income": 1354000,
      "net_income": 732000,
      "opex": 17336000,
      "cogs": 102329000,
      "rd": null,
      "sga": 17232000,
      "fcf": -7514000,
      "ocf": -7234000,
      "capex": -280000,
      "gross_margin": 0.15443855923450037,
      "op_margin": 0.01118832580008098,
      "fcf_margin": -0.062089423974747766,
      "op_leverage_ratio": 13.425316055446302,
      "fcf_margin_change": 0.09315478833468194
    },
    {
      "date": "2021-09-30T00:00:00",
      "quarter_label": "2021-09 (Q3)",
      "revenue": 129177000,
      "gross_profit": 24463000,
      "operating_income": 6074000,
      "net_income": 3986000,
      "opex": 18389000,
      "cogs": 104714000,
      "rd": null,
      "sga": 18302000,
      "fcf": 7642000,
      "ocf": 7828000,
      "capex": -186000,
      "gross_margin": 0.18937581767652137,
      "op_margin": 0.047020754468674764,
      "fcf_margin": 0.059159138236683,
      "op_leverage_ratio": 1.1098151988205065,
      "fcf_margin_change": 0.12124856221143077
    },
    {
      "date": "2021-12-31T00:00:00",
      "quarter_label": "2021-12 (Q4)",
      "revenue": 126811000,
      "gross_profit": 25528000,
      "operating_income": 6582000,
      "net_income": 4278000,
      "opex": 18946000,
      "cogs": 101283000,
      "rd": null,
      "sga": 18757000,
      "fcf": -7556000,
      "ocf": -7452000,
      "capex": -104000,
      "gross_margin": 0.20130745755494397,
      "op_margin": 0.051904014635954294,
      "fcf_margin": -0.05958473633990742,
      "incr_op_margin_yoy": -1.1255230125523012,
      "rev_growth_yoy": -0.02749317463725881,
      "fcf_margin_change": -0.11874387457659041
    },
    {
      "date": "2022-03-31T00:00:00",
      "quarter_label": "2022-03 (Q1)",
      "revenue": 114822000,
      "gross_profit": 18340000,
      "operating_income": -793000,
      "net_income": -1516000,
      "opex": 19133000,
      "cogs": 96482000,
      "rd": null,
      "sga": 18734000,
      "fcf": -3134000,
      "ocf": -2965000,
      "capex": -169000,
      "gross_margin": 0.15972548814687082,
      "op_margin": -0.006906341990210935,
      "fcf_margin": -0.027294420929786973,
      "incr_op_margin_yoy": -0.5230040595399188,
      "rev_growth_yoy": 0.01303994918125353,
      "rev_growth_yoy_accel": 0.04053312381851234,
      "fcf_margin_change": 0.03229031541012045
    },
    {
      "date": "2022-06-30T00:00:00",
      "quarter_label": "2022-06 (Q2)",
      "revenue": 116120000,
      "gross_profit": 21320000,
      "operating_income": 1466000,
      "net_income": 866000,
      "opex": 19854000,
      "cogs": 94800000,
      "rd": null,
      "sga": 18690000,
      "fcf": 15281000,
      "ocf": 15585000,
      "capex": -304000,
      "gross_margin": 0.1836031691353772,
      "op_margin": 0.012624870823286255,
      "fcf_margin": 0.1315966241818808,
      "incr_op_margin_yoy": -0.02286180853235354,
      "rev_growth_yoy": -0.040481246746378666,
      "rev_growth_yoy_accel": -0.053521195927632194,
      "op_leverage_ratio": 0.2999835166684218,
      "fcf_margin_change": 0.1588910451116678
    },
    {
      "date": "2022-09-30T00:00:00",
      "quarter_label": "2022-09 (Q3)",
      "revenue": 122357000,
      "gross_profit": 24854000,
      "operating_income": 5394000,
      "net_income": 3641000,
      "opex": 19460000,
      "cogs": 97503000,
      "rd": null,
      "sga": 18688000,
      "fcf": 10108000,
      "ocf": 10360000,
      "capex": -252000,
      "gross_margin": 0.20312691550136078,
      "op_margin": 0.04408411451735495,
      "fcf_margin": 0.08261072108665626,
      "incr_op_margin_yoy": 0.09970674486803519,
      "rev_growth_yoy": -0.052795776337892966,
      "rev_growth_yoy_accel": -0.0123145295915143,
      "op_leverage_ratio": Infinity,
      "fcf_margin_change": -0.04898590309522455
    },
    {
      "date": "2022-12-31T00:00:00",
      "quarter_label": "2022-12 (Q4)",
      "revenue": 143483000,
      "gross_profit": 29227000,
      "operating_income": 5944000,
      "net_income": 3808000,
      "opex": 23283000,
      "cogs": 114256000,
      "rd": null,
      "sga": 21766000,
      "fcf": 12125000,
      "ocf": 12393000,
      "capex": -268000,
      "gross_margin": 0.20369660517273824,
      "op_margin": 0.04142651045768488,
      "fcf_margin": 0.08450478453893492,
      "incr_op_margin_yoy": -0.03826775431861804,
      "rev_growth_yoy": 0.1314712446081176,
      "rev_growth_yoy_accel": 0.18426702094601055,
      "op_leverage_ratio": 0.8788747615977263,
      "fcf_margin_change": 0.0018940634522786604
    },
    {
      "date": "2023-03-31T00:00:00",
      "quarter_label": "2023-03 (Q1)",
      "revenue": 121009000,
      "gross_profit": 26227000,
      "operating_income": 4653000,
      "net_income": 2993000,
      "opex": 21574000,
      "cogs": 94782000,
      "rd": null,
      "sga": 21050000,
      "fcf": 8443000,
      "ocf": 9366000,
      "capex": -923000,
      "gross_margin": 0.2167359452602699,
      "op_margin": 0.03845168541182887,
      "fcf_margin": 0.06977166987579436,
      "incr_op_margin_yoy": 0.8802327460804914,
      "rev_growth_yoy": 0.053883402135479264,
      "rev_growth_yoy_accel": -0.07758784247263834,
      "fcf_margin_change": -0.014733114663140562
    },
    {
      "date": "2023-06-30T00:00:00",
      "quarter_label": "2023-06 (Q2)",
      "revenue": 124882000,
      "gross_profit": 28513000,
      "operating_income": 7552000,
      "net_income": 5320000,
      "opex": 20961000,
      "cogs": 96369000,
      "rd": null,
      "sga": 20416000,
      "fcf": 16350000,
      "ocf": 16926000,
      "capex": -576000,
      "gross_margin": 0.22831953363975593,
      "op_margin": 0.06047308659374449,
      "fcf_margin": 0.13092359187072597,
      "incr_op_margin_yoy": 0.6945902761926501,
      "rev_growth_yoy": 0.07545642438856355,
      "rev_growth_yoy_accel": 0.021573022253084287,
      "op_leverage_ratio": Infinity,
      "fcf_margin_change": 0.06115192199493161
    },
    {
      "date": "2023-09-30T00:00:00",
      "quarter_label": "2023-09 (Q3)",
      "revenue": 127768000,
      "gross_profit": 31244000,
      "operating_income": 9828000,
      "net_income": 7192000,
      "opex": 21416000,
      "cogs": 96524000,
      "rd": null,
      "sga": 20967000,
      "fcf": 16947000,
      "ocf": 17168000,
      "capex": -221000,
      "gross_margin": 0.24453697326404109,
      "op_margin": 0.07692066871204058,
      "fcf_margin": 0.13263884540730073,
      "incr_op_margin_yoy": 0.8194418776566254,
      "rev_growth_yoy": 0.0442230522160563,
      "rev_growth_yoy_accel": -0.031233372172507254,
      "op_leverage_ratio": 1.0646260355489867,
      "fcf_margin_change": 0.0017152535365747568
    },
    {
      "date": "2023-12-31T00:00:00",
      "quarter_label": "2023-12 (Q4)",
      "revenue": 142691000,
      "gross_profit": 33306000,
      "operating_income": 7251000,
      "net_income": 5249000,
      "opex": 26055000,
      "cogs": 109385000,
      "rd": null,
      "sga": 24964000,
      "fcf": 13360000,
      "ocf": 13906000,
      "capex": -546000,
      "gross_margin": 0.23341345985380998,
      "op_margin": 0.050816099123280375,
      "fcf_margin": 0.09362889039953466,
      "rev_growth_yoy": -0.0055198176787493985,
      "rev_growth_yoy_accel": -0.0497428698948057,
      "op_leverage_ratio": 0.5391976962339952,
      "fcf_margin_change": -0.039009955007766065
    },
    {
      "date": "2024-03-31T00:00:00",
      "quarter_label": "2024-03 (Q1)",
      "revenue": 118976000,
      "gross_profit": 31088000,
      "operating_income": 6532000,
      "net_income": 7586000,
      "opex": 24556000,
      "cogs": 87888000,
      "rd": null,
      "sga": 22876000,
      "fcf": -6485000,
      "ocf": -3944000,
      "capex": -2541000,
      "gross_margin": 0.26129639591178055,
      "op_margin": 0.05490182894029048,
      "fcf_margin": -0.054506791285637436,
      "incr_op_margin_yoy": -0.9242498770290212,
      "rev_growth_yoy": -0.016800403275789404,
      "rev_growth_yoy_accel": -0.011280585597040005,
      "fcf_margin_change": -0.1481356816851721
    },
    {
      "date": "2024-06-30T00:00:00",
      "quarter_label": "2024-06 (Q2)",
      "revenue": 122235000,
      "gross_profit": 33508000,
      "operating_income": 8190000,
      "net_income": 5963000,
      "opex": 25318000,
      "cogs": 88727000,
      "rd": null,
      "sga": 23176000,
      "fcf": 13209000,
      "ocf": 16504000,
      "capex": -3295000,
      "gross_margin": 0.2741277048308586,
      "op_margin": 0.06700208614553933,
      "fcf_margin": 0.10806233893729292,
      "incr_op_margin_yoy": -0.2410275783906309,
      "rev_growth_yoy": -0.021196009032526705,
      "rev_growth_yoy_accel": -0.004395605756737302,
      "op_leverage_ratio": 0.8827295193701917,
      "fcf_margin_change": 0.16256913022293035
    },
    {
      "date": "2024-09-30T00:00:00",
      "quarter_label": "2024-09 (Q3)",
      "revenue": 133920000,
      "gross_profit": 36114000,
      "operating_income": 10888000,
      "net_income": 7484000,
      "opex": 25226000,
      "cogs": 97806000,
      "rd": null,
      "sga": 23748000,
      "fcf": 4583000,
      "ocf": 4934000,
      "capex": -351000,
      "gross_margin": 0.26966845878136203,
      "op_margin": 0.08130227001194743,
      "fcf_margin": 0.034221923536439665,
      "incr_op_margin_yoy": 0.17230169050715213,
      "rev_growth_yoy": 0.04814977146077265,
      "rev_growth_yoy_accel": 0.06934578049329936,
      "op_leverage_ratio": Infinity,
      "fcf_margin_change": -0.07384041540085326
    },
    {
      "date": "2024-12-31T00:00:00",
      "quarter_label": "2024-12 (Q4)",
      "revenue": 143650000,
      "gross_profit": 43571000,
      "operating_income": 13014000,
      "net_income": 9842000,
      "opex": 30557000,
      "cogs": 100079000,
      "rd": null,
      "sga": 27399000,
      "fcf": 17952000,
      "ocf": 19289000,
      "capex": -1337000,
      "gross_margin": 0.3033136094674556,
      "op_margin": 0.09059519665854507,
      "fcf_margin": 0.12497041420118343,
      "rev_growth_yoy": 0.0067208163093677945,
      "rev_growth_yoy_accel": -0.04142895515140486,
      "op_leverage_ratio": 0.34380097856432257,
      "fcf_margin_change": 0.09074849066474378
    },
    {
      "date": "2025-03-31T00:00:00",
      "quarter_label": "2025-03 (Q1)",
      "revenue": 133108000,
      "gross_profit": 36719000,
      "operating_income": 7911000,
      "net_income": 10214000,
      "opex": 28808000,
      "cogs": 96389000,
      "rd": null,
      "sga": 26518000,
      "fcf": 11000,
      "ocf": 2241000,
      "capex": -2230000,
      "gross_margin": 0.2758587012050365,
      "op_margin": 0.05943294167142471,
      "fcf_margin": 8.263966102713585e-05,
      "incr_op_margin_yoy": 0.09757996037362016,
      "rev_growth_yoy": 0.11878025820333513,
      "rev_growth_yoy_accel": 0.11205944189396733,
      "fcf_margin_change": -0.1248877745401563
    },
    {
      "date": "2025-06-30T00:00:00",
      "quarter_label": "2025-06 (Q2)",
      "revenue": 142241000,
      "gross_profit": 39826000,
      "operating_income": 10642000,
      "net_income": 7762000,
      "opex": 29184000,
      "cogs": 102415000,
      "rd": null,
      "sga": 26632000,
      "fcf": 1156000,
      "ocf": 2001000,
      "capex": -845000,
      "gross_margin": 0.2799895951237688,
      "op_margin": 0.07481668435964314,
      "fcf_margin": 0.008127051975168904,
      "incr_op_margin_yoy": 0.12256323103069079,
      "rev_growth_yoy": 0.16366834376406103,
      "rev_growth_yoy_accel": 0.044888085560725904,
      "op_leverage_ratio": 5.2569586750544595,
      "fcf_margin_change": 0.008044412314141767
    },
    {
      "date": "2025-09-30T00:00:00",
      "quarter_label": "2025-09 (Q3)",
      "revenue": 184583000,
      "gross_profit": 44685000,
      "operating_income": 13345000,
      "net_income": 8788000,
      "opex": 31340000,
      "cogs": 139898000,
      "rd": null,
      "sga": 28330000,
      "fcf": 12848000,
      "ocf": 13329000,
      "capex": -481000,
      "gross_margin": 0.24208621595704913,
      "op_margin": 0.07229809895819225,
      "fcf_margin": 0.06960554330572155,
      "incr_op_margin_yoy": 0.04849693069893216,
      "rev_growth_yoy": 0.37830794504181603,
      "rev_growth_yoy_accel": 0.214639601277755,
      "op_leverage_ratio": 4.029420866221989,
      "fcf_margin_change": 0.06147849133055265
    }
  ],
  "signals": [
    {
      "quarter": "2025-09 (Q3)",
      "signal": "FCF MARGIN EXPANSION",
      "detail": "FCF margin: +0.8% -> +7.0% (+6.1%)",
      "severity": "MEDIUM"
    },
    {
      "quarter": "2025-09 (Q3)",
      "signal": "OPERATING LEVERAGE",
      "detail": "Rev growth +29.8% vs OpEx growth +7.4% (leverage: 4.0x)",
      "severity": "MEDIUM"
    },
    {
      "quarter": "2025-09 (Q3)",
      "signal": "YoY REVENUE GROWTH ACCELERATION",
      "detail": "YoY growth: +37.8% vs prior quarter YoY: +16.4% (accel: +21.5%)",
      "severity": "HIGH"
    },
    {
      "quarter": "2025-06 (Q2)",
      "signal": "OPERATING LEVERAGE",
      "detail": "Rev growth +6.9% vs OpEx growth +1.3% (leverage: 5.3x)",
      "severity": "MEDIUM"
    },
    {
      "quarter": "2025-03 (Q1)",
      "signal": "YoY REVENUE GROWTH ACCELERATION",
      "detail": "YoY growth: +11.9% vs prior quarter YoY: +0.7% (accel: +11.2%)",
      "severity": "MEDIUM"
    },
    {
      "quarter": "2024-12 (Q4)",
      "signal": "FCF MARGIN EXPANSION",
      "detail": "FCF margin: +3.4% -> +12.5% (+9.1%)",
      "severity": "MEDIUM"
    },
    {
      "quarter": "2024-12 (Q4)",
      "signal": "GROSS MARGIN INFLECTION",
      "detail": "GM: +27.4% -> +27.0% -> +30.3% (reversal +3.4%)",
      "severity": "MEDIUM"
    },
    {
      "quarter": "2024-09 (Q3)",
      "signal": "YoY REVENUE GROWTH ACCELERATION",
      "detail": "YoY growth: +4.8% vs prior quarter YoY: -2.1% (accel: +6.9%)",
      "severity": "MEDIUM"
    },
    {
      "quarter": "2024-06 (Q2)",
      "signal": "FCF TURNED POSITIVE",
      "detail": "FCF margin: -5.5% -> +10.8%",
      "severity": "HIGH"
    },
    {
      "quarter": "2024-03 (Q1)",
      "signal": "GROSS MARGIN INFLECTION",
      "detail": "GM: +24.5% -> +23.3% -> +26.1% (reversal +2.8%)",
      "severity": "MEDIUM"
    },
    {
      "quarter": "2023-09 (Q3)",
      "signal": "INCREMENTAL MARGIN (YoY)",
      "detail": "YoY Incr OPM: +81.9% vs year-ago OPM: +4.4%",
      "severity": "HIGH"
    },
    {
      "quarter": "2023-06 (Q2)",
      "signal": "FCF MARGIN EXPANSION",
      "detail": "FCF margin: +7.0% -> +13.1% (+6.1%)",
      "severity": "MEDIUM"
    },
    {
      "quarter": "2023-06 (Q2)",
      "signal": "INCREMENTAL MARGIN (YoY)",
      "detail": "YoY Incr OPM: +69.5% vs year-ago OPM: +1.3%",
      "severity": "HIGH"
    },
    {
      "quarter": "2023-03 (Q1)",
      "signal": "YoY REVENUE GROWTH DECELERATION",
      "detail": "YoY growth: +5.4% vs prior quarter YoY: +13.1% (decel: -7.8%)",
      "severity": "WARNING"
    },
    {
      "quarter": "2023-03 (Q1)",
      "signal": "OP MARGIN TURNED POSITIVE (YoY)",
      "detail": "Op margin: -0.7% (year-ago) -> +3.8%",
      "severity": "HIGH"
    },
    {
      "quarter": "2022-12 (Q4)",
      "signal": "YoY REVENUE GROWTH ACCELERATION",
      "detail": "YoY growth: +13.1% vs prior quarter YoY: -5.3% (accel: +18.4%)",
      "severity": "HIGH"
    },
    {
      "quarter": "2022-06 (Q2)",
      "signal": "FCF TURNED POSITIVE",
      "detail": "FCF margin: -2.7% -> +13.2%",
      "severity": "HIGH"
    },
    {
      "quarter": "2022-06 (Q2)",
      "signal": "GROSS MARGIN INFLECTION",
      "detail": "GM: +20.1% -> +16.0% -> +18.4% (reversal +2.4%)",
      "severity": "MEDIUM"
    },
    {
      "quarter": "2022-06 (Q2)",
      "signal": "YoY REVENUE GROWTH DECELERATION",
      "detail": "YoY growth: -4.0% vs prior quarter YoY: +1.3% (decel: -5.4%)",
      "severity": "WARNING"
    },
    {
      "quarter": "2022-06 (Q2)",
      "signal": "OP MARGIN TURNED POSITIVE (QoQ)",
      "detail": "Op margin: -0.7% -> +1.3%",
      "severity": "HIGH"
    },
    {
      "quarter": "2021-09 (Q3)",
      "signal": "FCF TURNED POSITIVE",
      "detail": "FCF margin: -6.2% -> +5.9%",
      "severity": "HIGH"
    },
    {
      "quarter": "2021-06 (Q2)",
      "signal": "FCF MARGIN EXPANSION",
      "detail": "FCF margin: -15.5% -> -6.2% (+9.3%)",
      "severity": "MEDIUM"
    },
    {
      "quarter": "2021-06 (Q2)",
      "signal": "OPERATING LEVERAGE",
      "detail": "Rev growth +6.8% vs OpEx growth +0.5% (leverage: 13.4x)",
      "severity": "MEDIUM"
    },
    {
      "quarter": "2021-06 (Q2)",
      "signal": "OP MARGIN TURNED POSITIVE (QoQ)",
      "detail": "Op margin: -0.0% -> +1.1%",
      "severity": "HIGH"
    }
  ],
  "data_quality": {
    "n_quarters": 20,
    "coverage": {
      "revenue": [
        20,
        20
      ],
      "gross_profit": [
        20,
        20
      ],
      "op_income": [
        20,
        20
      ],
      "fcf": [
        20,
        20
      ]
    },
    "gaps": [],
    "warnings": []
  },
  "market_cap": null,
  "source": "SEC EDGAR",
  "last_updated": "2026-02-02T22:01:58.189180"
}