{
  "ticker": "LMNR",
  "name": "Limoneira Company",
  "quarters": [
    {
      "date": "2021-01-31T00:00:00",
      "quarter_label": "2021-01 (Q1)",
      "revenue": 38275000,
      "gross_profit": 1337000,
      "operating_income": -5640000,
      "net_income": -4208000,
      "opex": 43915000,
      "cogs": 36938000,
      "rd": null,
      "sga": 5895000,
      "fcf": -1790000,
      "ocf": -1790000,
      "capex": null,
      "gross_margin": 0.03493141737426519,
      "op_margin": -0.1473546701502286,
      "fcf_margin": -0.04676681907250163
    },
    {
      "date": "2021-04-30T00:00:00",
      "quarter_label": "2021-04 (Q2)",
      "revenue": 45132000,
      "gross_profit": 8690000,
      "operating_income": 2384000,
      "net_income": 1933000,
      "opex": 42748000,
      "cogs": 36442000,
      "rd": null,
      "sga": 5216000,
      "fcf": 6433000,
      "ocf": 6433000,
      "capex": null,
      "gross_margin": 0.19254630860586724,
      "op_margin": 0.05282283080740938,
      "fcf_margin": 0.14253744571479215,
      "op_leverage_ratio": Infinity,
      "fcf_margin_change": 0.18930426478729379
    },
    {
      "date": "2021-07-31T00:00:00",
      "quarter_label": "2021-07 (Q3)",
      "revenue": 49125000,
      "gross_profit": 8434000,
      "operating_income": 3374000,
      "net_income": 3705000,
      "opex": 45751000,
      "cogs": 40691000,
      "rd": null,
      "sga": 4043000,
      "fcf": 12159000,
      "ocf": 12159000,
      "capex": null,
      "gross_margin": 0.17168447837150128,
      "op_margin": 0.06868193384223918,
      "fcf_margin": 0.24751145038167938,
      "op_leverage_ratio": 1.2594333788165215,
      "fcf_margin_change": 0.10497400466688722
    },
    {
      "date": "2021-10-31T00:00:00",
      "quarter_label": "2021-10 (Q4)",
      "revenue": 33495000,
      "gross_profit": -926000,
      "operating_income": -6451000,
      "net_income": -4871000,
      "opex": 39946000,
      "cogs": 34421000,
      "rd": null,
      "sga": 4273000,
      "fcf": -7197000,
      "ocf": -7197000,
      "capex": null,
      "gross_margin": -0.027645917301089715,
      "op_margin": -0.19259590983728914,
      "fcf_margin": -0.21486789072995968,
      "fcf_margin_change": -0.46237934111163903
    },
    {
      "date": "2022-01-31T00:00:00",
      "quarter_label": "2022-01 (Q1)",
      "revenue": 39274000,
      "gross_profit": -1970000,
      "operating_income": -9558000,
      "net_income": -6518000,
      "opex": 48832000,
      "cogs": 41244000,
      "rd": null,
      "sga": 6599000,
      "fcf": -8162000,
      "ocf": -8162000,
      "capex": null,
      "gross_margin": -0.050160411468146864,
      "op_margin": -0.2433671131028161,
      "fcf_margin": -0.20782196873249478,
      "rev_growth_yoy": 0.026100587851077727,
      "op_leverage_ratio": 0.775603394435032,
      "fcf_margin_change": 0.007045921997464899
    },
    {
      "date": "2022-04-30T00:00:00",
      "quarter_label": "2022-04 (Q2)",
      "revenue": 46750000,
      "gross_profit": 9151000,
      "operating_income": 2586000,
      "net_income": 1561000,
      "opex": 44164000,
      "cogs": 37599000,
      "rd": null,
      "sga": 5126000,
      "fcf": 7002000,
      "ocf": 7002000,
      "capex": null,
      "gross_margin": 0.1957433155080214,
      "op_margin": 0.055315508021390375,
      "fcf_margin": 0.14977540106951873,
      "incr_op_margin_yoy": 0.12484548825710753,
      "rev_growth_yoy": 0.03585039439865284,
      "rev_growth_yoy_accel": 0.009749806547575113,
      "op_leverage_ratio": Infinity,
      "fcf_margin_change": 0.3575973698020135
    },
    {
      "date": "2022-07-31T00:00:00",
      "quarter_label": "2022-07 (Q3)",
      "revenue": 58923000,
      "gross_profit": 17460000,
      "operating_income": 11060000,
      "net_income": 7377000,
      "opex": 47863000,
      "cogs": 41463000,
      "rd": null,
      "sga": 5031000,
      "fcf": 12079000,
      "ocf": 12079000,
      "capex": null,
      "gross_margin": 0.2963189246983351,
      "op_margin": 0.1877025949120038,
      "fcf_margin": 0.20499635117017123,
      "incr_op_margin_yoy": 0.7844458052663809,
      "rev_growth_yoy": 0.1994503816793893,
      "rev_growth_yoy_accel": 0.16359998728073646,
      "op_leverage_ratio": 3.1088522089363653,
      "fcf_margin_change": 0.055220950100652505
    },
    {
      "date": "2022-10-31T00:00:00",
      "quarter_label": "2022-10 (Q4)",
      "revenue": 39658000,
      "gross_profit": -687000,
      "operating_income": -1887000,
      "net_income": -2656000,
      "opex": 41545000,
      "cogs": 40345000,
      "rd": null,
      "sga": 5059000,
      "fcf": 3911000,
      "ocf": 3911000,
      "capex": null,
      "gross_margin": -0.01732311261283978,
      "op_margin": -0.04758182460033285,
      "fcf_margin": 0.09861818548590448,
      "incr_op_margin_yoy": 0.7405484342041214,
      "rev_growth_yoy": 0.18399761158381847,
      "rev_growth_yoy_accel": -0.015452770095570834,
      "fcf_margin_change": -0.10637816568426675
    },
    {
      "date": "2023-01-31T00:00:00",
      "quarter_label": "2023-01 (Q1)",
      "revenue": 37901000,
      "gross_profit": -3340000,
      "operating_income": 25884000,
      "net_income": 15631000,
      "opex": 12017000,
      "cogs": 41241000,
      "rd": null,
      "sga": 9280000,
      "fcf": -21190000,
      "ocf": -21190000,
      "capex": null,
      "gross_margin": -0.08812432389646711,
      "op_margin": 0.6829371256695074,
      "fcf_margin": -0.5590881507084245,
      "incr_op_margin_yoy": -25.813546977421705,
      "rev_growth_yoy": -0.03495951520089627,
      "rev_growth_yoy_accel": -0.21895712678471474,
      "fcf_margin_change": -0.657706336194329
    },
    {
      "date": "2023-04-30T00:00:00",
      "quarter_label": "2023-04 (Q2)",
      "revenue": 48070000,
      "gross_profit": 9881000,
      "operating_income": -3862000,
      "net_income": -1613000,
      "opex": 51932000,
      "cogs": 38189000,
      "rd": null,
      "sga": 6005000,
      "fcf": 2747000,
      "ocf": 2747000,
      "capex": null,
      "gross_margin": 0.20555439983357604,
      "op_margin": -0.08034116912835448,
      "fcf_margin": 0.05714582899937591,
      "incr_op_margin_yoy": -4.884848484848485,
      "rev_growth_yoy": 0.02823529411764706,
      "rev_growth_yoy_accel": 0.06319480931854332,
      "op_leverage_ratio": 0.08077696026723737,
      "fcf_margin_change": 0.6162339797078005
    },
    {
      "date": "2023-07-31T00:00:00",
      "quarter_label": "2023-07 (Q3)",
      "revenue": 52497000,
      "gross_profit": 5652000,
      "operating_income": -1549000,
      "net_income": -1163000,
      "opex": 54046000,
      "cogs": 46845000,
      "rd": null,
      "sga": 4622000,
      "fcf": 5855000,
      "ocf": 5855000,
      "capex": null,
      "gross_margin": 0.10766329504543116,
      "op_margin": -0.02950644798750405,
      "fcf_margin": 0.11153018267710536,
      "incr_op_margin_yoy": 1.9621848739495797,
      "rev_growth_yoy": -0.10905758362608828,
      "rev_growth_yoy_accel": -0.13729287774373533,
      "op_leverage_ratio": 2.262379543865291,
      "fcf_margin_change": 0.05438435367772945
    },
    {
      "date": "2023-10-31T00:00:00",
      "quarter_label": "2023-10 (Q4)",
      "revenue": 41433000,
      "gross_profit": -1461000,
      "operating_income": -9690000,
      "net_income": -3455000,
      "opex": 51123000,
      "cogs": 42894000,
      "rd": null,
      "sga": 6548000,
      "fcf": -3282000,
      "ocf": -3282000,
      "capex": null,
      "gross_margin": -0.03526174788212295,
      "op_margin": -0.2338715516617189,
      "fcf_margin": -0.07921222214177105,
      "incr_op_margin_yoy": -4.396056338028169,
      "rev_growth_yoy": 0.04475767814816683,
      "rev_growth_yoy_accel": 0.1538152617742551,
      "fcf_margin_change": -0.19074240481887642
    },
    {
      "date": "2024-01-31T00:00:00",
      "quarter_label": "2024-01 (Q1)",
      "revenue": 39731000,
      "gross_profit": 617000,
      "operating_income": -7745000,
      "net_income": -3585000,
      "opex": 47476000,
      "cogs": 39114000,
      "rd": null,
      "sga": 7345000,
      "fcf": -10271000,
      "ocf": -10271000,
      "capex": null,
      "gross_margin": 0.015529435453424278,
      "op_margin": -0.19493594422491253,
      "fcf_margin": -0.25851350330975814,
      "incr_op_margin_yoy": -18.376502732240436,
      "rev_growth_yoy": 0.04828368644626791,
      "rev_growth_yoy_accel": 0.0035260082981010826,
      "fcf_margin_change": -0.1793012811679871
    },
    {
      "date": "2024-04-30T00:00:00",
      "quarter_label": "2024-04 (Q2)",
      "revenue": 44606000,
      "gross_profit": 4170000,
      "operating_income": -4675000,
      "net_income": 6567000,
      "opex": 49281000,
      "cogs": 40436000,
      "rd": null,
      "sga": 7368000,
      "fcf": -3024000,
      "ocf": -3024000,
      "capex": null,
      "gross_margin": 0.09348518136573555,
      "op_margin": -0.10480652826973949,
      "fcf_margin": -0.06779357037169888,
      "incr_op_margin_yoy": 0.2346997690531178,
      "rev_growth_yoy": -0.07206157686706886,
      "rev_growth_yoy_accel": -0.12034526331333678,
      "op_leverage_ratio": 3.227320070967562,
      "fcf_margin_change": 0.19071993293805928
    },
    {
      "date": "2024-07-31T00:00:00",
      "quarter_label": "2024-07 (Q3)",
      "revenue": 63305000,
      "gross_profit": 17868000,
      "operating_income": 8993000,
      "net_income": 6593000,
      "opex": 54312000,
      "cogs": 45437000,
      "rd": null,
      "sga": 6994000,
      "fcf": 24561000,
      "ocf": 24561000,
      "capex": null,
      "gross_margin": 0.2822525866835163,
      "op_margin": 0.1420582892346576,
      "fcf_margin": 0.3879788326356528,
      "incr_op_margin_yoy": 0.9753886010362695,
      "rev_growth_yoy": 0.2058784311484466,
      "rev_growth_yoy_accel": 0.27794000801551544,
      "op_leverage_ratio": 4.106296416640004,
      "fcf_margin_change": 0.45577240300735167
    },
    {
      "date": "2024-10-31T00:00:00",
      "quarter_label": "2024-10 (Q4)",
      "revenue": 43861000,
      "gross_profit": 4041000,
      "operating_income": -2751000,
      "net_income": -1859000,
      "opex": 46612000,
      "cogs": 39820000,
      "rd": null,
      "sga": 5757000,
      "fcf": 6587000,
      "ocf": 6587000,
      "capex": null,
      "gross_margin": 0.09213196233556006,
      "op_margin": -0.06272086819725953,
      "fcf_margin": 0.15017897448758577,
      "incr_op_margin_yoy": 2.8579077429983526,
      "rev_growth_yoy": 0.05860063234619747,
      "rev_growth_yoy_accel": -0.14727779880224912,
      "fcf_margin_change": -0.23779985814806703
    },
    {
      "date": "2025-01-31T00:00:00",
      "quarter_label": "2025-01 (Q1)",
      "revenue": 34305000,
      "gross_profit": 806000,
      "operating_income": -5346000,
      "net_income": -3074000,
      "opex": 39651000,
      "cogs": 33499000,
      "rd": null,
      "sga": 6475000,
      "fcf": -12912000,
      "ocf": -12912000,
      "capex": null,
      "gross_margin": 0.0234951173298353,
      "op_margin": -0.15583734149540884,
      "fcf_margin": -0.3763882815916047,
      "incr_op_margin_yoy": -0.44213048286030227,
      "rev_growth_yoy": -0.13656842264226926,
      "rev_growth_yoy_accel": -0.19516905498846673,
      "fcf_margin_change": -0.5265672560791905
    },
    {
      "date": "2025-04-30T00:00:00",
      "quarter_label": "2025-04 (Q2)",
      "revenue": 35119000,
      "gross_profit": 3415000,
      "operating_income": -3345000,
      "net_income": -3361000,
      "opex": 38464000,
      "cogs": 31704000,
      "rd": null,
      "sga": 5733000,
      "fcf": 8928000,
      "ocf": 8928000,
      "capex": null,
      "gross_margin": 0.09724080981804721,
      "op_margin": -0.09524758677638885,
      "fcf_margin": 0.2542213616560836,
      "incr_op_margin_yoy": -0.140191841467271,
      "rev_growth_yoy": -0.21268439223422858,
      "rev_growth_yoy_accel": -0.07611596959195932,
      "op_leverage_ratio": Infinity,
      "fcf_margin_change": 0.6306096432476883
    },
    {
      "date": "2025-07-31T00:00:00",
      "quarter_label": "2025-07 (Q3)",
      "revenue": 47478000,
      "gross_profit": 5428000,
      "operating_income": -630000,
      "net_income": -855000,
      "opex": 48108000,
      "cogs": 42050000,
      "rd": null,
      "sga": 4957000,
      "fcf": -2967000,
      "ocf": -2967000,
      "capex": null,
      "gross_margin": 0.11432663549433422,
      "op_margin": -0.013269303677492733,
      "fcf_margin": -0.06249210160495387,
      "incr_op_margin_yoy": 0.6080116257029128,
      "rev_growth_yoy": -0.2500118474054182,
      "rev_growth_yoy_accel": -0.03732745517118963,
      "op_leverage_ratio": 1.4035840859570083,
      "fcf_margin_change": -0.3167134632610375
    },
    {
      "date": "2025-10-31T00:00:00",
      "quarter_label": "2025-10 (Q4)",
      "revenue": 42821000,
      "gross_profit": -4736000,
      "operating_income": -11084000,
      "net_income": -8691000,
      "opex": 53905000,
      "cogs": 47557000,
      "rd": null,
      "sga": 7310000,
      "fcf": 942000,
      "ocf": 942000,
      "capex": null,
      "gross_margin": -0.11059993928212793,
      "op_margin": -0.2588449592489666,
      "fcf_margin": 0.02199855211228136,
      "incr_op_margin_yoy": 8.0125,
      "rev_growth_yoy": -0.023711269692893458,
      "rev_growth_yoy_accel": 0.22630057771252476,
      "fcf_margin_change": 0.08449065371723523
    }
  ],
  "signals": [
    {
      "quarter": "2025-10 (Q4)",
      "signal": "FCF TURNED POSITIVE",
      "detail": "FCF margin: -6.2% -> +2.2%",
      "severity": "HIGH"
    },
    {
      "quarter": "2025-10 (Q4)",
      "signal": "YoY REVENUE GROWTH ACCELERATION",
      "detail": "YoY growth: -2.4% vs prior quarter YoY: -25.0% (accel: +22.6%)",
      "severity": "HIGH"
    },
    {
      "quarter": "2025-04 (Q2)",
      "signal": "FCF TURNED POSITIVE",
      "detail": "FCF margin: -37.6% -> +25.4%",
      "severity": "HIGH"
    },
    {
      "quarter": "2025-04 (Q2)",
      "signal": "GROSS MARGIN INFLECTION",
      "detail": "GM: +9.2% -> +2.3% -> +9.7% (reversal +7.4%)",
      "severity": "HIGH"
    },
    {
      "quarter": "2025-04 (Q2)",
      "signal": "YoY REVENUE GROWTH DECELERATION",
      "detail": "YoY growth: -21.3% vs prior quarter YoY: -13.7% (decel: -7.6%)",
      "severity": "WARNING"
    },
    {
      "quarter": "2025-01 (Q1)",
      "signal": "YoY REVENUE GROWTH DECELERATION",
      "detail": "YoY growth: -13.7% vs prior quarter YoY: +5.9% (decel: -19.5%)",
      "severity": "WARNING"
    },
    {
      "quarter": "2024-10 (Q4)",
      "signal": "YoY REVENUE GROWTH DECELERATION",
      "detail": "YoY growth: +5.9% vs prior quarter YoY: +20.6% (decel: -14.7%)",
      "severity": "WARNING"
    },
    {
      "quarter": "2024-07 (Q3)",
      "signal": "FCF TURNED POSITIVE",
      "detail": "FCF margin: -6.8% -> +38.8%",
      "severity": "HIGH"
    },
    {
      "quarter": "2024-07 (Q3)",
      "signal": "OPERATING LEVERAGE",
      "detail": "Rev growth +41.9% vs OpEx growth +10.2% (leverage: 4.1x)",
      "severity": "MEDIUM"
    },
    {
      "quarter": "2024-07 (Q3)",
      "signal": "YoY REVENUE GROWTH ACCELERATION",
      "detail": "YoY growth: +20.6% vs prior quarter YoY: -7.2% (accel: +27.8%)",
      "severity": "HIGH"
    },
    {
      "quarter": "2024-07 (Q3)",
      "signal": "OP MARGIN TURNED POSITIVE (YoY)",
      "detail": "Op margin: -3.0% (year-ago) -> +14.2%",
      "severity": "HIGH"
    },
    {
      "quarter": "2024-07 (Q3)",
      "signal": "OP MARGIN TURNED POSITIVE (QoQ)",
      "detail": "Op margin: -10.5% -> +14.2%",
      "severity": "HIGH"
    },
    {
      "quarter": "2024-04 (Q2)",
      "signal": "FCF MARGIN EXPANSION",
      "detail": "FCF margin: -25.9% -> -6.8% (+19.1%)",
      "severity": "MEDIUM"
    },
    {
      "quarter": "2024-04 (Q2)",
      "signal": "OPERATING LEVERAGE",
      "detail": "Rev growth +12.3% vs OpEx growth +3.8% (leverage: 3.2x)",
      "severity": "MEDIUM"
    },
    {
      "quarter": "2024-04 (Q2)",
      "signal": "YoY REVENUE GROWTH DECELERATION",
      "detail": "YoY growth: -7.2% vs prior quarter YoY: +4.8% (decel: -12.0%)",
      "severity": "WARNING"
    },
    {
      "quarter": "2024-01 (Q1)",
      "signal": "GROSS MARGIN INFLECTION",
      "detail": "GM: +10.8% -> -3.5% -> +1.6% (reversal +5.1%)",
      "severity": "HIGH"
    },
    {
      "quarter": "2023-10 (Q4)",
      "signal": "YoY REVENUE GROWTH ACCELERATION",
      "detail": "YoY growth: +4.5% vs prior quarter YoY: -10.9% (accel: +15.4%)",
      "severity": "HIGH"
    },
    {
      "quarter": "2023-07 (Q3)",
      "signal": "FCF MARGIN EXPANSION",
      "detail": "FCF margin: +5.7% -> +11.2% (+5.4%)",
      "severity": "MEDIUM"
    },
    {
      "quarter": "2023-07 (Q3)",
      "signal": "OPERATING LEVERAGE",
      "detail": "Rev growth +9.2% vs OpEx growth +4.1% (leverage: 2.3x)",
      "severity": "MEDIUM"
    },
    {
      "quarter": "2023-07 (Q3)",
      "signal": "YoY REVENUE GROWTH DECELERATION",
      "detail": "YoY growth: -10.9% vs prior quarter YoY: +2.8% (decel: -13.7%)",
      "severity": "WARNING"
    },
    {
      "quarter": "2023-04 (Q2)",
      "signal": "FCF TURNED POSITIVE",
      "detail": "FCF margin: -55.9% -> +5.7%",
      "severity": "HIGH"
    },
    {
      "quarter": "2023-04 (Q2)",
      "signal": "GROSS MARGIN INFLECTION",
      "detail": "GM: -1.7% -> -8.8% -> +20.6% (reversal +29.4%)",
      "severity": "HIGH"
    },
    {
      "quarter": "2023-04 (Q2)",
      "signal": "YoY REVENUE GROWTH ACCELERATION",
      "detail": "YoY growth: +2.8% vs prior quarter YoY: -3.5% (accel: +6.3%)",
      "severity": "MEDIUM"
    },
    {
      "quarter": "2023-01 (Q1)",
      "signal": "YoY REVENUE GROWTH DECELERATION",
      "detail": "YoY growth: -3.5% vs prior quarter YoY: +18.4% (decel: -21.9%)",
      "severity": "WARNING"
    },
    {
      "quarter": "2023-01 (Q1)",
      "signal": "OP MARGIN TURNED POSITIVE (YoY)",
      "detail": "Op margin: -24.3% (year-ago) -> +68.3%",
      "severity": "HIGH"
    },
    {
      "quarter": "2023-01 (Q1)",
      "signal": "OP MARGIN TURNED POSITIVE (QoQ)",
      "detail": "Op margin: -4.8% -> +68.3%",
      "severity": "HIGH"
    },
    {
      "quarter": "2022-07 (Q3)",
      "signal": "FCF MARGIN EXPANSION",
      "detail": "FCF margin: +15.0% -> +20.5% (+5.5%)",
      "severity": "MEDIUM"
    },
    {
      "quarter": "2022-07 (Q3)",
      "signal": "OPERATING LEVERAGE",
      "detail": "Rev growth +26.0% vs OpEx growth +8.4% (leverage: 3.1x)",
      "severity": "MEDIUM"
    },
    {
      "quarter": "2022-07 (Q3)",
      "signal": "YoY REVENUE GROWTH ACCELERATION",
      "detail": "YoY growth: +19.9% vs prior quarter YoY: +3.6% (accel: +16.4%)",
      "severity": "HIGH"
    },
    {
      "quarter": "2022-07 (Q3)",
      "signal": "INCREMENTAL MARGIN (YoY)",
      "detail": "YoY Incr OPM: +78.4% vs year-ago OPM: +6.9%",
      "severity": "HIGH"
    },
    {
      "quarter": "2022-04 (Q2)",
      "signal": "FCF TURNED POSITIVE",
      "detail": "FCF margin: -20.8% -> +15.0%",
      "severity": "HIGH"
    },
    {
      "quarter": "2022-04 (Q2)",
      "signal": "GROSS MARGIN INFLECTION",
      "detail": "GM: -2.8% -> -5.0% -> +19.6% (reversal +24.6%)",
      "severity": "HIGH"
    },
    {
      "quarter": "2022-04 (Q2)",
      "signal": "OP MARGIN TURNED POSITIVE (QoQ)",
      "detail": "Op margin: -24.3% -> +5.5%",
      "severity": "HIGH"
    },
    {
      "quarter": "2021-07 (Q3)",
      "signal": "FCF MARGIN EXPANSION",
      "detail": "FCF margin: +14.3% -> +24.8% (+10.5%)",
      "severity": "MEDIUM"
    },
    {
      "quarter": "2021-04 (Q2)",
      "signal": "FCF TURNED POSITIVE",
      "detail": "FCF margin: -4.7% -> +14.3%",
      "severity": "HIGH"
    },
    {
      "quarter": "2021-04 (Q2)",
      "signal": "OP MARGIN TURNED POSITIVE (QoQ)",
      "detail": "Op margin: -14.7% -> +5.3%",
      "severity": "HIGH"
    }
  ],
  "data_quality": {
    "n_quarters": 20,
    "coverage": {
      "revenue": [
        20,
        20
      ],
      "gross_profit": [
        20,
        20
      ],
      "op_income": [
        20,
        20
      ],
      "fcf": [
        20,
        20
      ]
    },
    "gaps": [],
    "warnings": []
  },
  "market_cap": null,
  "source": "SEC EDGAR",
  "last_updated": "2026-02-02T22:52:32.957134"
}