{
  "ticker": "LNG",
  "name": "CHENIERE ENERGY, INC.",
  "quarters": [
    {
      "date": "2020-12-31T00:00:00",
      "quarter_label": "2020-12 (Q4)",
      "revenue": 2787000000,
      "gross_profit": 921000000,
      "operating_income": 276000000,
      "net_income": -194000000,
      "opex": 2511000000,
      "cogs": 1866000000,
      "rd": 1000000,
      "sga": 78000000,
      "fcf": 98000000,
      "ocf": 500000000,
      "capex": -402000000,
      "gross_margin": 0.3304628632938644,
      "op_margin": 0.09903121636167922,
      "fcf_margin": 0.035163257983494796
    },
    {
      "date": "2021-03-31T00:00:00",
      "quarter_label": "2021-03 (Q1)",
      "revenue": 3090000000,
      "gross_profit": 1704000000,
      "operating_income": 1064000000,
      "net_income": 393000000,
      "opex": 2026000000,
      "cogs": 1386000000,
      "rd": 1000000,
      "sga": 81000000,
      "fcf": 876000000,
      "ocf": 1066000000,
      "capex": -190000000,
      "gross_margin": 0.5514563106796116,
      "op_margin": 0.34433656957928804,
      "fcf_margin": 0.283495145631068,
      "op_leverage_ratio": Infinity,
      "fcf_margin_change": 0.2483318876475732
    },
    {
      "date": "2021-06-30T00:00:00",
      "quarter_label": "2021-06 (Q2)",
      "revenue": 3017000000,
      "gross_profit": 863000000,
      "operating_income": 146000000,
      "net_income": -329000000,
      "opex": 2871000000,
      "cogs": 2154000000,
      "rd": 2000000,
      "sga": 73000000,
      "fcf": 57000000,
      "ocf": 307000000,
      "capex": -250000000,
      "gross_margin": 0.2860457408021213,
      "op_margin": 0.04839244282399735,
      "fcf_margin": 0.0188929400066291,
      "fcf_margin_change": -0.26460220562443887
    },
    {
      "date": "2021-09-30T00:00:00",
      "quarter_label": "2021-09 (Q3)",
      "revenue": 3200000000,
      "gross_profit": -1668000000,
      "operating_income": -2350000000,
      "net_income": -1084000000,
      "opex": 5550000000,
      "cogs": 4868000000,
      "rd": 2000000,
      "sga": 70000000,
      "fcf": 363000000,
      "ocf": 684000000,
      "capex": -321000000,
      "gross_margin": -0.52125,
      "op_margin": -0.734375,
      "fcf_margin": 0.1134375,
      "op_leverage_ratio": 0.06500342775782325,
      "fcf_margin_change": 0.0945445599933709
    },
    {
      "date": "2021-12-31T00:00:00",
      "quarter_label": "2021-12 (Q4)",
      "revenue": 6557000000,
      "gross_profit": 1192000000,
      "operating_income": 439000000,
      "net_income": -1323000000,
      "opex": 6118000000,
      "cogs": 5365000000,
      "rd": 2000000,
      "sga": 101000000,
      "fcf": 207000000,
      "ocf": 412000000,
      "capex": -205000000,
      "gross_margin": 0.18179045295104468,
      "op_margin": 0.0669513497026079,
      "fcf_margin": 0.03156931523562605,
      "incr_op_margin_yoy": 0.04323607427055703,
      "rev_growth_yoy": 1.3527090060997489,
      "op_leverage_ratio": 10.250522667253522,
      "fcf_margin_change": -0.08186818476437395
    },
    {
      "date": "2022-03-31T00:00:00",
      "quarter_label": "2022-03 (Q1)",
      "revenue": 7484000000,
      "gross_profit": 148000000,
      "operating_income": -613000000,
      "net_income": -865000000,
      "opex": 8097000000,
      "cogs": 7336000000,
      "rd": 5000000,
      "sga": 96000000,
      "fcf": 2477000000,
      "ocf": 2655000000,
      "capex": -178000000,
      "gross_margin": 0.01977552111170497,
      "op_margin": -0.08190807055050775,
      "fcf_margin": 0.33097274184927844,
      "incr_op_margin_yoy": -0.3816568047337278,
      "rev_growth_yoy": 1.4220064724919095,
      "rev_growth_yoy_accel": 0.06929746639216061,
      "op_leverage_ratio": 0.4370571494824066,
      "fcf_margin_change": 0.2994034266136524
    },
    {
      "date": "2022-06-30T00:00:00",
      "quarter_label": "2022-06 (Q2)",
      "revenue": 8007000000,
      "gross_profit": 2255000000,
      "operating_income": 1477000000,
      "net_income": 741000000,
      "opex": 6530000000,
      "cogs": 5752000000,
      "rd": 3000000,
      "sga": 77000000,
      "fcf": 1672000000,
      "ocf": 2517000000,
      "capex": -845000000,
      "gross_margin": 0.2816285749968777,
      "op_margin": 0.18446359435493942,
      "fcf_margin": 0.20881728487573373,
      "incr_op_margin_yoy": 0.26673346693386774,
      "rev_growth_yoy": 1.6539608882996355,
      "rev_growth_yoy_accel": 0.23195441580772602,
      "op_leverage_ratio": Infinity,
      "fcf_margin_change": -0.12215545697354471
    },
    {
      "date": "2022-09-30T00:00:00",
      "quarter_label": "2022-09 (Q3)",
      "revenue": 8852000000,
      "gross_profit": -2221000000,
      "operating_income": -3016000000,
      "net_income": -2385000000,
      "opex": 11868000000,
      "cogs": 11073000000,
      "rd": 4000000,
      "sga": 92000000,
      "fcf": 2083000000,
      "ocf": 2399000000,
      "capex": -316000000,
      "gross_margin": -0.2509037505648441,
      "op_margin": -0.34071396294622686,
      "fcf_margin": 0.23531405332128333,
      "incr_op_margin_yoy": -0.1178343949044586,
      "rev_growth_yoy": 1.76625,
      "rev_growth_yoy_accel": 0.1122891117003646,
      "op_leverage_ratio": 0.12909858800488502,
      "fcf_margin_change": 0.0264967684455496
    },
    {
      "date": "2022-12-31T00:00:00",
      "quarter_label": "2022-12 (Q4)",
      "revenue": 9085000000,
      "gross_profit": 7614000000,
      "operating_income": 6711000000,
      "net_income": 3937000000,
      "opex": 2374000000,
      "cogs": 1471000000,
      "rd": 4000000,
      "sga": 151000000,
      "fcf": 2461000000,
      "ocf": 2952000000,
      "capex": -491000000,
      "gross_margin": 0.838084755090809,
      "op_margin": 0.7386901485965878,
      "fcf_margin": 0.2708860759493671,
      "incr_op_margin_yoy": 2.481012658227848,
      "rev_growth_yoy": 0.3855421686746988,
      "rev_growth_yoy_accel": -1.3807078313253012,
      "op_leverage_ratio": Infinity,
      "fcf_margin_change": 0.03557202262808376
    },
    {
      "date": "2023-03-31T00:00:00",
      "quarter_label": "2023-03 (Q1)",
      "revenue": 7310000000,
      "gross_profit": 8849000000,
      "operating_income": 7991000000,
      "net_income": 5434000000,
      "opex": -681000000,
      "cogs": -1539000000,
      "rd": 10000000,
      "sga": 107000000,
      "fcf": 2709000000,
      "ocf": 3421000000,
      "capex": -712000000,
      "gross_margin": 1.2105335157318742,
      "op_margin": 1.0931600547195623,
      "fcf_margin": 0.37058823529411766,
      "incr_op_margin_yoy": -49.44827586206897,
      "rev_growth_yoy": -0.023249599144842332,
      "rev_growth_yoy_accel": -0.40879176781954113,
      "fcf_margin_change": 0.09970215934475057
    },
    {
      "date": "2023-06-30T00:00:00",
      "quarter_label": "2023-06 (Q2)",
      "revenue": 4102000000,
      "gross_profit": 3190000000,
      "operating_income": 2308000000,
      "net_income": 1369000000,
      "opex": 1794000000,
      "cogs": 912000000,
      "rd": null,
      "sga": 87000000,
      "fcf": 1247000000,
      "ocf": 1579000000,
      "capex": -332000000,
      "gross_margin": 0.7776694295465627,
      "op_margin": 0.5626523647001462,
      "fcf_margin": 0.30399804973183814,
      "incr_op_margin_yoy": -0.21280409731113956,
      "rev_growth_yoy": -0.48769826401898336,
      "rev_growth_yoy_accel": -0.46444866487414105,
      "fcf_margin_change": -0.06659018556227952
    },
    {
      "date": "2023-09-30T00:00:00",
      "quarter_label": "2023-09 (Q3)",
      "revenue": 4159000000,
      "gross_profit": 3603000000,
      "operating_income": 2755000000,
      "net_income": 1701000000,
      "opex": 1404000000,
      "cogs": 556000000,
      "rd": null,
      "sga": 102000000,
      "fcf": 1312000000,
      "ocf": 1698000000,
      "capex": -386000000,
      "gross_margin": 0.8663140177927386,
      "op_margin": 0.6624188506852609,
      "fcf_margin": 0.31546044722289013,
      "incr_op_margin_yoy": -1.2297038141913488,
      "rev_growth_yoy": -0.5301626751016719,
      "rev_growth_yoy_accel": -0.04246441108268856,
      "op_leverage_ratio": Infinity,
      "fcf_margin_change": 0.01146239749105199
    },
    {
      "date": "2023-12-31T00:00:00",
      "quarter_label": "2023-12 (Q4)",
      "revenue": 4823000000,
      "gross_profit": 3396000000,
      "operating_income": 2435000000,
      "net_income": 1377000000,
      "opex": 2388000000,
      "cogs": 1427000000,
      "rd": null,
      "sga": 178000000,
      "fcf": 1029000000,
      "ocf": 1720000000,
      "capex": -691000000,
      "gross_margin": 0.7041260626166287,
      "op_margin": 0.5048724860045615,
      "fcf_margin": 0.21335268505079827,
      "incr_op_margin_yoy": 1.003284842796809,
      "rev_growth_yoy": -0.4691249312052834,
      "rev_growth_yoy_accel": 0.0610377438963885,
      "op_leverage_ratio": 0.22779866173271016,
      "fcf_margin_change": -0.10210776217209186
    },
    {
      "date": "2024-03-31T00:00:00",
      "quarter_label": "2024-03 (Q1)",
      "revenue": 4253000000,
      "gross_profit": 2017000000,
      "operating_income": 1154000000,
      "net_income": 502000000,
      "opex": 3099000000,
      "cogs": 2236000000,
      "rd": null,
      "sga": 101000000,
      "fcf": 596000000,
      "ocf": 1246000000,
      "capex": -650000000,
      "gross_margin": 0.47425346814013636,
      "op_margin": 0.27133787914413354,
      "fcf_margin": 0.14013637432400658,
      "incr_op_margin_yoy": 2.2365063788027477,
      "rev_growth_yoy": -0.4181942544459644,
      "rev_growth_yoy_accel": 0.050930676759319005,
      "fcf_margin_change": -0.07321631072679169
    },
    {
      "date": "2024-06-30T00:00:00",
      "quarter_label": "2024-06 (Q2)",
      "revenue": 3251000000,
      "gross_profit": 2467000000,
      "operating_income": 1588000000,
      "net_income": 880000000,
      "opex": 1663000000,
      "cogs": 784000000,
      "rd": null,
      "sga": 99000000,
      "fcf": 613000000,
      "ocf": 1116000000,
      "capex": -503000000,
      "gross_margin": 0.7588434327899108,
      "op_margin": 0.48846508766533375,
      "fcf_margin": 0.18855736696401107,
      "incr_op_margin_yoy": 0.8460634547591069,
      "rev_growth_yoy": -0.20745977571916138,
      "rev_growth_yoy_accel": 0.21073447872680304,
      "fcf_margin_change": 0.04842099264000449
    },
    {
      "date": "2024-09-30T00:00:00",
      "quarter_label": "2024-09 (Q3)",
      "revenue": 3763000000,
      "gross_profit": 2508000000,
      "operating_income": 1647000000,
      "net_income": 893000000,
      "opex": 2116000000,
      "cogs": 1255000000,
      "rd": null,
      "sga": 99000000,
      "fcf": 875000000,
      "ocf": 1391000000,
      "capex": -516000000,
      "gross_margin": 0.6664895030560722,
      "op_margin": 0.43768269997342546,
      "fcf_margin": 0.23252723890512889,
      "incr_op_margin_yoy": 2.797979797979798,
      "rev_growth_yoy": -0.09521519596056745,
      "rev_growth_yoy_accel": 0.11224457975859393,
      "op_leverage_ratio": 0.5781586647137951,
      "fcf_margin_change": 0.043969871941117816
    },
    {
      "date": "2024-12-31T00:00:00",
      "quarter_label": "2024-12 (Q4)",
      "revenue": 4436000000,
      "gross_profit": 2690000000,
      "operating_income": 1739000000,
      "net_income": 977000000,
      "opex": 2697000000,
      "cogs": 1746000000,
      "rd": null,
      "sga": 142000000,
      "fcf": 1072000000,
      "ocf": 1641000000,
      "capex": -569000000,
      "gross_margin": 0.6064021641118125,
      "op_margin": 0.3920198376916141,
      "fcf_margin": 0.24165915238954014,
      "incr_op_margin_yoy": 1.7984496124031009,
      "rev_growth_yoy": -0.08024051420277835,
      "rev_growth_yoy_accel": 0.014974681757789099,
      "op_leverage_ratio": 0.6513589378965312,
      "fcf_margin_change": 0.009131913484411253
    },
    {
      "date": "2025-03-31T00:00:00",
      "quarter_label": "2025-03 (Q1)",
      "revenue": 5444000000,
      "gross_profit": 1873000000,
      "operating_income": 961000000,
      "net_income": 353000000,
      "opex": 4483000000,
      "cogs": 3571000000,
      "rd": null,
      "sga": 116000000,
      "fcf": 605000000,
      "ocf": 1228000000,
      "capex": -623000000,
      "gross_margin": 0.34404849375459223,
      "op_margin": 0.17652461425422483,
      "fcf_margin": 0.11113152094048494,
      "incr_op_margin_yoy": -0.16204869857262805,
      "rev_growth_yoy": 0.2800376205031742,
      "rev_growth_yoy_accel": 0.36027813470595255,
      "op_leverage_ratio": 0.34313773998144065,
      "fcf_margin_change": -0.13052763144905521
    },
    {
      "date": "2025-06-30T00:00:00",
      "quarter_label": "2025-06 (Q2)",
      "revenue": 4641000000,
      "gross_profit": 3524000000,
      "operating_income": 2530000000,
      "net_income": 1626000000,
      "opex": 2111000000,
      "cogs": 1117000000,
      "rd": null,
      "sga": 99000000,
      "fcf": -193000000,
      "ocf": 831000000,
      "capex": -1024000000,
      "gross_margin": 0.7593191122602887,
      "op_margin": 0.5451411333764274,
      "fcf_margin": -0.04158586511527688,
      "incr_op_margin_yoy": 0.6776978417266187,
      "rev_growth_yoy": 0.4275607505382959,
      "rev_growth_yoy_accel": 0.14752313003512169,
      "fcf_margin_change": -0.15271738605576182
    },
    {
      "date": "2025-09-30T00:00:00",
      "quarter_label": "2025-09 (Q3)",
      "revenue": 4441000000,
      "gross_profit": 2691000000,
      "operating_income": 1817000000,
      "net_income": 1049000000,
      "opex": 2624000000,
      "cogs": 1750000000,
      "rd": null,
      "sga": 81000000,
      "fcf": 738000000,
      "ocf": 1425000000,
      "capex": -687000000,
      "gross_margin": 0.6059446070704796,
      "op_margin": 0.4091420851159649,
      "fcf_margin": 0.16617878856113488,
      "incr_op_margin_yoy": 0.25073746312684364,
      "rev_growth_yoy": 0.18017539197448845,
      "rev_growth_yoy_accel": -0.24738535856380744,
      "fcf_margin_change": 0.20776465367641175
    }
  ],
  "signals": [
    {
      "quarter": "2025-09 (Q3)",
      "signal": "FCF TURNED POSITIVE",
      "detail": "FCF margin: -4.2% -> +16.6%",
      "severity": "HIGH"
    },
    {
      "quarter": "2025-09 (Q3)",
      "signal": "YoY REVENUE GROWTH DECELERATION",
      "detail": "YoY growth: +18.0% vs prior quarter YoY: +42.8% (decel: -24.7%)",
      "severity": "WARNING"
    },
    {
      "quarter": "2025-06 (Q2)",
      "signal": "GROSS MARGIN INFLECTION",
      "detail": "GM: +60.6% -> +34.4% -> +75.9% (reversal +41.5%)",
      "severity": "HIGH"
    },
    {
      "quarter": "2025-06 (Q2)",
      "signal": "YoY REVENUE GROWTH ACCELERATION",
      "detail": "YoY growth: +42.8% vs prior quarter YoY: +28.0% (accel: +14.8%)",
      "severity": "MEDIUM"
    },
    {
      "quarter": "2025-06 (Q2)",
      "signal": "INCREMENTAL MARGIN (YoY)",
      "detail": "YoY Incr OPM: +67.8% vs year-ago OPM: +48.8%",
      "severity": "MEDIUM"
    },
    {
      "quarter": "2025-03 (Q1)",
      "signal": "YoY REVENUE GROWTH ACCELERATION",
      "detail": "YoY growth: +28.0% vs prior quarter YoY: -8.0% (accel: +36.0%)",
      "severity": "HIGH"
    },
    {
      "quarter": "2024-12 (Q4)",
      "signal": "INCREMENTAL MARGIN (YoY)",
      "detail": "YoY Incr OPM: +179.8% vs year-ago OPM: +50.5%",
      "severity": "HIGH"
    },
    {
      "quarter": "2024-09 (Q3)",
      "signal": "YoY REVENUE GROWTH ACCELERATION",
      "detail": "YoY growth: -9.5% vs prior quarter YoY: -20.7% (accel: +11.2%)",
      "severity": "MEDIUM"
    },
    {
      "quarter": "2024-09 (Q3)",
      "signal": "INCREMENTAL MARGIN (YoY)",
      "detail": "YoY Incr OPM: +279.8% vs year-ago OPM: +66.2%",
      "severity": "HIGH"
    },
    {
      "quarter": "2024-06 (Q2)",
      "signal": "GROSS MARGIN INFLECTION",
      "detail": "GM: +70.4% -> +47.4% -> +75.9% (reversal +28.5%)",
      "severity": "HIGH"
    },
    {
      "quarter": "2024-06 (Q2)",
      "signal": "YoY REVENUE GROWTH ACCELERATION",
      "detail": "YoY growth: -20.7% vs prior quarter YoY: -41.8% (accel: +21.1%)",
      "severity": "HIGH"
    },
    {
      "quarter": "2024-06 (Q2)",
      "signal": "INCREMENTAL MARGIN (YoY)",
      "detail": "YoY Incr OPM: +84.6% vs year-ago OPM: +56.3%",
      "severity": "HIGH"
    },
    {
      "quarter": "2024-03 (Q1)",
      "signal": "YoY REVENUE GROWTH ACCELERATION",
      "detail": "YoY growth: -41.8% vs prior quarter YoY: -46.9% (accel: +5.1%)",
      "severity": "MEDIUM"
    },
    {
      "quarter": "2024-03 (Q1)",
      "signal": "INCREMENTAL MARGIN (YoY)",
      "detail": "YoY Incr OPM: +223.7% vs year-ago OPM: +109.3%",
      "severity": "HIGH"
    },
    {
      "quarter": "2023-12 (Q4)",
      "signal": "YoY REVENUE GROWTH ACCELERATION",
      "detail": "YoY growth: -46.9% vs prior quarter YoY: -53.0% (accel: +6.1%)",
      "severity": "MEDIUM"
    },
    {
      "quarter": "2023-12 (Q4)",
      "signal": "INCREMENTAL MARGIN (YoY)",
      "detail": "YoY Incr OPM: +100.3% vs year-ago OPM: +73.9%",
      "severity": "HIGH"
    },
    {
      "quarter": "2023-09 (Q3)",
      "signal": "GROSS MARGIN INFLECTION",
      "detail": "GM: +121.1% -> +77.8% -> +86.6% (reversal +8.9%)",
      "severity": "HIGH"
    },
    {
      "quarter": "2023-09 (Q3)",
      "signal": "OP MARGIN TURNED POSITIVE (YoY)",
      "detail": "Op margin: -34.1% (year-ago) -> +66.2%",
      "severity": "HIGH"
    },
    {
      "quarter": "2023-06 (Q2)",
      "signal": "YoY REVENUE GROWTH DECELERATION",
      "detail": "YoY growth: -48.8% vs prior quarter YoY: -2.3% (decel: -46.4%)",
      "severity": "WARNING"
    },
    {
      "quarter": "2023-03 (Q1)",
      "signal": "FCF MARGIN EXPANSION",
      "detail": "FCF margin: +27.1% -> +37.1% (+10.0%)",
      "severity": "MEDIUM"
    },
    {
      "quarter": "2023-03 (Q1)",
      "signal": "YoY REVENUE GROWTH DECELERATION",
      "detail": "YoY growth: -2.3% vs prior quarter YoY: +38.6% (decel: -40.9%)",
      "severity": "WARNING"
    },
    {
      "quarter": "2023-03 (Q1)",
      "signal": "OP MARGIN TURNED POSITIVE (YoY)",
      "detail": "Op margin: -8.2% (year-ago) -> +109.3%",
      "severity": "HIGH"
    },
    {
      "quarter": "2022-12 (Q4)",
      "signal": "GROSS MARGIN INFLECTION",
      "detail": "GM: +28.2% -> -25.1% -> +83.8% (reversal +108.9%)",
      "severity": "HIGH"
    },
    {
      "quarter": "2022-12 (Q4)",
      "signal": "YoY REVENUE GROWTH DECELERATION",
      "detail": "YoY growth: +38.6% vs prior quarter YoY: +176.6% (decel: -138.1%)",
      "severity": "WARNING"
    },
    {
      "quarter": "2022-12 (Q4)",
      "signal": "INCREMENTAL MARGIN (YoY)",
      "detail": "YoY Incr OPM: +248.1% vs year-ago OPM: +6.7%",
      "severity": "HIGH"
    },
    {
      "quarter": "2022-12 (Q4)",
      "signal": "OP MARGIN TURNED POSITIVE (QoQ)",
      "detail": "Op margin: -34.1% -> +73.9%",
      "severity": "HIGH"
    },
    {
      "quarter": "2022-09 (Q3)",
      "signal": "YoY REVENUE GROWTH ACCELERATION",
      "detail": "YoY growth: +176.6% vs prior quarter YoY: +165.4% (accel: +11.2%)",
      "severity": "MEDIUM"
    },
    {
      "quarter": "2022-06 (Q2)",
      "signal": "GROSS MARGIN INFLECTION",
      "detail": "GM: +18.2% -> +2.0% -> +28.2% (reversal +26.2%)",
      "severity": "HIGH"
    },
    {
      "quarter": "2022-06 (Q2)",
      "signal": "YoY REVENUE GROWTH ACCELERATION",
      "detail": "YoY growth: +165.4% vs prior quarter YoY: +142.2% (accel: +23.2%)",
      "severity": "HIGH"
    },
    {
      "quarter": "2022-06 (Q2)",
      "signal": "INCREMENTAL MARGIN (YoY)",
      "detail": "YoY Incr OPM: +26.7% vs year-ago OPM: +4.8%",
      "severity": "HIGH"
    },
    {
      "quarter": "2022-06 (Q2)",
      "signal": "OP MARGIN TURNED POSITIVE (QoQ)",
      "detail": "Op margin: -8.2% -> +18.4%",
      "severity": "HIGH"
    },
    {
      "quarter": "2022-03 (Q1)",
      "signal": "FCF MARGIN EXPANSION",
      "detail": "FCF margin: +3.2% -> +33.1% (+29.9%)",
      "severity": "MEDIUM"
    },
    {
      "quarter": "2022-03 (Q1)",
      "signal": "YoY REVENUE GROWTH ACCELERATION",
      "detail": "YoY growth: +142.2% vs prior quarter YoY: +135.3% (accel: +6.9%)",
      "severity": "MEDIUM"
    },
    {
      "quarter": "2021-12 (Q4)",
      "signal": "OPERATING LEVERAGE",
      "detail": "Rev growth +104.9% vs OpEx growth +10.2% (leverage: 10.3x)",
      "severity": "MEDIUM"
    },
    {
      "quarter": "2021-12 (Q4)",
      "signal": "GROSS MARGIN INFLECTION",
      "detail": "GM: +28.6% -> -52.1% -> +18.2% (reversal +70.3%)",
      "severity": "HIGH"
    },
    {
      "quarter": "2021-12 (Q4)",
      "signal": "OP MARGIN TURNED POSITIVE (QoQ)",
      "detail": "Op margin: -73.4% -> +6.7%",
      "severity": "HIGH"
    },
    {
      "quarter": "2021-09 (Q3)",
      "signal": "FCF MARGIN EXPANSION",
      "detail": "FCF margin: +1.9% -> +11.3% (+9.5%)",
      "severity": "MEDIUM"
    },
    {
      "quarter": "2021-03 (Q1)",
      "signal": "FCF MARGIN EXPANSION",
      "detail": "FCF margin: +3.5% -> +28.3% (+24.8%)",
      "severity": "MEDIUM"
    }
  ],
  "data_quality": {
    "n_quarters": 20,
    "coverage": {
      "revenue": [
        20,
        20
      ],
      "gross_profit": [
        20,
        20
      ],
      "op_income": [
        20,
        20
      ],
      "fcf": [
        20,
        20
      ]
    },
    "gaps": [],
    "warnings": []
  },
  "market_cap": null,
  "source": "SEC EDGAR",
  "last_updated": "2026-02-02T20:01:23.932608"
}