{
  "ticker": "LNN",
  "name": "Lindsay Corporation",
  "quarters": [
    {
      "date": "2021-02-28T00:00:00",
      "quarter_label": "2021-02 (Q1)",
      "revenue": 143577000,
      "gross_profit": 41174000,
      "operating_income": 15809000,
      "net_income": 11876000,
      "opex": 25365000,
      "cogs": 102403000,
      "rd": 3312000,
      "sga": null,
      "fcf": -15187000,
      "ocf": -4245000,
      "capex": -10942000,
      "gross_margin": 0.2867729510994101,
      "op_margin": 0.11010816495678277,
      "fcf_margin": -0.1057759947623923
    },
    {
      "date": "2021-05-31T00:00:00",
      "quarter_label": "2021-05 (Q2)",
      "revenue": 161936000,
      "gross_profit": 44056000,
      "operating_income": 21341000,
      "net_income": 17797000,
      "opex": 22715000,
      "cogs": 117880000,
      "rd": 3102000,
      "sga": null,
      "fcf": 13556000,
      "ocf": 19532000,
      "capex": -5976000,
      "gross_margin": 0.2720580970259856,
      "op_margin": 0.13178663175575536,
      "fcf_margin": 0.08371208378618714,
      "op_leverage_ratio": Infinity,
      "fcf_margin_change": 0.18948807854857944
    },
    {
      "date": "2021-08-31T00:00:00",
      "quarter_label": "2021-08 (Q3)",
      "revenue": 153648000,
      "gross_profit": 33567000,
      "operating_income": 9423000,
      "net_income": 5804000,
      "opex": 24144000,
      "cogs": 120081000,
      "rd": 3855000,
      "sga": null,
      "fcf": 9329000,
      "ocf": 13308000,
      "capex": -3979000,
      "gross_margin": 0.21846688534832864,
      "op_margin": 0.06132849109653234,
      "fcf_margin": 0.06071670311361033,
      "fcf_margin_change": -0.022995380672576803
    },
    {
      "date": "2021-11-30T00:00:00",
      "quarter_label": "2021-11 (Q4)",
      "revenue": 166152000,
      "gross_profit": 37438000,
      "operating_income": 13361000,
      "net_income": 7901000,
      "opex": 24077000,
      "cogs": 128714000,
      "rd": 3207000,
      "sga": null,
      "fcf": -27240000,
      "ocf": -24179000,
      "capex": -3061000,
      "gross_margin": 0.2253237998940729,
      "op_margin": 0.08041431941836391,
      "fcf_margin": -0.163946266069623,
      "op_leverage_ratio": Infinity,
      "fcf_margin_change": -0.22466296918323334
    },
    {
      "date": "2022-02-28T00:00:00",
      "quarter_label": "2022-02 (Q1)",
      "revenue": 200137000,
      "gross_profit": 42944000,
      "operating_income": 18338000,
      "net_income": 14566000,
      "opex": 24606000,
      "cogs": 157193000,
      "rd": 3652000,
      "sga": null,
      "fcf": -15537000,
      "ocf": -11672000,
      "capex": -3865000,
      "gross_margin": 0.21457301748302413,
      "op_margin": 0.0916272353437895,
      "fcf_margin": -0.07763182220179177,
      "incr_op_margin_yoy": 0.044713578500707216,
      "rev_growth_yoy": 0.39393496172785336,
      "op_leverage_ratio": 9.30954384492811,
      "fcf_margin_change": 0.08631444386783124
    },
    {
      "date": "2022-05-31T00:00:00",
      "quarter_label": "2022-05 (Q2)",
      "revenue": 214259000,
      "gross_profit": 61680000,
      "operating_income": 35162000,
      "net_income": 25073000,
      "opex": 26518000,
      "cogs": 152579000,
      "rd": 3723000,
      "sga": null,
      "fcf": 5621000,
      "ocf": 10917000,
      "capex": -5296000,
      "gross_margin": 0.2878758885274364,
      "op_margin": 0.1641097923541135,
      "fcf_margin": 0.026234603913954605,
      "incr_op_margin_yoy": 0.264147697953099,
      "rev_growth_yoy": 0.32310912953265486,
      "rev_growth_yoy_accel": -0.0708258321951985,
      "op_leverage_ratio": 0.908075489210393,
      "fcf_margin_change": 0.10386642611574637
    },
    {
      "date": "2022-08-31T00:00:00",
      "quarter_label": "2022-08 (Q3)",
      "revenue": 190196000,
      "gross_profit": 57117000,
      "operating_income": 27782000,
      "net_income": 17929000,
      "opex": 29335000,
      "cogs": 133079000,
      "rd": 4563000,
      "sga": null,
      "fcf": 24609000,
      "ocf": 27982000,
      "capex": -3373000,
      "gross_margin": 0.30030600012618563,
      "op_margin": 0.14607036951355443,
      "fcf_margin": 0.12938757912889862,
      "incr_op_margin_yoy": 0.5023257086571085,
      "rev_growth_yoy": 0.23786837446631262,
      "rev_growth_yoy_accel": -0.08524075506634224,
      "fcf_margin_change": 0.10315297521494401
    },
    {
      "date": "2022-11-30T00:00:00",
      "quarter_label": "2022-11 (Q4)",
      "revenue": 176159000,
      "gross_profit": 53020000,
      "operating_income": 24598000,
      "net_income": 18217000,
      "opex": 28422000,
      "cogs": 123139000,
      "rd": 4308000,
      "sga": null,
      "fcf": 884000,
      "ocf": 4682000,
      "capex": -3798000,
      "gross_margin": 0.30097809365402844,
      "op_margin": 0.13963521591289688,
      "fcf_margin": 0.005018193790836688,
      "incr_op_margin_yoy": 1.1229139602278404,
      "rev_growth_yoy": 0.0602279840146372,
      "rev_growth_yoy_accel": -0.17764039045167543,
      "fcf_margin_change": -0.12436938533806192
    },
    {
      "date": "2023-02-28T00:00:00",
      "quarter_label": "2023-02 (Q1)",
      "revenue": 166241000,
      "gross_profit": 54258000,
      "operating_income": 27265000,
      "net_income": 18052000,
      "opex": 26993000,
      "cogs": 111983000,
      "rd": 4521000,
      "sga": null,
      "fcf": -219000,
      "ocf": 3205000,
      "capex": -3424000,
      "gross_margin": 0.32638157855162087,
      "op_margin": 0.16400887867613886,
      "fcf_margin": -0.0013173645490582948,
      "incr_op_margin_yoy": -0.263364408779797,
      "rev_growth_yoy": -0.16936398566981617,
      "rev_growth_yoy_accel": -0.22959196968445336,
      "fcf_margin_change": -0.006335558339894983
    },
    {
      "date": "2023-05-31T00:00:00",
      "quarter_label": "2023-05 (Q2)",
      "revenue": 164553000,
      "gross_profit": 53221000,
      "operating_income": 26957000,
      "net_income": 16881000,
      "opex": 26264000,
      "cogs": 111332000,
      "rd": 4522000,
      "sga": null,
      "fcf": 45220000,
      "ocf": 51281000,
      "capex": -6061000,
      "gross_margin": 0.323427710221023,
      "op_margin": 0.1638195596555517,
      "fcf_margin": 0.2748050779991857,
      "incr_op_margin_yoy": 0.1650706152174788,
      "rev_growth_yoy": -0.23199025478509655,
      "rev_growth_yoy_accel": -0.06262626911528038,
      "fcf_margin_change": 0.276122442548244
    },
    {
      "date": "2023-08-31T00:00:00",
      "quarter_label": "2023-08 (Q3)",
      "revenue": 167131000,
      "gross_profit": 52516000,
      "operating_income": 23364000,
      "net_income": 19229000,
      "opex": 29152000,
      "cogs": 114615000,
      "rd": 4868000,
      "sga": null,
      "fcf": 55047000,
      "ocf": 60539000,
      "capex": -5492000,
      "gross_margin": 0.3142205814600523,
      "op_margin": 0.13979453243264267,
      "fcf_margin": 0.3293643908072111,
      "incr_op_margin_yoy": 0.19154563190982007,
      "rev_growth_yoy": -0.12126963763696397,
      "rev_growth_yoy_accel": 0.11072061714813258,
      "op_leverage_ratio": 0.14247569673053498,
      "fcf_margin_change": 0.054559312808025395
    },
    {
      "date": "2023-11-30T00:00:00",
      "quarter_label": "2023-11 (Q4)",
      "revenue": 161358000,
      "gross_profit": 49905000,
      "operating_income": 21074000,
      "net_income": 15019000,
      "opex": 28831000,
      "cogs": 111453000,
      "rd": 4352000,
      "sga": null,
      "fcf": 14931000,
      "ocf": 21872000,
      "capex": -6941000,
      "gross_margin": 0.3092812255977392,
      "op_margin": 0.1306039985622033,
      "fcf_margin": 0.0925333729966906,
      "incr_op_margin_yoy": 0.23809202080940478,
      "rev_growth_yoy": -0.08402068585766267,
      "rev_growth_yoy_accel": 0.03724895177930129,
      "fcf_margin_change": -0.2368310178105205
    },
    {
      "date": "2024-02-29T00:00:00",
      "quarter_label": "2024-02 (Q1)",
      "revenue": 151519000,
      "gross_profit": 48954000,
      "operating_income": 22098000,
      "net_income": 18123000,
      "opex": 26856000,
      "cogs": 102565000,
      "rd": 3892000,
      "sga": null,
      "fcf": -21568000,
      "ocf": -9736000,
      "capex": -11832000,
      "gross_margin": 0.32308819355988355,
      "op_margin": 0.14584309558537212,
      "fcf_margin": -0.14234518443231542,
      "incr_op_margin_yoy": 0.35097133541638365,
      "rev_growth_yoy": -0.08855817758555351,
      "rev_growth_yoy_accel": -0.0045374917278908355,
      "fcf_margin_change": -0.234878557429006
    },
    {
      "date": "2024-05-31T00:00:00",
      "quarter_label": "2024-05 (Q2)",
      "revenue": 139199000,
      "gross_profit": 46497000,
      "operating_income": 19936000,
      "net_income": 20379000,
      "opex": 26561000,
      "cogs": 92702000,
      "rd": 4287000,
      "sga": null,
      "fcf": 25760000,
      "ocf": 30514000,
      "capex": -4754000,
      "gross_margin": 0.33403257207307524,
      "op_margin": 0.14321941967973909,
      "fcf_margin": 0.1850588007097752,
      "incr_op_margin_yoy": 0.27691882937603535,
      "rev_growth_yoy": -0.15407801741688087,
      "rev_growth_yoy_accel": -0.06551983983132736,
      "fcf_margin_change": 0.3274039851420906
    },
    {
      "date": "2024-08-31T00:00:00",
      "quarter_label": "2024-08 (Q3)",
      "revenue": 154998000,
      "gross_profit": 45699000,
      "operating_income": 13500000,
      "net_income": 12736000,
      "opex": 32199000,
      "cogs": 109299000,
      "rd": 4592000,
      "sga": null,
      "fcf": 47659000,
      "ocf": 53111000,
      "capex": -5452000,
      "gross_margin": 0.2948360624008052,
      "op_margin": 0.08709789803739403,
      "fcf_margin": 0.3074813868566046,
      "incr_op_margin_yoy": 0.8129893678397758,
      "rev_growth_yoy": -0.07259574824538835,
      "rev_growth_yoy_accel": 0.08148226917149252,
      "op_leverage_ratio": 0.5347032626219081,
      "fcf_margin_change": 0.12242258614682938
    },
    {
      "date": "2024-11-30T00:00:00",
      "quarter_label": "2024-11 (Q4)",
      "revenue": 166281000,
      "gross_profit": 49966000,
      "operating_income": 20883000,
      "net_income": 17164000,
      "opex": 29083000,
      "cogs": 116315000,
      "rd": 3864000,
      "sga": null,
      "fcf": 12461000,
      "ocf": 21603000,
      "capex": -9142000,
      "gross_margin": 0.3004913369537109,
      "op_margin": 0.12558861204827973,
      "fcf_margin": 0.07493940979426393,
      "incr_op_margin_yoy": -0.038797481210643914,
      "rev_growth_yoy": 0.030509798088721972,
      "rev_growth_yoy_accel": 0.10310554633411032,
      "op_leverage_ratio": Infinity,
      "fcf_margin_change": -0.23254197706234064
    },
    {
      "date": "2025-02-28T00:00:00",
      "quarter_label": "2025-02 (Q1)",
      "revenue": 187064000,
      "gross_profit": 62488000,
      "operating_income": 32124000,
      "net_income": 26576000,
      "opex": 30364000,
      "cogs": 124576000,
      "rd": 4162000,
      "sga": null,
      "fcf": 2501000,
      "ocf": 12277000,
      "capex": -9776000,
      "gross_margin": 0.3340461018688791,
      "op_margin": 0.1717273232690416,
      "fcf_margin": 0.013369755805499721,
      "incr_op_margin_yoy": 0.28206498804332536,
      "rev_growth_yoy": 0.23459104138754874,
      "rev_growth_yoy_accel": 0.20408124329882676,
      "op_leverage_ratio": 2.8376294548864767,
      "fcf_margin_change": -0.06156965398876421
    },
    {
      "date": "2025-05-31T00:00:00",
      "quarter_label": "2025-05 (Q2)",
      "revenue": 169464000,
      "gross_profit": 53622000,
      "operating_income": 23793000,
      "net_income": 19500000,
      "opex": 29829000,
      "cogs": 115842000,
      "rd": 4709000,
      "sga": null,
      "fcf": 25661000,
      "ocf": 34994000,
      "capex": -9333000,
      "gross_margin": 0.31642118680073644,
      "op_margin": 0.1404015012037955,
      "fcf_margin": 0.1514244913373932,
      "incr_op_margin_yoy": 0.12744093837766396,
      "rev_growth_yoy": 0.21742253895502123,
      "rev_growth_yoy_accel": -0.017168502432527516,
      "fcf_margin_change": 0.13805473553189346
    },
    {
      "date": "2025-08-31T00:00:00",
      "quarter_label": "2025-08 (Q3)",
      "revenue": 153559000,
      "gross_profit": 44705000,
      "operating_income": 11325000,
      "net_income": 10813000,
      "opex": 33380000,
      "cogs": 108854000,
      "rd": 5195000,
      "sga": null,
      "fcf": 49791000,
      "ocf": 64036000,
      "capex": -14245000,
      "gross_margin": 0.2911258864670908,
      "op_margin": 0.07375015466367976,
      "fcf_margin": 0.32424670647764053,
      "incr_op_margin_yoy": 1.511466296038916,
      "rev_growth_yoy": -0.009283990761171111,
      "rev_growth_yoy_accel": -0.22670652971619235,
      "fcf_margin_change": 0.17282221514024734
    },
    {
      "date": "2025-11-30T00:00:00",
      "quarter_label": "2025-11 (Q4)",
      "revenue": 155818000,
      "gross_profit": 50102000,
      "operating_income": 19605000,
      "net_income": 16524000,
      "opex": 30497000,
      "cogs": 105716000,
      "rd": 4640000,
      "sga": null,
      "fcf": -15073000,
      "ocf": -597000,
      "capex": -14476000,
      "gross_margin": 0.3215417987652261,
      "op_margin": 0.12581986676763918,
      "fcf_margin": -0.09673465196575493,
      "incr_op_margin_yoy": 0.12214470037274204,
      "rev_growth_yoy": -0.06292360522248483,
      "rev_growth_yoy_accel": -0.05363961446131372,
      "op_leverage_ratio": Infinity,
      "fcf_margin_change": -0.42098135844339546
    }
  ],
  "signals": [
    {
      "quarter": "2025-11 (Q4)",
      "signal": "GROSS MARGIN INFLECTION",
      "detail": "GM: +31.6% -> +29.1% -> +32.2% (reversal +3.0%)",
      "severity": "MEDIUM"
    },
    {
      "quarter": "2025-11 (Q4)",
      "signal": "YoY REVENUE GROWTH DECELERATION",
      "detail": "YoY growth: -6.3% vs prior quarter YoY: -0.9% (decel: -5.4%)",
      "severity": "WARNING"
    },
    {
      "quarter": "2025-08 (Q3)",
      "signal": "FCF MARGIN EXPANSION",
      "detail": "FCF margin: +15.1% -> +32.4% (+17.3%)",
      "severity": "MEDIUM"
    },
    {
      "quarter": "2025-08 (Q3)",
      "signal": "YoY REVENUE GROWTH DECELERATION",
      "detail": "YoY growth: -0.9% vs prior quarter YoY: +21.7% (decel: -22.7%)",
      "severity": "WARNING"
    },
    {
      "quarter": "2025-08 (Q3)",
      "signal": "INCREMENTAL MARGIN (YoY)",
      "detail": "YoY Incr OPM: +151.1% vs year-ago OPM: +8.7%",
      "severity": "HIGH"
    },
    {
      "quarter": "2025-05 (Q2)",
      "signal": "FCF MARGIN EXPANSION",
      "detail": "FCF margin: +1.3% -> +15.1% (+13.8%)",
      "severity": "MEDIUM"
    },
    {
      "quarter": "2025-02 (Q1)",
      "signal": "OPERATING LEVERAGE",
      "detail": "Rev growth +12.5% vs OpEx growth +4.4% (leverage: 2.8x)",
      "severity": "MEDIUM"
    },
    {
      "quarter": "2025-02 (Q1)",
      "signal": "YoY REVENUE GROWTH ACCELERATION",
      "detail": "YoY growth: +23.5% vs prior quarter YoY: +3.1% (accel: +20.4%)",
      "severity": "HIGH"
    },
    {
      "quarter": "2025-02 (Q1)",
      "signal": "INCREMENTAL MARGIN (YoY)",
      "detail": "YoY Incr OPM: +28.2% vs year-ago OPM: +14.6%",
      "severity": "MEDIUM"
    },
    {
      "quarter": "2024-11 (Q4)",
      "signal": "YoY REVENUE GROWTH ACCELERATION",
      "detail": "YoY growth: +3.1% vs prior quarter YoY: -7.3% (accel: +10.3%)",
      "severity": "MEDIUM"
    },
    {
      "quarter": "2024-08 (Q3)",
      "signal": "FCF MARGIN EXPANSION",
      "detail": "FCF margin: +18.5% -> +30.7% (+12.2%)",
      "severity": "MEDIUM"
    },
    {
      "quarter": "2024-08 (Q3)",
      "signal": "YoY REVENUE GROWTH ACCELERATION",
      "detail": "YoY growth: -7.3% vs prior quarter YoY: -15.4% (accel: +8.1%)",
      "severity": "MEDIUM"
    },
    {
      "quarter": "2024-08 (Q3)",
      "signal": "INCREMENTAL MARGIN (YoY)",
      "detail": "YoY Incr OPM: +81.3% vs year-ago OPM: +14.0%",
      "severity": "HIGH"
    },
    {
      "quarter": "2024-05 (Q2)",
      "signal": "FCF TURNED POSITIVE",
      "detail": "FCF margin: -14.2% -> +18.5%",
      "severity": "HIGH"
    },
    {
      "quarter": "2024-05 (Q2)",
      "signal": "YoY REVENUE GROWTH DECELERATION",
      "detail": "YoY growth: -15.4% vs prior quarter YoY: -8.9% (decel: -6.6%)",
      "severity": "WARNING"
    },
    {
      "quarter": "2024-05 (Q2)",
      "signal": "INCREMENTAL MARGIN (YoY)",
      "detail": "YoY Incr OPM: +27.7% vs year-ago OPM: +16.4%",
      "severity": "MEDIUM"
    },
    {
      "quarter": "2024-02 (Q1)",
      "signal": "INCREMENTAL MARGIN (YoY)",
      "detail": "YoY Incr OPM: +35.1% vs year-ago OPM: +16.4%",
      "severity": "MEDIUM"
    },
    {
      "quarter": "2023-08 (Q3)",
      "signal": "FCF MARGIN EXPANSION",
      "detail": "FCF margin: +27.5% -> +32.9% (+5.5%)",
      "severity": "MEDIUM"
    },
    {
      "quarter": "2023-08 (Q3)",
      "signal": "YoY REVENUE GROWTH ACCELERATION",
      "detail": "YoY growth: -12.1% vs prior quarter YoY: -23.2% (accel: +11.1%)",
      "severity": "MEDIUM"
    },
    {
      "quarter": "2023-05 (Q2)",
      "signal": "FCF TURNED POSITIVE",
      "detail": "FCF margin: -0.1% -> +27.5%",
      "severity": "HIGH"
    },
    {
      "quarter": "2023-05 (Q2)",
      "signal": "YoY REVENUE GROWTH DECELERATION",
      "detail": "YoY growth: -23.2% vs prior quarter YoY: -16.9% (decel: -6.3%)",
      "severity": "WARNING"
    },
    {
      "quarter": "2023-02 (Q1)",
      "signal": "YoY REVENUE GROWTH DECELERATION",
      "detail": "YoY growth: -16.9% vs prior quarter YoY: +6.0% (decel: -23.0%)",
      "severity": "WARNING"
    },
    {
      "quarter": "2022-11 (Q4)",
      "signal": "YoY REVENUE GROWTH DECELERATION",
      "detail": "YoY growth: +6.0% vs prior quarter YoY: +23.8% (decel: -17.8%)",
      "severity": "WARNING"
    },
    {
      "quarter": "2022-11 (Q4)",
      "signal": "INCREMENTAL MARGIN (YoY)",
      "detail": "YoY Incr OPM: +112.3% vs year-ago OPM: +8.0%",
      "severity": "HIGH"
    },
    {
      "quarter": "2022-08 (Q3)",
      "signal": "FCF MARGIN EXPANSION",
      "detail": "FCF margin: +2.6% -> +12.9% (+10.3%)",
      "severity": "MEDIUM"
    },
    {
      "quarter": "2022-08 (Q3)",
      "signal": "YoY REVENUE GROWTH DECELERATION",
      "detail": "YoY growth: +23.8% vs prior quarter YoY: +32.3% (decel: -8.5%)",
      "severity": "WARNING"
    },
    {
      "quarter": "2022-08 (Q3)",
      "signal": "INCREMENTAL MARGIN (YoY)",
      "detail": "YoY Incr OPM: +50.2% vs year-ago OPM: +6.1%",
      "severity": "HIGH"
    },
    {
      "quarter": "2022-05 (Q2)",
      "signal": "FCF TURNED POSITIVE",
      "detail": "FCF margin: -7.8% -> +2.6%",
      "severity": "HIGH"
    },
    {
      "quarter": "2022-05 (Q2)",
      "signal": "GROSS MARGIN INFLECTION",
      "detail": "GM: +22.5% -> +21.5% -> +28.8% (reversal +7.3%)",
      "severity": "HIGH"
    },
    {
      "quarter": "2022-05 (Q2)",
      "signal": "YoY REVENUE GROWTH DECELERATION",
      "detail": "YoY growth: +32.3% vs prior quarter YoY: +39.4% (decel: -7.1%)",
      "severity": "WARNING"
    },
    {
      "quarter": "2022-05 (Q2)",
      "signal": "INCREMENTAL MARGIN (YoY)",
      "detail": "YoY Incr OPM: +26.4% vs year-ago OPM: +13.2%",
      "severity": "MEDIUM"
    },
    {
      "quarter": "2022-02 (Q1)",
      "signal": "FCF MARGIN EXPANSION",
      "detail": "FCF margin: -16.4% -> -7.8% (+8.6%)",
      "severity": "MEDIUM"
    },
    {
      "quarter": "2022-02 (Q1)",
      "signal": "OPERATING LEVERAGE",
      "detail": "Rev growth +20.5% vs OpEx growth +2.2% (leverage: 9.3x)",
      "severity": "MEDIUM"
    },
    {
      "quarter": "2021-05 (Q2)",
      "signal": "FCF TURNED POSITIVE",
      "detail": "FCF margin: -10.6% -> +8.4%",
      "severity": "HIGH"
    }
  ],
  "data_quality": {
    "n_quarters": 20,
    "coverage": {
      "revenue": [
        20,
        20
      ],
      "gross_profit": [
        20,
        20
      ],
      "op_income": [
        20,
        20
      ],
      "fcf": [
        20,
        20
      ]
    },
    "gaps": [],
    "warnings": []
  },
  "market_cap": null,
  "source": "SEC EDGAR",
  "last_updated": "2026-02-02T21:53:12.488480"
}