{
  "ticker": "LNSR",
  "name": "LENSAR, INC.",
  "quarters": [
    {
      "date": "2020-12-31T00:00:00",
      "quarter_label": "2020-12 (Q4)",
      "revenue": 8284000,
      "gross_profit": 4665000,
      "operating_income": -6848000,
      "net_income": -6828000,
      "opex": 11513000,
      "cogs": 3619000,
      "rd": 2543000,
      "sga": 8658000,
      "fcf": -2102000,
      "ocf": -1997000,
      "capex": -105000,
      "gross_margin": 0.5631337518107195,
      "op_margin": -0.8266537904394012,
      "fcf_margin": -0.25374215354901014
    },
    {
      "date": "2021-03-31T00:00:00",
      "quarter_label": "2021-03 (Q1)",
      "revenue": 7043000,
      "gross_profit": 3894000,
      "operating_income": -5200000,
      "net_income": -5182000,
      "opex": 9094000,
      "cogs": 3149000,
      "rd": 2746000,
      "sga": 6035000,
      "fcf": -4733000,
      "ocf": -4619000,
      "capex": -114000,
      "gross_margin": 0.5528893937242653,
      "op_margin": -0.738321737895783,
      "fcf_margin": -0.6720147664347579,
      "fcf_margin_change": -0.41827261288574774
    },
    {
      "date": "2021-06-30T00:00:00",
      "quarter_label": "2021-06 (Q2)",
      "revenue": 7922000,
      "gross_profit": 4458000,
      "operating_income": -4375000,
      "net_income": -4362000,
      "opex": 8833000,
      "cogs": 3464000,
      "rd": 3006000,
      "sga": 5518000,
      "fcf": -1482000,
      "ocf": -1462000,
      "capex": -20000,
      "gross_margin": 0.5627366826558949,
      "op_margin": -0.5522595304216107,
      "fcf_margin": -0.18707397121938904,
      "op_leverage_ratio": Infinity,
      "fcf_margin_change": 0.4849407952153688
    },
    {
      "date": "2021-09-30T00:00:00",
      "quarter_label": "2021-09 (Q3)",
      "revenue": 8272000,
      "gross_profit": 3851000,
      "operating_income": -6165000,
      "net_income": -6155000,
      "opex": 10016000,
      "cogs": 4421000,
      "rd": 3184000,
      "sga": 6523000,
      "fcf": -2213000,
      "ocf": -2149000,
      "capex": -64000,
      "gross_margin": 0.46554642166344296,
      "op_margin": -0.7452852998065764,
      "fcf_margin": -0.26752901353965186,
      "op_leverage_ratio": 0.32988053641346327,
      "fcf_margin_change": -0.08045504232026282
    },
    {
      "date": "2021-12-31T00:00:00",
      "quarter_label": "2021-12 (Q4)",
      "revenue": 11222000,
      "gross_profit": 5630000,
      "operating_income": -3912000,
      "net_income": -3902000,
      "opex": 9542000,
      "cogs": 5592000,
      "rd": 3422000,
      "sga": 5811000,
      "fcf": -895000,
      "ocf": -739000,
      "capex": -156000,
      "gross_margin": 0.5016931028337195,
      "op_margin": -0.348600962395295,
      "fcf_margin": -0.07975405453573338,
      "incr_op_margin_yoy": 0.9993192648059904,
      "rev_growth_yoy": 0.3546595847416707,
      "op_leverage_ratio": Infinity,
      "fcf_margin_change": 0.1877749590039185
    },
    {
      "date": "2022-03-31T00:00:00",
      "quarter_label": "2022-03 (Q1)",
      "revenue": 9340000,
      "gross_profit": 4692000,
      "operating_income": -6683000,
      "net_income": -6674000,
      "opex": 11375000,
      "cogs": 4648000,
      "rd": 4788000,
      "sga": 6278000,
      "fcf": -2653000,
      "ocf": -2607000,
      "capex": -46000,
      "gross_margin": 0.502355460385439,
      "op_margin": -0.7155246252676659,
      "fcf_margin": -0.28404710920770876,
      "incr_op_margin_yoy": -0.6456247279059643,
      "rev_growth_yoy": 0.32613942922050265,
      "rev_growth_yoy_accel": -0.028520155521168045,
      "fcf_margin_change": -0.2042930546719754
    },
    {
      "date": "2022-06-30T00:00:00",
      "quarter_label": "2022-06 (Q2)",
      "revenue": 8038000,
      "gross_profit": 4892000,
      "operating_income": -6798000,
      "net_income": -6759000,
      "opex": 11690000,
      "cogs": 3146000,
      "rd": 3834000,
      "sga": 7569000,
      "fcf": -2800000,
      "ocf": -2790000,
      "capex": -10000,
      "gross_margin": 0.6086091067429709,
      "op_margin": -0.8457327693456084,
      "fcf_margin": -0.34834535954217466,
      "rev_growth_yoy": 0.01464276697803585,
      "rev_growth_yoy_accel": -0.3114966622424668,
      "fcf_margin_change": -0.0642982503344659
    },
    {
      "date": "2022-09-30T00:00:00",
      "quarter_label": "2022-09 (Q3)",
      "revenue": 7748000,
      "gross_profit": 3889000,
      "operating_income": -4083000,
      "net_income": -3991000,
      "opex": 7972000,
      "cogs": 3859000,
      "rd": 1577000,
      "sga": 6119000,
      "fcf": -4703000,
      "ocf": -4701000,
      "capex": -2000,
      "gross_margin": 0.5019359834796077,
      "op_margin": -0.5269747031491998,
      "fcf_margin": -0.606995353639649,
      "rev_growth_yoy": -0.06334622823984526,
      "rev_growth_yoy_accel": -0.07798899521788111,
      "fcf_margin_change": -0.2586499940974743
    },
    {
      "date": "2022-12-31T00:00:00",
      "quarter_label": "2022-12 (Q4)",
      "revenue": 10232000,
      "gross_profit": 6482000,
      "operating_income": -2613000,
      "net_income": -2490000,
      "opex": 9095000,
      "cogs": 3750000,
      "rd": 1615000,
      "sga": 7204000,
      "fcf": -4815000,
      "ocf": -4758000,
      "capex": -57000,
      "gross_margin": 0.6335027365129007,
      "op_margin": -0.25537529319781077,
      "fcf_margin": -0.4705824863174355,
      "rev_growth_yoy": -0.08821956870433077,
      "rev_growth_yoy_accel": -0.024873340464485513,
      "op_leverage_ratio": 2.275880806398894,
      "fcf_margin_change": 0.13641286732221347
    },
    {
      "date": "2023-03-31T00:00:00",
      "quarter_label": "2023-03 (Q1)",
      "revenue": 8252000,
      "gross_profit": 4320000,
      "operating_income": -4361000,
      "net_income": -4272000,
      "opex": 8681000,
      "cogs": 3932000,
      "rd": 1650000,
      "sga": 6755000,
      "fcf": -6704000,
      "ocf": -6696000,
      "capex": -8000,
      "gross_margin": 0.523509452253999,
      "op_margin": -0.5284779447406689,
      "fcf_margin": -0.812409112942317,
      "incr_op_margin_yoy": -2.1341911764705883,
      "rev_growth_yoy": -0.11648822269807281,
      "rev_growth_yoy_accel": -0.028268653993742038,
      "fcf_margin_change": -0.3418266266248815
    },
    {
      "date": "2023-06-30T00:00:00",
      "quarter_label": "2023-06 (Q2)",
      "revenue": 12012000,
      "gross_profit": 6761000,
      "operating_income": -2867000,
      "net_income": -8753000,
      "opex": 9628000,
      "cogs": 5251000,
      "rd": 1499000,
      "sga": 7854000,
      "fcf": -2325000,
      "ocf": -2144000,
      "capex": -181000,
      "gross_margin": 0.5628538128538129,
      "op_margin": -0.23867798867798867,
      "fcf_margin": -0.19355644355644355,
      "incr_op_margin_yoy": 0.9891796678409662,
      "rev_growth_yoy": 0.49440159243592935,
      "rev_growth_yoy_accel": 0.6108898151340022,
      "op_leverage_ratio": 4.17684541995771,
      "fcf_margin_change": 0.6188526693858735
    },
    {
      "date": "2023-09-30T00:00:00",
      "quarter_label": "2023-09 (Q3)",
      "revenue": 9795000,
      "gross_profit": 4877000,
      "operating_income": -2040000,
      "net_income": 2568000,
      "opex": 6917000,
      "cogs": 4918000,
      "rd": 1527000,
      "sga": 5117000,
      "fcf": -341000,
      "ocf": -339000,
      "capex": -2000,
      "gross_margin": 0.49790709545686573,
      "op_margin": -0.2082695252679939,
      "fcf_margin": -0.03481368044920878,
      "incr_op_margin_yoy": 0.9980459208597948,
      "rev_growth_yoy": 0.2641972121837894,
      "rev_growth_yoy_accel": -0.23020438025213996,
      "fcf_margin_change": 0.15874276310723479
    },
    {
      "date": "2023-12-31T00:00:00",
      "quarter_label": "2023-12 (Q4)",
      "revenue": 12105000,
      "gross_profit": 5149000,
      "operating_income": -2961000,
      "net_income": -3926000,
      "opex": 8110000,
      "cogs": 6956000,
      "rd": 1463000,
      "sga": 6374000,
      "fcf": -525000,
      "ocf": -480000,
      "capex": -45000,
      "gross_margin": 0.42536142090045437,
      "op_margin": -0.24460966542750928,
      "fcf_margin": -0.04337050805452292,
      "incr_op_margin_yoy": -0.18579818473037907,
      "rev_growth_yoy": 0.18305316653635653,
      "rev_growth_yoy_accel": -0.08114404564743286,
      "op_leverage_ratio": 1.3673662983021173,
      "fcf_margin_change": -0.008556827605314142
    },
    {
      "date": "2024-03-31T00:00:00",
      "quarter_label": "2024-03 (Q1)",
      "revenue": 10588000,
      "gross_profit": 5664000,
      "operating_income": -2850000,
      "net_income": -2157000,
      "opex": 8514000,
      "cogs": 4924000,
      "rd": 1444000,
      "sga": 6796000,
      "fcf": -5327000,
      "ocf": -5307000,
      "capex": -20000,
      "gross_margin": 0.5349452210049113,
      "op_margin": -0.2691726482810729,
      "fcf_margin": -0.5031167359274651,
      "incr_op_margin_yoy": 0.646832191780822,
      "rev_growth_yoy": 0.2830828889966069,
      "rev_growth_yoy_accel": 0.10002972246025035,
      "fcf_margin_change": -0.45974622787294217
    },
    {
      "date": "2024-06-30T00:00:00",
      "quarter_label": "2024-06 (Q2)",
      "revenue": 12636000,
      "gross_profit": 6813000,
      "operating_income": -5280000,
      "net_income": -9043000,
      "opex": 12093000,
      "cogs": 5823000,
      "rd": 1348000,
      "sga": 6784000,
      "fcf": -3891000,
      "ocf": -3778000,
      "capex": -113000,
      "gross_margin": 0.5391737891737892,
      "op_margin": -0.4178537511870845,
      "fcf_margin": -0.3079297245963913,
      "rev_growth_yoy": 0.05194805194805195,
      "rev_growth_yoy_accel": -0.23113483704855492,
      "op_leverage_ratio": 0.4601378587029046,
      "fcf_margin_change": 0.1951870113310738
    },
    {
      "date": "2024-09-30T00:00:00",
      "quarter_label": "2024-09 (Q3)",
      "revenue": 13539000,
      "gross_profit": 6266000,
      "operating_income": -1245000,
      "net_income": -1502000,
      "opex": 7511000,
      "cogs": 7273000,
      "rd": 1202000,
      "sga": 6077000,
      "fcf": 3133000,
      "ocf": 3153000,
      "capex": -20000,
      "gross_margin": 0.46281113819336733,
      "op_margin": -0.09195656990915134,
      "fcf_margin": 0.23140556909668367,
      "incr_op_margin_yoy": 0.21233974358974358,
      "rev_growth_yoy": 0.3822358346094946,
      "rev_growth_yoy_accel": 0.33028778266144265,
      "op_leverage_ratio": Infinity,
      "fcf_margin_change": 0.539335293693075
    },
    {
      "date": "2024-12-31T00:00:00",
      "quarter_label": "2024-12 (Q4)",
      "revenue": 16731000,
      "gross_profit": 7108000,
      "operating_income": -1290000,
      "net_income": -18702000,
      "opex": 8398000,
      "cogs": 9623000,
      "rd": 1335000,
      "sga": 6831000,
      "fcf": 3654000,
      "ocf": 3657000,
      "capex": -3000,
      "gross_margin": 0.42484011714780945,
      "op_margin": -0.07710238479469249,
      "fcf_margin": 0.21839698762775686,
      "incr_op_margin_yoy": 0.36121919584954604,
      "rev_growth_yoy": 0.38215613382899627,
      "rev_growth_yoy_accel": -7.97007804983485e-05,
      "op_leverage_ratio": 1.9964132178841483,
      "fcf_margin_change": -0.013008581468926805
    },
    {
      "date": "2025-03-31T00:00:00",
      "quarter_label": "2025-03 (Q1)",
      "revenue": 14159000,
      "gross_profit": 7125000,
      "operating_income": -5790000,
      "net_income": -27345000,
      "opex": 12915000,
      "cogs": 7034000,
      "rd": 1534000,
      "sga": 11149000,
      "fcf": -6944000,
      "ocf": -6938000,
      "capex": -6000,
      "gross_margin": 0.5032135037785155,
      "op_margin": -0.4089271841231725,
      "fcf_margin": -0.4904301151211244,
      "incr_op_margin_yoy": -0.8232987958555027,
      "rev_growth_yoy": 0.33726860596902153,
      "rev_growth_yoy_accel": -0.04488752785997474,
      "fcf_margin_change": -0.7088271027488813
    },
    {
      "date": "2025-06-30T00:00:00",
      "quarter_label": "2025-06 (Q2)",
      "revenue": 13935000,
      "gross_profit": 7024000,
      "operating_income": -6289000,
      "net_income": -1764000,
      "opex": 13313000,
      "cogs": 6911000,
      "rd": 1425000,
      "sga": 11658000,
      "fcf": -5075000,
      "ocf": -4998000,
      "capex": -77000,
      "gross_margin": 0.5040545389307499,
      "op_margin": -0.4513096519555077,
      "fcf_margin": -0.3641908862576247,
      "incr_op_margin_yoy": -0.7767513471901463,
      "rev_growth_yoy": 0.10280151946818614,
      "rev_growth_yoy_accel": -0.2344670865008354,
      "fcf_margin_change": 0.1262392288634997
    },
    {
      "date": "2025-09-30T00:00:00",
      "quarter_label": "2025-09 (Q3)",
      "revenue": 14316000,
      "gross_profit": 6036000,
      "operating_income": -7580000,
      "net_income": -3713000,
      "opex": 13616000,
      "cogs": 8280000,
      "rd": 1367000,
      "sga": 12020000,
      "fcf": -3513000,
      "ocf": -3513000,
      "capex": null,
      "gross_margin": 0.42162615255658004,
      "op_margin": -0.5294775076837105,
      "fcf_margin": -0.24538977367979883,
      "rev_growth_yoy": 0.0573897629071571,
      "rev_growth_yoy_accel": -0.04541175656102903,
      "op_leverage_ratio": 1.2012995271540072,
      "fcf_margin_change": 0.11880111257782586
    }
  ],
  "signals": [
    {
      "quarter": "2025-09 (Q3)",
      "signal": "FCF MARGIN EXPANSION",
      "detail": "FCF margin: -36.4% -> -24.5% (+11.9%)",
      "severity": "MEDIUM"
    },
    {
      "quarter": "2025-06 (Q2)",
      "signal": "FCF MARGIN EXPANSION",
      "detail": "FCF margin: -49.0% -> -36.4% (+12.6%)",
      "severity": "MEDIUM"
    },
    {
      "quarter": "2025-06 (Q2)",
      "signal": "YoY REVENUE GROWTH DECELERATION",
      "detail": "YoY growth: +10.3% vs prior quarter YoY: +33.7% (decel: -23.4%)",
      "severity": "WARNING"
    },
    {
      "quarter": "2025-03 (Q1)",
      "signal": "GROSS MARGIN INFLECTION",
      "detail": "GM: +46.3% -> +42.5% -> +50.3% (reversal +7.8%)",
      "severity": "HIGH"
    },
    {
      "quarter": "2024-12 (Q4)",
      "signal": "OPERATING LEVERAGE",
      "detail": "Rev growth +23.6% vs OpEx growth +11.8% (leverage: 2.0x)",
      "severity": "MEDIUM"
    },
    {
      "quarter": "2024-09 (Q3)",
      "signal": "FCF TURNED POSITIVE",
      "detail": "FCF margin: -30.8% -> +23.1%",
      "severity": "HIGH"
    },
    {
      "quarter": "2024-09 (Q3)",
      "signal": "YoY REVENUE GROWTH ACCELERATION",
      "detail": "YoY growth: +38.2% vs prior quarter YoY: +5.2% (accel: +33.0%)",
      "severity": "HIGH"
    },
    {
      "quarter": "2024-06 (Q2)",
      "signal": "FCF MARGIN EXPANSION",
      "detail": "FCF margin: -50.3% -> -30.8% (+19.5%)",
      "severity": "MEDIUM"
    },
    {
      "quarter": "2024-06 (Q2)",
      "signal": "YoY REVENUE GROWTH DECELERATION",
      "detail": "YoY growth: +5.2% vs prior quarter YoY: +28.3% (decel: -23.1%)",
      "severity": "WARNING"
    },
    {
      "quarter": "2024-03 (Q1)",
      "signal": "GROSS MARGIN INFLECTION",
      "detail": "GM: +49.8% -> +42.5% -> +53.5% (reversal +11.0%)",
      "severity": "HIGH"
    },
    {
      "quarter": "2024-03 (Q1)",
      "signal": "YoY REVENUE GROWTH ACCELERATION",
      "detail": "YoY growth: +28.3% vs prior quarter YoY: +18.3% (accel: +10.0%)",
      "severity": "MEDIUM"
    },
    {
      "quarter": "2023-12 (Q4)",
      "signal": "YoY REVENUE GROWTH DECELERATION",
      "detail": "YoY growth: +18.3% vs prior quarter YoY: +26.4% (decel: -8.1%)",
      "severity": "WARNING"
    },
    {
      "quarter": "2023-09 (Q3)",
      "signal": "FCF MARGIN EXPANSION",
      "detail": "FCF margin: -19.4% -> -3.5% (+15.9%)",
      "severity": "MEDIUM"
    },
    {
      "quarter": "2023-09 (Q3)",
      "signal": "YoY REVENUE GROWTH DECELERATION",
      "detail": "YoY growth: +26.4% vs prior quarter YoY: +49.4% (decel: -23.0%)",
      "severity": "WARNING"
    },
    {
      "quarter": "2023-06 (Q2)",
      "signal": "FCF MARGIN EXPANSION",
      "detail": "FCF margin: -81.2% -> -19.4% (+61.9%)",
      "severity": "MEDIUM"
    },
    {
      "quarter": "2023-06 (Q2)",
      "signal": "OPERATING LEVERAGE",
      "detail": "Rev growth +45.6% vs OpEx growth +10.9% (leverage: 4.2x)",
      "severity": "MEDIUM"
    },
    {
      "quarter": "2023-06 (Q2)",
      "signal": "GROSS MARGIN INFLECTION",
      "detail": "GM: +63.4% -> +52.4% -> +56.3% (reversal +3.9%)",
      "severity": "MEDIUM"
    },
    {
      "quarter": "2023-06 (Q2)",
      "signal": "YoY REVENUE GROWTH ACCELERATION",
      "detail": "YoY growth: +49.4% vs prior quarter YoY: -11.6% (accel: +61.1%)",
      "severity": "HIGH"
    },
    {
      "quarter": "2022-12 (Q4)",
      "signal": "FCF MARGIN EXPANSION",
      "detail": "FCF margin: -60.7% -> -47.1% (+13.6%)",
      "severity": "MEDIUM"
    },
    {
      "quarter": "2022-12 (Q4)",
      "signal": "OPERATING LEVERAGE",
      "detail": "Rev growth +32.1% vs OpEx growth +14.1% (leverage: 2.3x)",
      "severity": "MEDIUM"
    },
    {
      "quarter": "2022-12 (Q4)",
      "signal": "GROSS MARGIN INFLECTION",
      "detail": "GM: +60.9% -> +50.2% -> +63.4% (reversal +13.2%)",
      "severity": "HIGH"
    },
    {
      "quarter": "2022-09 (Q3)",
      "signal": "YoY REVENUE GROWTH DECELERATION",
      "detail": "YoY growth: -6.3% vs prior quarter YoY: +1.5% (decel: -7.8%)",
      "severity": "WARNING"
    },
    {
      "quarter": "2022-06 (Q2)",
      "signal": "YoY REVENUE GROWTH DECELERATION",
      "detail": "YoY growth: +1.5% vs prior quarter YoY: +32.6% (decel: -31.1%)",
      "severity": "WARNING"
    },
    {
      "quarter": "2021-12 (Q4)",
      "signal": "FCF MARGIN EXPANSION",
      "detail": "FCF margin: -26.8% -> -8.0% (+18.8%)",
      "severity": "MEDIUM"
    },
    {
      "quarter": "2021-12 (Q4)",
      "signal": "GROSS MARGIN INFLECTION",
      "detail": "GM: +56.3% -> +46.6% -> +50.2% (reversal +3.6%)",
      "severity": "MEDIUM"
    },
    {
      "quarter": "2021-06 (Q2)",
      "signal": "FCF MARGIN EXPANSION",
      "detail": "FCF margin: -67.2% -> -18.7% (+48.5%)",
      "severity": "MEDIUM"
    }
  ],
  "data_quality": {
    "n_quarters": 20,
    "coverage": {
      "revenue": [
        20,
        20
      ],
      "gross_profit": [
        20,
        20
      ],
      "op_income": [
        20,
        20
      ],
      "fcf": [
        20,
        20
      ]
    },
    "gaps": [],
    "warnings": []
  },
  "market_cap": null,
  "source": "SEC EDGAR",
  "last_updated": "2026-02-02T23:09:56.729502"
}