{
  "ticker": "LNTH",
  "name": "LANTHEUS HOLDINGS, INC.",
  "quarters": [
    {
      "date": "2020-12-31T00:00:00",
      "quarter_label": "2020-12 (Q4)",
      "revenue": 94152000,
      "gross_profit": 38651000,
      "operating_income": -528000,
      "net_income": -3412000,
      "opex": 39179000,
      "cogs": 55501000,
      "rd": 12638000,
      "sga": null,
      "fcf": 569000,
      "ocf": 569000,
      "capex": null,
      "gross_margin": 0.4105170362817572,
      "op_margin": -0.005607953097119552,
      "fcf_margin": 0.0060434191520095165
    },
    {
      "date": "2021-03-31T00:00:00",
      "quarter_label": "2021-03 (Q1)",
      "revenue": 92509000,
      "gross_profit": 41030000,
      "operating_income": 15622000,
      "net_income": 9008000,
      "opex": 25408000,
      "cogs": 51479000,
      "rd": 10360000,
      "sga": null,
      "fcf": 9818000,
      "ocf": 9818000,
      "capex": null,
      "gross_margin": 0.4435244138408155,
      "op_margin": 0.1688700558864543,
      "fcf_margin": 0.10613021435752197,
      "fcf_margin_change": 0.10008679520551246
    },
    {
      "date": "2021-06-30T00:00:00",
      "quarter_label": "2021-06 (Q2)",
      "revenue": 101064000,
      "gross_profit": 46088000,
      "operating_income": -26781000,
      "net_income": -26657000,
      "opex": 72869000,
      "cogs": 54976000,
      "rd": 12061000,
      "sga": null,
      "fcf": 25869000,
      "ocf": 25869000,
      "capex": null,
      "gross_margin": 0.4560278635320193,
      "op_margin": -0.26499050106862976,
      "fcf_margin": 0.25596651626691996,
      "op_leverage_ratio": 0.04950734355153832,
      "fcf_margin_change": 0.149836301909398
    },
    {
      "date": "2021-09-30T00:00:00",
      "quarter_label": "2021-09 (Q3)",
      "revenue": 102073000,
      "gross_profit": 42669000,
      "operating_income": -14328000,
      "net_income": -13415000,
      "opex": 56997000,
      "cogs": 59404000,
      "rd": 11252000,
      "sga": null,
      "fcf": 4340000,
      "ocf": 4340000,
      "capex": null,
      "gross_margin": 0.41802435511839564,
      "op_margin": -0.1403701272618616,
      "fcf_margin": 0.042518589636828544,
      "fcf_margin_change": -0.21344792663009143
    },
    {
      "date": "2021-12-31T00:00:00",
      "quarter_label": "2021-12 (Q4)",
      "revenue": 129562000,
      "gross_profit": 57908000,
      "operating_income": -35338000,
      "net_income": -40215000,
      "opex": 93246000,
      "cogs": 71654000,
      "rd": 11293000,
      "sga": null,
      "fcf": 13889000,
      "ocf": 13889000,
      "capex": null,
      "gross_margin": 0.44695203840632286,
      "op_margin": -0.2727497259999074,
      "fcf_margin": 0.10719964187030148,
      "incr_op_margin_yoy": -0.9830556340016945,
      "rev_growth_yoy": 0.37609397569886993,
      "op_leverage_ratio": 0.4234518449102291,
      "fcf_margin_change": 0.06468105223347294
    },
    {
      "date": "2022-03-31T00:00:00",
      "quarter_label": "2022-03 (Q1)",
      "revenue": 208880000,
      "gross_profit": 129070000,
      "operating_income": 58925000,
      "net_income": 42962000,
      "opex": 70145000,
      "cogs": 79810000,
      "rd": 12203000,
      "sga": null,
      "fcf": 10264000,
      "ocf": 10264000,
      "capex": null,
      "gross_margin": 0.6179145921103025,
      "op_margin": 0.2820997702029874,
      "fcf_margin": 0.049138261202604366,
      "incr_op_margin_yoy": 0.37211160856227066,
      "rev_growth_yoy": 1.2579424704623334,
      "rev_growth_yoy_accel": 0.8818484947634635,
      "op_leverage_ratio": Infinity,
      "fcf_margin_change": -0.058061380667697116
    },
    {
      "date": "2022-06-30T00:00:00",
      "quarter_label": "2022-06 (Q2)",
      "revenue": 223723000,
      "gross_profit": 138029000,
      "operating_income": 63204000,
      "net_income": 43058000,
      "opex": 74825000,
      "cogs": 85694000,
      "rd": 14735000,
      "sga": null,
      "fcf": 72597000,
      "ocf": 72597000,
      "capex": null,
      "gross_margin": 0.6169638347420694,
      "op_margin": 0.2825100682540463,
      "fcf_margin": 0.3244950228630941,
      "incr_op_margin_yoy": 0.7336192207665153,
      "rev_growth_yoy": 1.2136764822290826,
      "rev_growth_yoy_accel": -0.044265988233250786,
      "op_leverage_ratio": 1.0650639746945043,
      "fcf_margin_change": 0.2753567616604897
    },
    {
      "date": "2022-09-30T00:00:00",
      "quarter_label": "2022-09 (Q3)",
      "revenue": 239292000,
      "gross_profit": 147433000,
      "operating_income": 85743000,
      "net_income": 61232000,
      "opex": 61690000,
      "cogs": 91859000,
      "rd": 12517000,
      "sga": null,
      "fcf": 93568000,
      "ocf": 93568000,
      "capex": null,
      "gross_margin": 0.6161217257576518,
      "op_margin": 0.35831954265081994,
      "fcf_margin": 0.3910201761864166,
      "incr_op_margin_yoy": 0.7292794729592841,
      "rev_growth_yoy": 1.3443222007778746,
      "rev_growth_yoy_accel": 0.13064571854879192,
      "op_leverage_ratio": Infinity,
      "fcf_margin_change": 0.06652515332332248
    },
    {
      "date": "2022-12-31T00:00:00",
      "quarter_label": "2022-12 (Q4)",
      "revenue": 263166000,
      "gross_profit": 167171000,
      "operating_income": -171677000,
      "net_income": -119185000,
      "opex": 338848000,
      "cogs": 95995000,
      "rd": 272226000,
      "sga": null,
      "fcf": 105352000,
      "ocf": 105352000,
      "capex": null,
      "gross_margin": 0.6352302349087648,
      "op_margin": -0.6523525075427676,
      "fcf_margin": 0.40032526998168455,
      "incr_op_margin_yoy": -1.020470943983713,
      "rev_growth_yoy": 1.0311974189963107,
      "rev_growth_yoy_accel": -0.3131247817815639,
      "op_leverage_ratio": 0.022206717177539536,
      "fcf_margin_change": 0.009305093795267949
    },
    {
      "date": "2023-03-31T00:00:00",
      "quarter_label": "2023-03 (Q1)",
      "revenue": 300784000,
      "gross_profit": 77076000,
      "operating_income": -9344000,
      "net_income": -2807000,
      "opex": 86420000,
      "cogs": 223708000,
      "rd": 30532000,
      "sga": null,
      "fcf": 108500000,
      "ocf": 108500000,
      "capex": null,
      "gross_margin": 0.2562503324644928,
      "op_margin": -0.031065482206500347,
      "fcf_margin": 0.36072397467950423,
      "incr_op_margin_yoy": -0.7428294742339833,
      "rev_growth_yoy": 0.43998468019915743,
      "rev_growth_yoy_accel": -0.5912127387971533,
      "op_leverage_ratio": Infinity,
      "fcf_margin_change": -0.03960129530218032
    },
    {
      "date": "2023-06-30T00:00:00",
      "quarter_label": "2023-06 (Q2)",
      "revenue": 321700000,
      "gross_profit": 202647000,
      "operating_income": 124139000,
      "net_income": 94131000,
      "opex": 78508000,
      "cogs": 119053000,
      "rd": 15901000,
      "sga": null,
      "fcf": -32266000,
      "ocf": -32266000,
      "capex": null,
      "gross_margin": 0.6299253963319863,
      "op_margin": 0.3858843643145788,
      "fcf_margin": -0.1002984146720547,
      "incr_op_margin_yoy": 0.621931677842759,
      "rev_growth_yoy": 0.4379388797754366,
      "rev_growth_yoy_accel": -0.0020458004237208227,
      "op_leverage_ratio": Infinity,
      "fcf_margin_change": -0.4610223893515589
    },
    {
      "date": "2023-09-30T00:00:00",
      "quarter_label": "2023-09 (Q3)",
      "revenue": 319946000,
      "gross_profit": 199951000,
      "operating_income": 112361000,
      "net_income": 131957000,
      "opex": 87590000,
      "cogs": 119995000,
      "rd": 14450000,
      "sga": null,
      "fcf": 116739000,
      "ocf": 116739000,
      "capex": null,
      "gross_margin": 0.6249523357066505,
      "op_margin": 0.35118738787170334,
      "fcf_margin": 0.3648709469723016,
      "incr_op_margin_yoy": 0.3300270290376175,
      "rev_growth_yoy": 0.3370526386172542,
      "rev_growth_yoy_accel": -0.1008862411581824,
      "fcf_margin_change": 0.4651693616443563
    },
    {
      "date": "2023-12-31T00:00:00",
      "quarter_label": "2023-12 (Q4)",
      "revenue": 353999000,
      "gross_profit": 229869000,
      "operating_income": 137486000,
      "net_income": 103380000,
      "opex": 92383000,
      "cogs": 124130000,
      "rd": 16824000,
      "sga": null,
      "fcf": 112287000,
      "ocf": 112287000,
      "capex": null,
      "gross_margin": 0.6493492919471524,
      "op_margin": 0.3883796281910401,
      "fcf_margin": 0.3171958112876025,
      "incr_op_margin_yoy": 3.403641848226966,
      "rev_growth_yoy": 0.3451547692331076,
      "rev_growth_yoy_accel": 0.008102130615853409,
      "op_leverage_ratio": 1.9450277005264875,
      "fcf_margin_change": -0.04767513568469911
    },
    {
      "date": "2024-03-31T00:00:00",
      "quarter_label": "2024-03 (Q1)",
      "revenue": 369975000,
      "gross_profit": 241846000,
      "operating_income": 106635000,
      "net_income": 131066000,
      "opex": 135211000,
      "cogs": 128129000,
      "rd": 48024000,
      "sga": null,
      "fcf": 127238000,
      "ocf": 127238000,
      "capex": null,
      "gross_margin": 0.6536820055409149,
      "op_margin": 0.2882221771741334,
      "fcf_margin": 0.343909723629975,
      "incr_op_margin_yoy": 1.6762151146825455,
      "rev_growth_yoy": 0.2300355072078302,
      "rev_growth_yoy_accel": -0.11511926202527742,
      "op_leverage_ratio": 0.0973487285926882,
      "fcf_margin_change": 0.026713912342372526
    },
    {
      "date": "2024-06-30T00:00:00",
      "quarter_label": "2024-06 (Q2)",
      "revenue": 394091000,
      "gross_profit": 255774000,
      "operating_income": 102729000,
      "net_income": 62073000,
      "opex": 153045000,
      "cogs": 138317000,
      "rd": 60601000,
      "sga": null,
      "fcf": 84720000,
      "ocf": 84720000,
      "capex": null,
      "gross_margin": 0.6490226876533592,
      "op_margin": 0.2606732962691358,
      "fcf_margin": 0.21497572895600256,
      "incr_op_margin_yoy": -0.2957549971681563,
      "rev_growth_yoy": 0.22502642213242152,
      "rev_growth_yoy_accel": -0.005009085075408676,
      "op_leverage_ratio": 0.4941925098628072,
      "fcf_margin_change": -0.12893399467397246
    },
    {
      "date": "2024-09-30T00:00:00",
      "quarter_label": "2024-09 (Q3)",
      "revenue": 378734000,
      "gross_profit": 242126000,
      "operating_income": 133743000,
      "net_income": 131093000,
      "opex": 108383000,
      "cogs": 136608000,
      "rd": 24148000,
      "sga": null,
      "fcf": 175062000,
      "ocf": 175062000,
      "capex": null,
      "gross_margin": 0.6393035745404426,
      "op_margin": 0.3531317494600432,
      "fcf_margin": 0.46222942751376955,
      "incr_op_margin_yoy": 0.363713683064571,
      "rev_growth_yoy": 0.18374350671675846,
      "rev_growth_yoy_accel": -0.04128291541566306,
      "fcf_margin_change": 0.247253698557767
    },
    {
      "date": "2024-12-31T00:00:00",
      "quarter_label": "2024-12 (Q4)",
      "revenue": 391110000,
      "gross_profit": 248545000,
      "operating_income": 113872000,
      "net_income": -11790000,
      "opex": 134673000,
      "cogs": 142565000,
      "rd": 35325000,
      "sga": null,
      "fcf": 157730000,
      "ocf": 157730000,
      "capex": null,
      "gross_margin": 0.6354861803584669,
      "op_margin": 0.29115082713303164,
      "fcf_margin": 0.4032880775229475,
      "incr_op_margin_yoy": -0.6363072943332165,
      "rev_growth_yoy": 0.10483362947352959,
      "rev_growth_yoy_accel": -0.07890987724322887,
      "op_leverage_ratio": 0.13471519616565325,
      "fcf_margin_change": -0.05894134999082207
    },
    {
      "date": "2025-03-31T00:00:00",
      "quarter_label": "2025-03 (Q1)",
      "revenue": 372764000,
      "gross_profit": 237700000,
      "operating_income": 102067000,
      "net_income": 72945000,
      "opex": 135633000,
      "cogs": 135064000,
      "rd": 36314000,
      "sga": null,
      "fcf": 107563000,
      "ocf": 107563000,
      "capex": null,
      "gross_margin": 0.6376688736036742,
      "op_margin": 0.27381131225118305,
      "fcf_margin": 0.28855522528999583,
      "incr_op_margin_yoy": -1.637863033345285,
      "rev_growth_yoy": 0.00753834718562065,
      "rev_growth_yoy_accel": -0.09729528228790894,
      "fcf_margin_change": -0.11473285223295165
    },
    {
      "date": "2025-06-30T00:00:00",
      "quarter_label": "2025-06 (Q2)",
      "revenue": 378045000,
      "gross_profit": 241011000,
      "operating_income": 87966000,
      "net_income": 78755000,
      "opex": 153045000,
      "cogs": 137034000,
      "rd": 45489000,
      "sga": null,
      "fcf": 87106000,
      "ocf": 87106000,
      "capex": null,
      "gross_margin": 0.6375193429353648,
      "op_margin": 0.23268658493036543,
      "fcf_margin": 0.23041172347207342,
      "incr_op_margin_yoy": 0.920042378162782,
      "rev_growth_yoy": -0.04071648426378679,
      "rev_growth_yoy_accel": -0.04825483144940744,
      "op_leverage_ratio": 0.11035675290044253,
      "fcf_margin_change": -0.05814350181792241
    },
    {
      "date": "2025-09-30T00:00:00",
      "quarter_label": "2025-09 (Q3)",
      "revenue": 384014000,
      "gross_profit": 222366000,
      "operating_income": 43615000,
      "net_income": 27771000,
      "opex": 178751000,
      "cogs": 161648000,
      "rd": 48025000,
      "sga": null,
      "fcf": 105294000,
      "ocf": 105294000,
      "capex": null,
      "gross_margin": 0.5790570135463812,
      "op_margin": 0.11357658835354961,
      "fcf_margin": 0.27419312837552795,
      "incr_op_margin_yoy": -17.06969696969697,
      "rev_growth_yoy": 0.013941182993869048,
      "rev_growth_yoy_accel": 0.054657667257655834,
      "op_leverage_ratio": 0.09400321841328257,
      "fcf_margin_change": 0.04378140490345453
    }
  ],
  "signals": [
    {
      "quarter": "2025-09 (Q3)",
      "signal": "YoY REVENUE GROWTH ACCELERATION",
      "detail": "YoY growth: +1.4% vs prior quarter YoY: -4.1% (accel: +5.5%)",
      "severity": "MEDIUM"
    },
    {
      "quarter": "2025-06 (Q2)",
      "signal": "INCREMENTAL MARGIN (YoY)",
      "detail": "YoY Incr OPM: +92.0% vs year-ago OPM: +26.1%",
      "severity": "HIGH"
    },
    {
      "quarter": "2025-03 (Q1)",
      "signal": "YoY REVENUE GROWTH DECELERATION",
      "detail": "YoY growth: +0.8% vs prior quarter YoY: +10.5% (decel: -9.7%)",
      "severity": "WARNING"
    },
    {
      "quarter": "2024-12 (Q4)",
      "signal": "YoY REVENUE GROWTH DECELERATION",
      "detail": "YoY growth: +10.5% vs prior quarter YoY: +18.4% (decel: -7.9%)",
      "severity": "WARNING"
    },
    {
      "quarter": "2024-09 (Q3)",
      "signal": "FCF MARGIN EXPANSION",
      "detail": "FCF margin: +21.5% -> +46.2% (+24.7%)",
      "severity": "MEDIUM"
    },
    {
      "quarter": "2024-03 (Q1)",
      "signal": "YoY REVENUE GROWTH DECELERATION",
      "detail": "YoY growth: +23.0% vs prior quarter YoY: +34.5% (decel: -11.5%)",
      "severity": "WARNING"
    },
    {
      "quarter": "2024-03 (Q1)",
      "signal": "OP MARGIN TURNED POSITIVE (YoY)",
      "detail": "Op margin: -3.1% (year-ago) -> +28.8%",
      "severity": "HIGH"
    },
    {
      "quarter": "2023-12 (Q4)",
      "signal": "OPERATING LEVERAGE",
      "detail": "Rev growth +10.6% vs OpEx growth +5.5% (leverage: 1.9x)",
      "severity": "MEDIUM"
    },
    {
      "quarter": "2023-12 (Q4)",
      "signal": "GROSS MARGIN INFLECTION",
      "detail": "GM: +63.0% -> +62.5% -> +64.9% (reversal +2.4%)",
      "severity": "MEDIUM"
    },
    {
      "quarter": "2023-12 (Q4)",
      "signal": "OP MARGIN TURNED POSITIVE (YoY)",
      "detail": "Op margin: -65.2% (year-ago) -> +38.8%",
      "severity": "HIGH"
    },
    {
      "quarter": "2023-09 (Q3)",
      "signal": "FCF TURNED POSITIVE",
      "detail": "FCF margin: -10.0% -> +36.5%",
      "severity": "HIGH"
    },
    {
      "quarter": "2023-09 (Q3)",
      "signal": "YoY REVENUE GROWTH DECELERATION",
      "detail": "YoY growth: +33.7% vs prior quarter YoY: +43.8% (decel: -10.1%)",
      "severity": "WARNING"
    },
    {
      "quarter": "2023-06 (Q2)",
      "signal": "GROSS MARGIN INFLECTION",
      "detail": "GM: +63.5% -> +25.6% -> +63.0% (reversal +37.4%)",
      "severity": "HIGH"
    },
    {
      "quarter": "2023-06 (Q2)",
      "signal": "INCREMENTAL MARGIN (YoY)",
      "detail": "YoY Incr OPM: +62.2% vs year-ago OPM: +28.3%",
      "severity": "HIGH"
    },
    {
      "quarter": "2023-06 (Q2)",
      "signal": "OP MARGIN TURNED POSITIVE (QoQ)",
      "detail": "Op margin: -3.1% -> +38.6%",
      "severity": "HIGH"
    },
    {
      "quarter": "2023-03 (Q1)",
      "signal": "YoY REVENUE GROWTH DECELERATION",
      "detail": "YoY growth: +44.0% vs prior quarter YoY: +103.1% (decel: -59.1%)",
      "severity": "WARNING"
    },
    {
      "quarter": "2022-12 (Q4)",
      "signal": "YoY REVENUE GROWTH DECELERATION",
      "detail": "YoY growth: +103.1% vs prior quarter YoY: +134.4% (decel: -31.3%)",
      "severity": "WARNING"
    },
    {
      "quarter": "2022-09 (Q3)",
      "signal": "FCF MARGIN EXPANSION",
      "detail": "FCF margin: +32.4% -> +39.1% (+6.7%)",
      "severity": "MEDIUM"
    },
    {
      "quarter": "2022-09 (Q3)",
      "signal": "YoY REVENUE GROWTH ACCELERATION",
      "detail": "YoY growth: +134.4% vs prior quarter YoY: +121.4% (accel: +13.1%)",
      "severity": "MEDIUM"
    },
    {
      "quarter": "2022-09 (Q3)",
      "signal": "OP MARGIN TURNED POSITIVE (YoY)",
      "detail": "Op margin: -14.0% (year-ago) -> +35.8%",
      "severity": "HIGH"
    },
    {
      "quarter": "2022-06 (Q2)",
      "signal": "FCF MARGIN EXPANSION",
      "detail": "FCF margin: +4.9% -> +32.4% (+27.5%)",
      "severity": "MEDIUM"
    },
    {
      "quarter": "2022-06 (Q2)",
      "signal": "OP MARGIN TURNED POSITIVE (YoY)",
      "detail": "Op margin: -26.5% (year-ago) -> +28.3%",
      "severity": "HIGH"
    },
    {
      "quarter": "2022-03 (Q1)",
      "signal": "YoY REVENUE GROWTH ACCELERATION",
      "detail": "YoY growth: +125.8% vs prior quarter YoY: +37.6% (accel: +88.2%)",
      "severity": "HIGH"
    },
    {
      "quarter": "2022-03 (Q1)",
      "signal": "INCREMENTAL MARGIN (YoY)",
      "detail": "YoY Incr OPM: +37.2% vs year-ago OPM: +16.9%",
      "severity": "HIGH"
    },
    {
      "quarter": "2022-03 (Q1)",
      "signal": "OP MARGIN TURNED POSITIVE (QoQ)",
      "detail": "Op margin: -27.3% -> +28.2%",
      "severity": "HIGH"
    },
    {
      "quarter": "2021-12 (Q4)",
      "signal": "FCF MARGIN EXPANSION",
      "detail": "FCF margin: +4.3% -> +10.7% (+6.5%)",
      "severity": "MEDIUM"
    },
    {
      "quarter": "2021-12 (Q4)",
      "signal": "GROSS MARGIN INFLECTION",
      "detail": "GM: +45.6% -> +41.8% -> +44.7% (reversal +2.9%)",
      "severity": "MEDIUM"
    },
    {
      "quarter": "2021-06 (Q2)",
      "signal": "FCF MARGIN EXPANSION",
      "detail": "FCF margin: +10.6% -> +25.6% (+15.0%)",
      "severity": "MEDIUM"
    },
    {
      "quarter": "2021-03 (Q1)",
      "signal": "FCF MARGIN EXPANSION",
      "detail": "FCF margin: +0.6% -> +10.6% (+10.0%)",
      "severity": "MEDIUM"
    },
    {
      "quarter": "2021-03 (Q1)",
      "signal": "OP MARGIN TURNED POSITIVE (QoQ)",
      "detail": "Op margin: -0.6% -> +16.9%",
      "severity": "HIGH"
    }
  ],
  "data_quality": {
    "n_quarters": 20,
    "coverage": {
      "revenue": [
        20,
        20
      ],
      "gross_profit": [
        20,
        20
      ],
      "op_income": [
        20,
        20
      ],
      "fcf": [
        20,
        20
      ]
    },
    "gaps": [],
    "warnings": []
  },
  "market_cap": null,
  "source": "SEC EDGAR",
  "last_updated": "2026-02-02T21:08:08.930850",
  "sector": "Healthcare",
  "industry": "Drug Manufacturers - Specialty & Generic"
}