{
  "ticker": "LOCL",
  "name": "Local Bounti Corporation/DE",
  "quarters": [
    {
      "date": "2021-03-31T00:00:00",
      "quarter_label": "2021-03 (Q1)",
      "revenue": 57000,
      "gross_profit": 12000,
      "operating_income": -8714000,
      "net_income": -9398000,
      "opex": 8726000,
      "cogs": 45000,
      "rd": 432000,
      "sga": 8294000,
      "fcf": -2195285,
      "ocf": -1125285,
      "capex": -1070000,
      "gross_margin": 0.21052631578947367,
      "op_margin": -152.87719298245614,
      "fcf_margin": -38.513771929824564
    },
    {
      "date": "2021-06-30T00:00:00",
      "quarter_label": "2021-06 (Q2)",
      "revenue": 108000,
      "gross_profit": 27000,
      "operating_income": -489318,
      "net_income": -5304203,
      "opex": 3685000,
      "cogs": 81000,
      "rd": 723000,
      "sga": 2962000,
      "fcf": -7360907,
      "ocf": -343907,
      "capex": -7017000,
      "gross_margin": 0.25,
      "op_margin": -4.530722222222222,
      "fcf_margin": -68.1565462962963,
      "op_leverage_ratio": Infinity,
      "fcf_margin_change": -29.642774366471734
    },
    {
      "date": "2021-09-30T00:00:00",
      "quarter_label": "2021-09 (Q3)",
      "revenue": 159000,
      "gross_profit": 4000,
      "operating_income": -762679,
      "net_income": 3469254,
      "opex": 5687000,
      "cogs": 155000,
      "rd": 1418000,
      "sga": 4269000,
      "fcf": -6377632,
      "ocf": -271632,
      "capex": -6106000,
      "gross_margin": 0.025157232704402517,
      "op_margin": -4.796723270440252,
      "fcf_margin": -40.110893081761006,
      "op_leverage_ratio": 0.8692002442002442,
      "fcf_margin_change": 28.045653214535292
    },
    {
      "date": "2021-12-31T00:00:00",
      "quarter_label": "2021-12 (Q4)",
      "revenue": 314000,
      "gross_profit": 163000,
      "operating_income": -26662000,
      "net_income": -28271000,
      "opex": 26825000,
      "cogs": 151000,
      "rd": 852000,
      "sga": 25973000,
      "fcf": -20301000,
      "ocf": -4828000,
      "capex": -15473000,
      "gross_margin": 0.5191082802547771,
      "op_margin": -84.91082802547771,
      "fcf_margin": -64.65286624203821,
      "op_leverage_ratio": 0.26227319602659016,
      "fcf_margin_change": -24.54197316027721
    },
    {
      "date": "2022-03-31T00:00:00",
      "quarter_label": "2022-03 (Q1)",
      "revenue": 282000,
      "gross_profit": 48000,
      "operating_income": -24159000,
      "net_income": -25772000,
      "opex": 24207000,
      "cogs": 234000,
      "rd": 1948000,
      "sga": 22259000,
      "fcf": -24687000,
      "ocf": -10014000,
      "capex": -14673000,
      "gross_margin": 0.1702127659574468,
      "op_margin": -85.67021276595744,
      "fcf_margin": -87.54255319148936,
      "rev_growth_yoy": 3.9473684210526314,
      "fcf_margin_change": -22.889686949451146
    },
    {
      "date": "2022-06-30T00:00:00",
      "quarter_label": "2022-06 (Q2)",
      "revenue": 6269000,
      "gross_profit": -12000,
      "operating_income": -26226000,
      "net_income": -31663000,
      "opex": 26214000,
      "cogs": 6281000,
      "rd": 3073000,
      "sga": 23141000,
      "fcf": -27437000,
      "ocf": -16643000,
      "capex": -10794000,
      "gross_margin": -0.001914180890094114,
      "op_margin": -4.183442335300686,
      "fcf_margin": -4.376615090126017,
      "incr_op_margin_yoy": -4.177354650219121,
      "rev_growth_yoy": 57.0462962962963,
      "rev_growth_yoy_accel": 53.09892787524367,
      "op_leverage_ratio": 256.0670790531014,
      "fcf_margin_change": 83.16593810136334
    },
    {
      "date": "2022-09-30T00:00:00",
      "quarter_label": "2022-09 (Q3)",
      "revenue": 6285000,
      "gross_profit": 1270000,
      "operating_income": -21988000,
      "net_income": -27104000,
      "opex": 23258000,
      "cogs": 5015000,
      "rd": 3019000,
      "sga": 20239000,
      "fcf": -25616000,
      "ocf": -10220000,
      "capex": -15396000,
      "gross_margin": 0.2020684168655529,
      "op_margin": -3.4984884645982497,
      "fcf_margin": -4.075735879077168,
      "incr_op_margin_yoy": -3.4647928501469147,
      "rev_growth_yoy": 38.528301886792455,
      "rev_growth_yoy_accel": -18.517994409503842,
      "fcf_margin_change": 0.30087921104884874
    },
    {
      "date": "2022-12-31T00:00:00",
      "quarter_label": "2022-12 (Q4)",
      "revenue": 6638000,
      "gross_profit": 914000,
      "operating_income": -22153000,
      "net_income": -26532000,
      "opex": 23067000,
      "cogs": 5724000,
      "rd": 5126000,
      "sga": 17941000,
      "fcf": -27088000,
      "ocf": -11931000,
      "capex": -15157000,
      "gross_margin": 0.1376920759264839,
      "op_margin": -3.3373003916842423,
      "fcf_margin": -4.080747213015969,
      "incr_op_margin_yoy": 0.7129981024667932,
      "rev_growth_yoy": 20.14012738853503,
      "rev_growth_yoy_accel": -18.388174498257424,
      "op_leverage_ratio": Infinity,
      "fcf_margin_change": -0.0050113339388007105
    },
    {
      "date": "2023-03-31T00:00:00",
      "quarter_label": "2023-03 (Q1)",
      "revenue": 6698000,
      "gross_profit": 279000,
      "operating_income": -19278000,
      "net_income": -23527000,
      "opex": 19557000,
      "cogs": 6419000,
      "rd": 3576000,
      "sga": 15981000,
      "fcf": -40515000,
      "ocf": -7830000,
      "capex": -32685000,
      "gross_margin": 0.04165422514183338,
      "op_margin": -2.8781725888324874,
      "fcf_margin": -6.048820543445805,
      "incr_op_margin_yoy": 0.7607543640897756,
      "rev_growth_yoy": 22.75177304964539,
      "rev_growth_yoy_accel": 2.6116456611103587,
      "fcf_margin_change": -1.968073330429836
    },
    {
      "date": "2023-06-30T00:00:00",
      "quarter_label": "2023-06 (Q2)",
      "revenue": 7183000,
      "gross_profit": 852000,
      "operating_income": -19378000,
      "net_income": -10676000,
      "opex": 20230000,
      "cogs": 6331000,
      "rd": 3526000,
      "sga": 16704000,
      "fcf": -51760000,
      "ocf": -8258000,
      "capex": -43502000,
      "gross_margin": 0.11861339273284142,
      "op_margin": -2.6977585966866213,
      "fcf_margin": -7.205902826117221,
      "rev_growth_yoy": 0.14579677779550168,
      "rev_growth_yoy_accel": -22.605976271849887,
      "op_leverage_ratio": 2.1041842567274083,
      "fcf_margin_change": -1.157082282671416
    },
    {
      "date": "2023-09-30T00:00:00",
      "quarter_label": "2023-09 (Q3)",
      "revenue": 6810000,
      "gross_profit": 405000,
      "operating_income": -19002000,
      "net_income": -24258000,
      "opex": 19407000,
      "cogs": 6405000,
      "rd": 5001000,
      "sga": 14406000,
      "fcf": -50957000,
      "ocf": -9903000,
      "capex": -41054000,
      "gross_margin": 0.05947136563876652,
      "op_margin": -2.7903083700440527,
      "fcf_margin": -7.482672540381792,
      "rev_growth_yoy": 0.08353221957040573,
      "rev_growth_yoy_accel": -0.06226455822509595,
      "fcf_margin_change": -0.27676971426457087
    },
    {
      "date": "2023-12-31T00:00:00",
      "quarter_label": "2023-12 (Q4)",
      "revenue": 6866000,
      "gross_profit": 680000,
      "operating_income": -59252000,
      "net_income": -65554000,
      "opex": 59932000,
      "cogs": 6186000,
      "rd": 3983000,
      "sga": 17468000,
      "fcf": -52190000,
      "ocf": -7166000,
      "capex": -45024000,
      "gross_margin": 0.09903874162540052,
      "op_margin": -8.62976988057093,
      "fcf_margin": -7.60122341974949,
      "rev_growth_yoy": 0.03434769508888219,
      "rev_growth_yoy_accel": -0.04918452448152354,
      "fcf_margin_change": -0.11855087936769859
    },
    {
      "date": "2024-03-31T00:00:00",
      "quarter_label": "2024-03 (Q1)",
      "revenue": 8383000,
      "gross_profit": 786000,
      "operating_income": -10299000,
      "net_income": -24050000,
      "opex": 11085000,
      "cogs": 7597000,
      "rd": 3487000,
      "sga": 7598000,
      "fcf": -42068000,
      "ocf": -7083000,
      "capex": -34985000,
      "gross_margin": 0.09376118334725039,
      "op_margin": -1.22855779553859,
      "fcf_margin": -5.018251222712633,
      "incr_op_margin_yoy": 5.328783382789317,
      "rev_growth_yoy": 0.25156763212899375,
      "rev_growth_yoy_accel": 0.21721993704011155,
      "op_leverage_ratio": Infinity,
      "fcf_margin_change": 2.5829721970368578
    },
    {
      "date": "2024-06-30T00:00:00",
      "quarter_label": "2024-06 (Q2)",
      "revenue": 9443000,
      "gross_profit": 1351000,
      "operating_income": -13864000,
      "net_income": -25267000,
      "opex": 15215000,
      "cogs": 8092000,
      "rd": 4519000,
      "sga": 10696000,
      "fcf": -28840000,
      "ocf": -4001000,
      "capex": -24839000,
      "gross_margin": 0.1430689399555226,
      "op_margin": -1.4681774859684422,
      "fcf_margin": -3.0541141586360268,
      "incr_op_margin_yoy": 2.4398230088495576,
      "rev_growth_yoy": 0.3146317694556592,
      "rev_growth_yoy_accel": 0.06306413732666544,
      "op_leverage_ratio": 0.3393845321111358,
      "fcf_margin_change": 1.9641370640766058
    },
    {
      "date": "2024-09-30T00:00:00",
      "quarter_label": "2024-09 (Q3)",
      "revenue": 10242000,
      "gross_profit": 1413000,
      "operating_income": -18031000,
      "net_income": -34327000,
      "opex": 19444000,
      "cogs": 8829000,
      "rd": 7096000,
      "sga": 12348000,
      "fcf": -30016000,
      "ocf": -17211000,
      "capex": -12805000,
      "gross_margin": 0.13796133567662566,
      "op_margin": -1.7604959968756102,
      "fcf_margin": -2.9306776020308534,
      "incr_op_margin_yoy": 0.28292540792540793,
      "rev_growth_yoy": 0.5039647577092511,
      "rev_growth_yoy_accel": 0.1893329882535919,
      "op_leverage_ratio": 0.30441851367066636,
      "fcf_margin_change": 0.12343655660517339
    },
    {
      "date": "2024-12-31T00:00:00",
      "quarter_label": "2024-12 (Q4)",
      "revenue": 10070000,
      "gross_profit": 540000,
      "operating_income": -16774000,
      "net_income": -36258000,
      "opex": 17314000,
      "cogs": 9530000,
      "rd": 7185000,
      "sga": 10129000,
      "fcf": -8591000,
      "ocf": 1234000,
      "capex": -9825000,
      "gross_margin": 0.05362462760675273,
      "op_margin": -1.6657398212512413,
      "fcf_margin": -0.8531281032770606,
      "incr_op_margin_yoy": 13.257802746566792,
      "rev_growth_yoy": 0.4666472473055637,
      "rev_growth_yoy_accel": -0.037317510403687415,
      "fcf_margin_change": 2.077549498753793
    },
    {
      "date": "2025-03-31T00:00:00",
      "quarter_label": "2025-03 (Q1)",
      "revenue": 11605000,
      "gross_profit": 1461000,
      "operating_income": -15734000,
      "net_income": -37675000,
      "opex": 17195000,
      "cogs": 10144000,
      "rd": 6977000,
      "sga": null,
      "fcf": -14515000,
      "ocf": -9553000,
      "capex": -4962000,
      "gross_margin": 0.12589401120206808,
      "op_margin": -1.3557949159844895,
      "fcf_margin": -1.2507539853511418,
      "incr_op_margin_yoy": -1.686840471756673,
      "rev_growth_yoy": 0.3843492783013241,
      "rev_growth_yoy_accel": -0.08229796900423958,
      "op_leverage_ratio": Infinity,
      "fcf_margin_change": -0.3976258820740812
    },
    {
      "date": "2025-06-30T00:00:00",
      "quarter_label": "2025-06 (Q2)",
      "revenue": 12103000,
      "gross_profit": 1472000,
      "operating_income": -15450000,
      "net_income": -21577000,
      "opex": 16922000,
      "cogs": 10631000,
      "rd": 6485000,
      "sga": null,
      "fcf": -14639000,
      "ocf": -8717000,
      "capex": -5922000,
      "gross_margin": 0.12162273816409155,
      "op_margin": -1.276543005866314,
      "fcf_margin": -1.2095348260761796,
      "incr_op_margin_yoy": -0.5962406015037593,
      "rev_growth_yoy": 0.28169014084507044,
      "rev_growth_yoy_accel": -0.10265913745625366,
      "op_leverage_ratio": Infinity,
      "fcf_margin_change": 0.041219159274962225
    },
    {
      "date": "2025-09-30T00:00:00",
      "quarter_label": "2025-09 (Q3)",
      "revenue": 12200000,
      "gross_profit": 1406000,
      "operating_income": -18221000,
      "net_income": -26430000,
      "opex": 19627000,
      "cogs": 10794000,
      "rd": 6677000,
      "sga": null,
      "fcf": -10107000,
      "ocf": -8920000,
      "capex": -1187000,
      "gross_margin": 0.11524590163934426,
      "op_margin": -1.4935245901639345,
      "fcf_margin": -0.8284426229508197,
      "incr_op_margin_yoy": -0.09703779366700716,
      "rev_growth_yoy": 0.19117359890646357,
      "rev_growth_yoy_accel": -0.09051654193860686,
      "fcf_margin_change": 0.38109220312535985
    }
  ],
  "signals": [
    {
      "quarter": "2025-09 (Q3)",
      "signal": "FCF MARGIN EXPANSION",
      "detail": "FCF margin: -121.0% -> -82.8% (+38.1%)",
      "severity": "MEDIUM"
    },
    {
      "quarter": "2025-09 (Q3)",
      "signal": "YoY REVENUE GROWTH DECELERATION",
      "detail": "YoY growth: +19.1% vs prior quarter YoY: +28.2% (decel: -9.1%)",
      "severity": "WARNING"
    },
    {
      "quarter": "2025-06 (Q2)",
      "signal": "YoY REVENUE GROWTH DECELERATION",
      "detail": "YoY growth: +28.2% vs prior quarter YoY: +38.4% (decel: -10.3%)",
      "severity": "WARNING"
    },
    {
      "quarter": "2025-03 (Q1)",
      "signal": "GROSS MARGIN INFLECTION",
      "detail": "GM: +13.8% -> +5.4% -> +12.6% (reversal +7.2%)",
      "severity": "HIGH"
    },
    {
      "quarter": "2025-03 (Q1)",
      "signal": "YoY REVENUE GROWTH DECELERATION",
      "detail": "YoY growth: +38.4% vs prior quarter YoY: +46.7% (decel: -8.2%)",
      "severity": "WARNING"
    },
    {
      "quarter": "2024-12 (Q4)",
      "signal": "FCF MARGIN EXPANSION",
      "detail": "FCF margin: -293.1% -> -85.3% (+207.8%)",
      "severity": "MEDIUM"
    },
    {
      "quarter": "2024-09 (Q3)",
      "signal": "FCF MARGIN EXPANSION",
      "detail": "FCF margin: -305.4% -> -293.1% (+12.3%)",
      "severity": "MEDIUM"
    },
    {
      "quarter": "2024-09 (Q3)",
      "signal": "YoY REVENUE GROWTH ACCELERATION",
      "detail": "YoY growth: +50.4% vs prior quarter YoY: +31.5% (accel: +18.9%)",
      "severity": "HIGH"
    },
    {
      "quarter": "2024-06 (Q2)",
      "signal": "FCF MARGIN EXPANSION",
      "detail": "FCF margin: -501.8% -> -305.4% (+196.4%)",
      "severity": "MEDIUM"
    },
    {
      "quarter": "2024-06 (Q2)",
      "signal": "GROSS MARGIN INFLECTION",
      "detail": "GM: +9.9% -> +9.4% -> +14.3% (reversal +4.9%)",
      "severity": "MEDIUM"
    },
    {
      "quarter": "2024-06 (Q2)",
      "signal": "YoY REVENUE GROWTH ACCELERATION",
      "detail": "YoY growth: +31.5% vs prior quarter YoY: +25.2% (accel: +6.3%)",
      "severity": "MEDIUM"
    },
    {
      "quarter": "2024-03 (Q1)",
      "signal": "FCF MARGIN EXPANSION",
      "detail": "FCF margin: -760.1% -> -501.8% (+258.3%)",
      "severity": "MEDIUM"
    },
    {
      "quarter": "2024-03 (Q1)",
      "signal": "YoY REVENUE GROWTH ACCELERATION",
      "detail": "YoY growth: +25.2% vs prior quarter YoY: +3.4% (accel: +21.7%)",
      "severity": "HIGH"
    },
    {
      "quarter": "2023-12 (Q4)",
      "signal": "GROSS MARGIN INFLECTION",
      "detail": "GM: +11.9% -> +5.9% -> +9.9% (reversal +4.0%)",
      "severity": "MEDIUM"
    },
    {
      "quarter": "2023-09 (Q3)",
      "signal": "YoY REVENUE GROWTH DECELERATION",
      "detail": "YoY growth: +8.4% vs prior quarter YoY: +14.6% (decel: -6.2%)",
      "severity": "WARNING"
    },
    {
      "quarter": "2023-06 (Q2)",
      "signal": "OPERATING LEVERAGE",
      "detail": "Rev growth +7.2% vs OpEx growth +3.4% (leverage: 2.1x)",
      "severity": "MEDIUM"
    },
    {
      "quarter": "2023-06 (Q2)",
      "signal": "GROSS MARGIN INFLECTION",
      "detail": "GM: +13.8% -> +4.2% -> +11.9% (reversal +7.7%)",
      "severity": "HIGH"
    },
    {
      "quarter": "2023-06 (Q2)",
      "signal": "YoY REVENUE GROWTH DECELERATION",
      "detail": "YoY growth: +14.6% vs prior quarter YoY: +2275.2% (decel: -2260.6%)",
      "severity": "WARNING"
    },
    {
      "quarter": "2023-03 (Q1)",
      "signal": "YoY REVENUE GROWTH ACCELERATION",
      "detail": "YoY growth: +2275.2% vs prior quarter YoY: +2014.0% (accel: +261.2%)",
      "severity": "HIGH"
    },
    {
      "quarter": "2022-12 (Q4)",
      "signal": "YoY REVENUE GROWTH DECELERATION",
      "detail": "YoY growth: +2014.0% vs prior quarter YoY: +3852.8% (decel: -1838.8%)",
      "severity": "WARNING"
    },
    {
      "quarter": "2022-09 (Q3)",
      "signal": "FCF MARGIN EXPANSION",
      "detail": "FCF margin: -437.7% -> -407.6% (+30.1%)",
      "severity": "MEDIUM"
    },
    {
      "quarter": "2022-09 (Q3)",
      "signal": "GROSS MARGIN INFLECTION",
      "detail": "GM: +17.0% -> -0.2% -> +20.2% (reversal +20.4%)",
      "severity": "HIGH"
    },
    {
      "quarter": "2022-09 (Q3)",
      "signal": "YoY REVENUE GROWTH DECELERATION",
      "detail": "YoY growth: +3852.8% vs prior quarter YoY: +5704.6% (decel: -1851.8%)",
      "severity": "WARNING"
    },
    {
      "quarter": "2022-06 (Q2)",
      "signal": "FCF MARGIN EXPANSION",
      "detail": "FCF margin: -8754.3% -> -437.7% (+8316.6%)",
      "severity": "MEDIUM"
    },
    {
      "quarter": "2022-06 (Q2)",
      "signal": "OPERATING LEVERAGE",
      "detail": "Rev growth +2123.0% vs OpEx growth +8.3% (leverage: 256.1x)",
      "severity": "MEDIUM"
    },
    {
      "quarter": "2022-06 (Q2)",
      "signal": "YoY REVENUE GROWTH ACCELERATION",
      "detail": "YoY growth: +5704.6% vs prior quarter YoY: +394.7% (accel: +5309.9%)",
      "severity": "HIGH"
    },
    {
      "quarter": "2021-12 (Q4)",
      "signal": "GROSS MARGIN INFLECTION",
      "detail": "GM: +25.0% -> +2.5% -> +51.9% (reversal +49.4%)",
      "severity": "HIGH"
    },
    {
      "quarter": "2021-09 (Q3)",
      "signal": "FCF MARGIN EXPANSION",
      "detail": "FCF margin: -6815.7% -> -4011.1% (+2804.6%)",
      "severity": "MEDIUM"
    }
  ],
  "data_quality": {
    "n_quarters": 19,
    "coverage": {
      "revenue": [
        19,
        19
      ],
      "gross_profit": [
        19,
        19
      ],
      "op_income": [
        19,
        19
      ],
      "fcf": [
        19,
        19
      ]
    },
    "gaps": [],
    "warnings": []
  },
  "market_cap": null,
  "source": "SEC EDGAR",
  "last_updated": "2026-02-02T23:39:16.826490",
  "sector": "Consumer Defensive",
  "industry": "Farm Products"
}