{
  "ticker": "LOGI",
  "name": "LOGITECH INTERNATIONAL S.A.",
  "quarters": [
    {
      "date": "2021-03-31T00:00:00",
      "quarter_label": "2021-03 (Q1)",
      "revenue": 1535925000,
      "gross_profit": 711269000,
      "operating_income": 295082000,
      "net_income": null,
      "opex": 416187000,
      "cogs": null,
      "rd": 69009000,
      "sga": null,
      "fcf": 500193000,
      "ocf": 530219000,
      "capex": -30026000,
      "gross_margin": 0.46308836694500055,
      "op_margin": 0.19212005794553771,
      "fcf_margin": 0.3256623858586845
    },
    {
      "date": "2021-06-30T00:00:00",
      "quarter_label": "2021-06 (Q2)",
      "revenue": 1312058000,
      "gross_profit": 568926000,
      "operating_income": 203081000,
      "net_income": null,
      "opex": 365845000,
      "cogs": null,
      "rd": 69246000,
      "sga": null,
      "fcf": -139484000,
      "ocf": -114970000,
      "capex": -24514000,
      "gross_margin": 0.4336134530638127,
      "op_margin": 0.15478050513010858,
      "fcf_margin": -0.10630932474021727,
      "fcf_margin_change": -0.43197171059890177
    },
    {
      "date": "2021-09-30T00:00:00",
      "quarter_label": "2021-09 (Q3)",
      "revenue": 1306267000,
      "gross_profit": 542163000,
      "operating_income": 179411000,
      "net_income": 139456000,
      "opex": 362752000,
      "cogs": null,
      "rd": 68661000,
      "sga": null,
      "fcf": -85596000,
      "ocf": -62878000,
      "capex": -22718000,
      "gross_margin": 0.41504761277747965,
      "op_margin": 0.13734634649730873,
      "fcf_margin": -0.06552718548351906,
      "fcf_margin_change": 0.04078213925669821
    },
    {
      "date": "2021-12-31T00:00:00",
      "quarter_label": "2021-12 (Q4)",
      "revenue": 1632782000,
      "gross_profit": 658010000,
      "operating_income": 262751000,
      "net_income": 210011000,
      "opex": 395259000,
      "cogs": null,
      "rd": 75529000,
      "sga": null,
      "fcf": 360082000,
      "ocf": 376576000,
      "capex": -16494000,
      "gross_margin": 0.4029992981304302,
      "op_margin": 0.1609222786630426,
      "fcf_margin": 0.22053280842145492,
      "op_leverage_ratio": 2.7893570295465593,
      "fcf_margin_change": 0.286059993904974
    },
    {
      "date": "2022-03-31T00:00:00",
      "quarter_label": "2022-03 (Q1)",
      "revenue": 1229994000,
      "gross_profit": 493907000,
      "operating_income": 128769000,
      "net_income": 108205000,
      "opex": 365138000,
      "cogs": null,
      "rd": 78408000,
      "sga": null,
      "fcf": 74164000,
      "ocf": 99590000,
      "capex": -25426000,
      "gross_margin": 0.4015523652960909,
      "op_margin": 0.10469075458904678,
      "fcf_margin": 0.06029622908729636,
      "incr_op_margin_yoy": 0.5436291189843462,
      "rev_growth_yoy": -0.199183553884467,
      "fcf_margin_change": -0.16023657933415858
    },
    {
      "date": "2022-06-30T00:00:00",
      "quarter_label": "2022-06 (Q2)",
      "revenue": 1159865000,
      "gross_profit": 459603000,
      "operating_income": 115479000,
      "net_income": 100836000,
      "opex": 344124000,
      "cogs": null,
      "rd": 75517000,
      "sga": null,
      "fcf": -55231000,
      "ocf": -35668000,
      "capex": -19563000,
      "gross_margin": 0.39625559871191907,
      "op_margin": 0.09956244907812548,
      "fcf_margin": -0.0476184728395115,
      "incr_op_margin_yoy": 0.5755980892682317,
      "rev_growth_yoy": -0.11599563433933562,
      "rev_growth_yoy_accel": 0.0831879195451314,
      "fcf_margin_change": -0.10791470192680785
    },
    {
      "date": "2022-09-30T00:00:00",
      "quarter_label": "2022-09 (Q3)",
      "revenue": 1148951000,
      "gross_profit": 438780000,
      "operating_income": 127401000,
      "net_income": 82091000,
      "opex": 311379000,
      "cogs": null,
      "rd": 69009000,
      "sga": null,
      "fcf": 47103000,
      "ocf": 72924000,
      "capex": -25821000,
      "gross_margin": 0.38189618182150503,
      "op_margin": 0.11088462432253421,
      "fcf_margin": 0.040996526396687064,
      "incr_op_margin_yoy": 0.3306084568638918,
      "rev_growth_yoy": -0.1204317340941783,
      "rev_growth_yoy_accel": -0.004436099754842687,
      "fcf_margin_change": 0.08861499923619856
    },
    {
      "date": "2022-12-31T00:00:00",
      "quarter_label": "2022-12 (Q4)",
      "revenue": 1269925000,
      "gross_profit": 477268000,
      "operating_income": 176745000,
      "net_income": 140153000,
      "opex": 300523000,
      "cogs": null,
      "rd": 65640000,
      "sga": null,
      "fcf": 256173000,
      "ocf": 279911000,
      "capex": -23738000,
      "gross_margin": 0.37582376912022364,
      "op_margin": 0.13917751048290253,
      "fcf_margin": 0.20172293639388153,
      "incr_op_margin_yoy": 0.23702450276555226,
      "rev_growth_yoy": -0.2222323616992348,
      "rev_growth_yoy_accel": -0.1018006276050565,
      "op_leverage_ratio": Infinity,
      "fcf_margin_change": 0.16072640999719445
    },
    {
      "date": "2023-03-31T00:00:00",
      "quarter_label": "2023-03 (Q1)",
      "revenue": 960077000,
      "gross_profit": 343864000,
      "operating_income": 38844000,
      "net_income": 41495000,
      "opex": 305020000,
      "cogs": null,
      "rd": 70630000,
      "sga": null,
      "fcf": 193612000,
      "ocf": 216843000,
      "capex": -23231000,
      "gross_margin": 0.35816293901426655,
      "op_margin": 0.04045925483060213,
      "fcf_margin": 0.20166299161421428,
      "incr_op_margin_yoy": 0.33315797078361126,
      "rev_growth_yoy": -0.21944578591440284,
      "rev_growth_yoy_accel": 0.0027865757848319628,
      "fcf_margin_change": -5.9944779667253645e-05
    },
    {
      "date": "2023-06-30T00:00:00",
      "quarter_label": "2023-06 (Q2)",
      "revenue": 974499000,
      "gross_profit": 375642000,
      "operating_income": 78405000,
      "net_income": 62727000,
      "opex": 297237000,
      "cogs": null,
      "rd": 70559000,
      "sga": null,
      "fcf": 223557000,
      "ocf": 239795000,
      "capex": -16238000,
      "gross_margin": 0.3854719194170543,
      "op_margin": 0.0804567269951021,
      "fcf_margin": 0.2294071107307447,
      "incr_op_margin_yoy": 0.20000431578606648,
      "rev_growth_yoy": -0.15981687523979085,
      "rev_growth_yoy_accel": 0.059628910674611985,
      "op_leverage_ratio": Infinity,
      "fcf_margin_change": 0.027744119116530436
    },
    {
      "date": "2023-09-30T00:00:00",
      "quarter_label": "2023-09 (Q3)",
      "revenue": 1057008000,
      "gross_profit": 438622000,
      "operating_income": 156639000,
      "net_income": 137117000,
      "opex": 281983000,
      "cogs": null,
      "rd": 68559000,
      "sga": null,
      "fcf": 204771000,
      "ocf": 223264000,
      "capex": -18493000,
      "gross_margin": 0.4149656388598762,
      "op_margin": 0.14819093138367923,
      "fcf_margin": 0.19372701058080924,
      "incr_op_margin_yoy": -0.3180013704142784,
      "rev_growth_yoy": -0.08002343006794894,
      "rev_growth_yoy_accel": 0.0797934451718419,
      "op_leverage_ratio": Infinity,
      "fcf_margin_change": -0.03568010014993547
    },
    {
      "date": "2023-12-31T00:00:00",
      "quarter_label": "2023-12 (Q4)",
      "revenue": 1255473000,
      "gross_profit": 526780000,
      "operating_income": 222075000,
      "net_income": 244684000,
      "opex": 304705000,
      "cogs": null,
      "rd": 72704000,
      "sga": null,
      "fcf": 432098000,
      "ocf": 442952000,
      "capex": -10854000,
      "gross_margin": 0.41958688080110046,
      "op_margin": 0.17688552441988,
      "fcf_margin": 0.3441714795937467,
      "incr_op_margin_yoy": -3.136590091336839,
      "rev_growth_yoy": -0.011380199618087682,
      "rev_growth_yoy_accel": 0.06864323044986126,
      "op_leverage_ratio": 2.3301400545402444,
      "fcf_margin_change": 0.15044446901293748
    },
    {
      "date": "2024-03-31T00:00:00",
      "quarter_label": "2024-03 (Q1)",
      "revenue": 1011487000,
      "gross_profit": 436977000,
      "operating_income": 130217000,
      "net_income": 167615000,
      "opex": 306760000,
      "cogs": null,
      "rd": 75421000,
      "sga": null,
      "fcf": 228793000,
      "ocf": 239105000,
      "capex": -10312000,
      "gross_margin": 0.43201445001270405,
      "op_margin": 0.1287381844749364,
      "fcf_margin": 0.2261947014642798,
      "incr_op_margin_yoy": 1.777339039097452,
      "rev_growth_yoy": 0.05354778835447573,
      "rev_growth_yoy_accel": 0.06492798797256341,
      "fcf_margin_change": -0.11797677812946691
    },
    {
      "date": "2024-06-30T00:00:00",
      "quarter_label": "2024-06 (Q2)",
      "revenue": 1088217000,
      "gross_profit": 466258000,
      "operating_income": 153499000,
      "net_income": 141833000,
      "opex": 312759000,
      "cogs": null,
      "rd": 75307000,
      "sga": null,
      "fcf": 161443000,
      "ocf": 176029000,
      "capex": -14586000,
      "gross_margin": 0.4284605000657038,
      "op_margin": 0.14105550639256692,
      "fcf_margin": 0.14835552100362337,
      "incr_op_margin_yoy": 0.6603528025466505,
      "rev_growth_yoy": 0.1166938088186853,
      "rev_growth_yoy_accel": 0.06314602046420956,
      "op_leverage_ratio": 3.879044483199352,
      "fcf_margin_change": -0.07783918046065644
    },
    {
      "date": "2024-09-30T00:00:00",
      "quarter_label": "2024-09 (Q3)",
      "revenue": 1116034000,
      "gross_profit": 486091000,
      "operating_income": 160896000,
      "net_income": 145483000,
      "opex": 325195000,
      "cogs": null,
      "rd": 76205000,
      "sga": null,
      "fcf": 151475000,
      "ocf": 166002000,
      "capex": -14527000,
      "gross_margin": 0.4355521426766568,
      "op_margin": 0.14416765080633745,
      "fcf_margin": 0.13572615171222382,
      "incr_op_margin_yoy": 0.07212076034289974,
      "rev_growth_yoy": 0.05584252910100964,
      "rev_growth_yoy_accel": -0.060851279717675656,
      "op_leverage_ratio": 0.642871076632812,
      "fcf_margin_change": -0.012629369291399545
    },
    {
      "date": "2024-12-31T00:00:00",
      "quarter_label": "2024-12 (Q4)",
      "revenue": 1340294000,
      "gross_profit": 574441000,
      "operating_income": 234556000,
      "net_income": 200147000,
      "opex": 339885000,
      "cogs": null,
      "rd": 77973000,
      "sga": null,
      "fcf": 356643000,
      "ocf": 370870000,
      "capex": -14227000,
      "gross_margin": 0.4285932787880868,
      "op_margin": 0.17500339477756374,
      "fcf_margin": 0.266093110914471,
      "incr_op_margin_yoy": 0.14714516452293655,
      "rev_growth_yoy": 0.06756099095719302,
      "rev_growth_yoy_accel": 0.01171846185618338,
      "op_leverage_ratio": 4.448324448389232,
      "fcf_margin_change": 0.1303669592022472
    },
    {
      "date": "2025-03-31T00:00:00",
      "quarter_label": "2025-03 (Q1)",
      "revenue": 1010355000,
      "gross_profit": 435811000,
      "operating_income": 105904000,
      "net_income": 144066000,
      "opex": 329907000,
      "cogs": null,
      "rd": 79523000,
      "sga": null,
      "fcf": 116868000,
      "ocf": 129656000,
      "capex": -12788000,
      "gross_margin": 0.4313444284434679,
      "op_margin": 0.10481860336218458,
      "fcf_margin": 0.11567023471947979,
      "incr_op_margin_yoy": 21.47791519434629,
      "rev_growth_yoy": -0.0011191443884103305,
      "rev_growth_yoy_accel": -0.06868013534560335,
      "fcf_margin_change": -0.15042287619499123
    },
    {
      "date": "2025-06-30T00:00:00",
      "quarter_label": "2025-06 (Q2)",
      "revenue": 1147703000,
      "gross_profit": 478962000,
      "operating_income": 162094000,
      "net_income": 146015000,
      "opex": 316868000,
      "cogs": null,
      "rd": 74587000,
      "sga": null,
      "fcf": 108769000,
      "ocf": 125045000,
      "capex": -16276000,
      "gross_margin": 0.41732225148840774,
      "op_margin": 0.14123340271829907,
      "fcf_margin": 0.09477103396958969,
      "incr_op_margin_yoy": 0.14448777863699022,
      "rev_growth_yoy": 0.05466372975242989,
      "rev_growth_yoy_accel": 0.05578287414084022,
      "op_leverage_ratio": Infinity,
      "fcf_margin_change": -0.0208992007498901
    },
    {
      "date": "2025-09-30T00:00:00",
      "quarter_label": "2025-09 (Q3)",
      "revenue": 1186056000,
      "gross_profit": 514456000,
      "operating_income": 191291000,
      "net_income": 170670000,
      "opex": 323165000,
      "cogs": null,
      "rd": 76110000,
      "sga": null,
      "fcf": 212280000,
      "ocf": 228837000,
      "capex": -16557000,
      "gross_margin": 0.4337535495794465,
      "op_margin": 0.16128327836122408,
      "fcf_margin": 0.17897974463263117,
      "incr_op_margin_yoy": 0.43407786124360914,
      "rev_growth_yoy": 0.06274181610954505,
      "rev_growth_yoy_accel": 0.008078086357115155,
      "op_leverage_ratio": 1.681568305046844,
      "fcf_margin_change": 0.08420871066304148
    },
    {
      "date": "2025-12-31T00:00:00",
      "quarter_label": "2025-12 (Q4)",
      "revenue": 1421479000,
      "gross_profit": 614639000,
      "operating_income": 286014000,
      "net_income": 251039000,
      "opex": 328625000,
      "cogs": null,
      "rd": 78452000,
      "sga": null,
      "fcf": 465642000,
      "ocf": 480532000,
      "capex": -14890000,
      "gross_margin": 0.43239400652419063,
      "op_margin": 0.20120874103662453,
      "fcf_margin": 0.3275757151530202,
      "incr_op_margin_yoy": 0.6338362998090781,
      "rev_growth_yoy": 0.06057253110138522,
      "rev_growth_yoy_accel": -0.002169285008159827,
      "op_leverage_ratio": 11.748309278572815,
      "fcf_margin_change": 0.14859597052038903
    }
  ],
  "signals": [
    {
      "quarter": "2025-12 (Q4)",
      "signal": "FCF MARGIN EXPANSION",
      "detail": "FCF margin: +17.9% -> +32.8% (+14.9%)",
      "severity": "MEDIUM"
    },
    {
      "quarter": "2025-12 (Q4)",
      "signal": "OPERATING LEVERAGE",
      "detail": "Rev growth +19.8% vs OpEx growth +1.7% (leverage: 11.7x)",
      "severity": "MEDIUM"
    },
    {
      "quarter": "2025-12 (Q4)",
      "signal": "INCREMENTAL MARGIN (YoY)",
      "detail": "YoY Incr OPM: +63.4% vs year-ago OPM: +17.5%",
      "severity": "HIGH"
    },
    {
      "quarter": "2025-09 (Q3)",
      "signal": "FCF MARGIN EXPANSION",
      "detail": "FCF margin: +9.5% -> +17.9% (+8.4%)",
      "severity": "MEDIUM"
    },
    {
      "quarter": "2025-09 (Q3)",
      "signal": "OPERATING LEVERAGE",
      "detail": "Rev growth +3.3% vs OpEx growth +2.0% (leverage: 1.7x)",
      "severity": "MEDIUM"
    },
    {
      "quarter": "2025-09 (Q3)",
      "signal": "INCREMENTAL MARGIN (YoY)",
      "detail": "YoY Incr OPM: +43.4% vs year-ago OPM: +14.4%",
      "severity": "HIGH"
    },
    {
      "quarter": "2025-06 (Q2)",
      "signal": "YoY REVENUE GROWTH ACCELERATION",
      "detail": "YoY growth: +5.5% vs prior quarter YoY: -0.1% (accel: +5.6%)",
      "severity": "MEDIUM"
    },
    {
      "quarter": "2025-03 (Q1)",
      "signal": "YoY REVENUE GROWTH DECELERATION",
      "detail": "YoY growth: -0.1% vs prior quarter YoY: +6.8% (decel: -6.9%)",
      "severity": "WARNING"
    },
    {
      "quarter": "2025-03 (Q1)",
      "signal": "INCREMENTAL MARGIN (YoY)",
      "detail": "YoY Incr OPM: +2147.8% vs year-ago OPM: +12.9%",
      "severity": "HIGH"
    },
    {
      "quarter": "2024-12 (Q4)",
      "signal": "FCF MARGIN EXPANSION",
      "detail": "FCF margin: +13.6% -> +26.6% (+13.0%)",
      "severity": "MEDIUM"
    },
    {
      "quarter": "2024-12 (Q4)",
      "signal": "OPERATING LEVERAGE",
      "detail": "Rev growth +20.1% vs OpEx growth +4.5% (leverage: 4.4x)",
      "severity": "MEDIUM"
    },
    {
      "quarter": "2024-09 (Q3)",
      "signal": "YoY REVENUE GROWTH DECELERATION",
      "detail": "YoY growth: +5.6% vs prior quarter YoY: +11.7% (decel: -6.1%)",
      "severity": "WARNING"
    },
    {
      "quarter": "2024-06 (Q2)",
      "signal": "OPERATING LEVERAGE",
      "detail": "Rev growth +7.6% vs OpEx growth +2.0% (leverage: 3.9x)",
      "severity": "MEDIUM"
    },
    {
      "quarter": "2024-06 (Q2)",
      "signal": "YoY REVENUE GROWTH ACCELERATION",
      "detail": "YoY growth: +11.7% vs prior quarter YoY: +5.4% (accel: +6.3%)",
      "severity": "MEDIUM"
    },
    {
      "quarter": "2024-06 (Q2)",
      "signal": "INCREMENTAL MARGIN (YoY)",
      "detail": "YoY Incr OPM: +66.0% vs year-ago OPM: +8.0%",
      "severity": "HIGH"
    },
    {
      "quarter": "2024-03 (Q1)",
      "signal": "YoY REVENUE GROWTH ACCELERATION",
      "detail": "YoY growth: +5.4% vs prior quarter YoY: -1.1% (accel: +6.5%)",
      "severity": "MEDIUM"
    },
    {
      "quarter": "2024-03 (Q1)",
      "signal": "INCREMENTAL MARGIN (YoY)",
      "detail": "YoY Incr OPM: +177.7% vs year-ago OPM: +4.0%",
      "severity": "HIGH"
    },
    {
      "quarter": "2023-12 (Q4)",
      "signal": "FCF MARGIN EXPANSION",
      "detail": "FCF margin: +19.4% -> +34.4% (+15.0%)",
      "severity": "MEDIUM"
    },
    {
      "quarter": "2023-12 (Q4)",
      "signal": "OPERATING LEVERAGE",
      "detail": "Rev growth +18.8% vs OpEx growth +8.1% (leverage: 2.3x)",
      "severity": "MEDIUM"
    },
    {
      "quarter": "2023-12 (Q4)",
      "signal": "YoY REVENUE GROWTH ACCELERATION",
      "detail": "YoY growth: -1.1% vs prior quarter YoY: -8.0% (accel: +6.9%)",
      "severity": "MEDIUM"
    },
    {
      "quarter": "2023-09 (Q3)",
      "signal": "YoY REVENUE GROWTH ACCELERATION",
      "detail": "YoY growth: -8.0% vs prior quarter YoY: -16.0% (accel: +8.0%)",
      "severity": "MEDIUM"
    },
    {
      "quarter": "2023-06 (Q2)",
      "signal": "GROSS MARGIN INFLECTION",
      "detail": "GM: +37.6% -> +35.8% -> +38.5% (reversal +2.7%)",
      "severity": "MEDIUM"
    },
    {
      "quarter": "2023-06 (Q2)",
      "signal": "YoY REVENUE GROWTH ACCELERATION",
      "detail": "YoY growth: -16.0% vs prior quarter YoY: -21.9% (accel: +6.0%)",
      "severity": "MEDIUM"
    },
    {
      "quarter": "2023-06 (Q2)",
      "signal": "INCREMENTAL MARGIN (YoY)",
      "detail": "YoY Incr OPM: +20.0% vs year-ago OPM: +10.0%",
      "severity": "MEDIUM"
    },
    {
      "quarter": "2023-03 (Q1)",
      "signal": "INCREMENTAL MARGIN (YoY)",
      "detail": "YoY Incr OPM: +33.3% vs year-ago OPM: +10.5%",
      "severity": "HIGH"
    },
    {
      "quarter": "2022-12 (Q4)",
      "signal": "FCF MARGIN EXPANSION",
      "detail": "FCF margin: +4.1% -> +20.2% (+16.1%)",
      "severity": "MEDIUM"
    },
    {
      "quarter": "2022-12 (Q4)",
      "signal": "YoY REVENUE GROWTH DECELERATION",
      "detail": "YoY growth: -22.2% vs prior quarter YoY: -12.0% (decel: -10.2%)",
      "severity": "WARNING"
    },
    {
      "quarter": "2022-09 (Q3)",
      "signal": "FCF TURNED POSITIVE",
      "detail": "FCF margin: -4.8% -> +4.1%",
      "severity": "HIGH"
    },
    {
      "quarter": "2022-09 (Q3)",
      "signal": "INCREMENTAL MARGIN (YoY)",
      "detail": "YoY Incr OPM: +33.1% vs year-ago OPM: +13.7%",
      "severity": "MEDIUM"
    },
    {
      "quarter": "2022-06 (Q2)",
      "signal": "YoY REVENUE GROWTH ACCELERATION",
      "detail": "YoY growth: -11.6% vs prior quarter YoY: -19.9% (accel: +8.3%)",
      "severity": "MEDIUM"
    },
    {
      "quarter": "2022-06 (Q2)",
      "signal": "INCREMENTAL MARGIN (YoY)",
      "detail": "YoY Incr OPM: +57.6% vs year-ago OPM: +15.5%",
      "severity": "HIGH"
    },
    {
      "quarter": "2022-03 (Q1)",
      "signal": "INCREMENTAL MARGIN (YoY)",
      "detail": "YoY Incr OPM: +54.4% vs year-ago OPM: +19.2%",
      "severity": "HIGH"
    },
    {
      "quarter": "2021-12 (Q4)",
      "signal": "FCF TURNED POSITIVE",
      "detail": "FCF margin: -6.6% -> +22.1%",
      "severity": "HIGH"
    },
    {
      "quarter": "2021-12 (Q4)",
      "signal": "OPERATING LEVERAGE",
      "detail": "Rev growth +25.0% vs OpEx growth +9.0% (leverage: 2.8x)",
      "severity": "MEDIUM"
    }
  ],
  "data_quality": {
    "n_quarters": 20,
    "coverage": {
      "revenue": [
        20,
        20
      ],
      "gross_profit": [
        20,
        20
      ],
      "op_income": [
        20,
        20
      ],
      "fcf": [
        20,
        20
      ]
    },
    "gaps": [],
    "warnings": []
  },
  "market_cap": null,
  "source": "SEC EDGAR",
  "last_updated": "2026-02-02T20:29:01.865760",
  "sector": "Technology",
  "industry": "Computer Hardware"
}