{
  "ticker": "LOVE",
  "name": "THE LOVESAC COMPANY",
  "quarters": [
    {
      "date": "2021-01-31T00:00:00",
      "quarter_label": "2021-01 (Q1)",
      "revenue": 129677733,
      "gross_profit": 75124878,
      "operating_income": 21764624,
      "net_income": 21703363,
      "opex": 53360254,
      "cogs": 54552855,
      "rd": null,
      "sga": 36193677,
      "fcf": 31889000,
      "ocf": 33592000,
      "capex": -1703000,
      "gross_margin": 0.5793197973317439,
      "op_margin": 0.16783624679805284,
      "fcf_margin": 0.24590960423405922
    },
    {
      "date": "2021-05-02T00:00:00",
      "quarter_label": "2021-05 (Q2)",
      "revenue": 82915419,
      "gross_profit": 46076108,
      "operating_income": 2257857,
      "net_income": 2060533,
      "opex": 43818251,
      "cogs": 36839311,
      "rd": null,
      "sga": 30718182,
      "fcf": -12523000,
      "ocf": -9604000,
      "capex": -2919000,
      "gross_margin": 0.5557001165247685,
      "op_margin": 0.027230845929874636,
      "fcf_margin": -0.15103342841456305,
      "fcf_margin_change": -0.3969430326486223
    },
    {
      "date": "2021-08-01T00:00:00",
      "quarter_label": "2021-08 (Q3)",
      "revenue": 102447339,
      "gross_profit": 59031638,
      "operating_income": 9008348,
      "net_income": 8447714,
      "opex": 50023290,
      "cogs": 43415701,
      "rd": null,
      "sga": 35385196,
      "fcf": 6151000,
      "ocf": 10373000,
      "capex": -4222000,
      "gross_margin": 0.576214458825524,
      "op_margin": 0.08793149815243127,
      "fcf_margin": 0.06004060290916878,
      "op_leverage_ratio": 1.6634898693977296,
      "fcf_margin_change": 0.21107403132373181
    },
    {
      "date": "2021-10-31T00:00:00",
      "quarter_label": "2021-10 (Q4)",
      "revenue": 116678000,
      "gross_profit": 58616000,
      "operating_income": 2971000,
      "net_income": 2752000,
      "opex": 55645000,
      "cogs": 58062000,
      "rd": null,
      "sga": 38087000,
      "fcf": -20193000,
      "ocf": -15948000,
      "capex": -4245000,
      "gross_margin": 0.5023740550917911,
      "op_margin": 0.025463240713759234,
      "fcf_margin": -0.17306604501277018,
      "op_leverage_ratio": 1.236027700720086,
      "fcf_margin_change": -0.23310664792193897
    },
    {
      "date": "2022-01-30T00:00:00",
      "quarter_label": "2022-01 (Q1)",
      "revenue": 196198000,
      "gross_profit": 109621000,
      "operating_income": 24204000,
      "net_income": 32640000,
      "opex": 85417000,
      "cogs": 86577000,
      "rd": null,
      "sga": 57776000,
      "fcf": 44598000,
      "ocf": 47827000,
      "capex": -3229000,
      "gross_margin": 0.5587263886482023,
      "op_margin": 0.1233651719181643,
      "fcf_margin": 0.22731118563899733,
      "incr_op_margin_yoy": 0.03667116970531703,
      "rev_growth_yoy": 0.5129659923959343,
      "op_leverage_ratio": 1.273812574208689,
      "fcf_margin_change": 0.4003772306517675
    },
    {
      "date": "2022-05-01T00:00:00",
      "quarter_label": "2022-05 (Q2)",
      "revenue": 129380000,
      "gross_profit": 66108000,
      "operating_income": 2645000,
      "net_income": 1895000,
      "opex": 63463000,
      "cogs": 63272000,
      "rd": null,
      "sga": 44901000,
      "fcf": -27777000,
      "ocf": -23327000,
      "capex": -4450000,
      "gross_margin": 0.5109599628999846,
      "op_margin": 0.020443654351522646,
      "fcf_margin": -0.21469315195547997,
      "incr_op_margin_yoy": 0.00833200239124076,
      "rev_growth_yoy": 0.5603852885311958,
      "rev_growth_yoy_accel": 0.047419296135261524,
      "fcf_margin_change": -0.4420043375944773
    },
    {
      "date": "2022-07-31T00:00:00",
      "quarter_label": "2022-07 (Q3)",
      "revenue": 148534000,
      "gross_profit": 80926000,
      "operating_income": 9896000,
      "net_income": 7122000,
      "opex": 71030000,
      "cogs": 67608000,
      "rd": null,
      "sga": 48866000,
      "fcf": -45078000,
      "ocf": -39563000,
      "capex": -5515000,
      "gross_margin": 0.5448314863936876,
      "op_margin": 0.06662447655082337,
      "fcf_margin": -0.30348607052930643,
      "incr_op_margin_yoy": 0.01926049708830067,
      "rev_growth_yoy": 0.4498570821834621,
      "rev_growth_yoy_accel": -0.11052820634773375,
      "op_leverage_ratio": 1.2416214317348009,
      "fcf_margin_change": -0.08879291857382646
    },
    {
      "date": "2022-10-30T00:00:00",
      "quarter_label": "2022-10 (Q4)",
      "revenue": 134784000,
      "gross_profit": 63572000,
      "operating_income": -11595000,
      "net_income": -8419000,
      "opex": 75167000,
      "cogs": 71212000,
      "rd": null,
      "sga": 53658000,
      "fcf": -13646000,
      "ocf": -5496000,
      "capex": -8150000,
      "gross_margin": 0.47165835707502374,
      "op_margin": -0.08602653133903133,
      "fcf_margin": -0.1012434710351377,
      "incr_op_margin_yoy": -0.8044847012040207,
      "rev_growth_yoy": 0.15517921116234423,
      "rev_growth_yoy_accel": -0.29467787102111787,
      "fcf_margin_change": 0.20224259949416873
    },
    {
      "date": "2023-01-29T00:00:00",
      "quarter_label": "2023-01 (Q1)",
      "revenue": 238481000,
      "gross_profit": 133674000,
      "operating_income": 36477000,
      "net_income": 26215000,
      "opex": 97149000,
      "cogs": 103627000,
      "rd": null,
      "sga": 68678000,
      "fcf": 39884000,
      "ocf": 47011000,
      "capex": -7127000,
      "gross_margin": 0.5605226412167007,
      "op_margin": 0.15295558136706908,
      "fcf_margin": 0.16724183477929058,
      "incr_op_margin_yoy": 0.2902584963223991,
      "rev_growth_yoy": 0.2155118808550546,
      "rev_growth_yoy_accel": 0.06033266969271037,
      "op_leverage_ratio": 2.6308001944259973,
      "fcf_margin_change": 0.2684853058144283
    },
    {
      "date": "2023-04-30T00:00:00",
      "quarter_label": "2023-04 (Q2)",
      "revenue": 141193000,
      "gross_profit": 70704000,
      "operating_income": -5869000,
      "net_income": -4230000,
      "opex": 76573000,
      "cogs": 70489000,
      "rd": null,
      "sga": 56838000,
      "fcf": 2114000,
      "ocf": 6291000,
      "capex": -4177000,
      "gross_margin": 0.5007613691896907,
      "op_margin": -0.041567216505067534,
      "fcf_margin": 0.01497241364656888,
      "incr_op_margin_yoy": -0.7207313976127995,
      "rev_growth_yoy": 0.09130468387695162,
      "rev_growth_yoy_accel": -0.12420719697810298,
      "fcf_margin_change": -0.1522694211327217
    },
    {
      "date": "2023-07-30T00:00:00",
      "quarter_label": "2023-07 (Q3)",
      "revenue": 154529000,
      "gross_profit": 92390000,
      "operating_income": -993000,
      "net_income": -635000,
      "opex": 93383000,
      "cogs": 62139000,
      "rd": null,
      "sga": 63834000,
      "fcf": 12869000,
      "ocf": 21053000,
      "capex": -8184000,
      "gross_margin": 0.5978813038329375,
      "op_margin": -0.00642597829533615,
      "fcf_margin": 0.08327886674993043,
      "incr_op_margin_yoy": -1.816346955796497,
      "rev_growth_yoy": 0.040361129438377746,
      "rev_growth_yoy_accel": -0.050943554438573874,
      "op_leverage_ratio": 0.4302494954684888,
      "fcf_margin_change": 0.06830645310336154
    },
    {
      "date": "2023-10-29T00:00:00",
      "quarter_label": "2023-10 (Q4)",
      "revenue": 154036000,
      "gross_profit": 88442000,
      "operating_income": -3609000,
      "net_income": -2341000,
      "opex": 92051000,
      "cogs": 65594000,
      "rd": null,
      "sga": 67630000,
      "fcf": -16809000,
      "ocf": -7221000,
      "capex": -9588000,
      "gross_margin": 0.5741644810304085,
      "op_margin": -0.023429587888545534,
      "fcf_margin": -0.1091238411799839,
      "incr_op_margin_yoy": 0.4148140452939954,
      "rev_growth_yoy": 0.14283594491927826,
      "rev_growth_yoy_accel": 0.10247481548090051,
      "fcf_margin_change": -0.19240270792991432
    },
    {
      "date": "2024-02-04T00:00:00",
      "quarter_label": "2024-02 (Q1)",
      "revenue": 250507000,
      "gross_profit": 149636000,
      "operating_income": 40384000,
      "net_income": 30952000,
      "opex": 109252000,
      "cogs": 100871000,
      "rd": null,
      "sga": 76304000,
      "fcf": 49531000,
      "ocf": 56318000,
      "capex": -6787000,
      "gross_margin": 0.5973326094679989,
      "op_margin": 0.16120906801007556,
      "fcf_margin": 0.1977230177200637,
      "incr_op_margin_yoy": 0.3248794279062032,
      "rev_growth_yoy": 0.05042749736876313,
      "rev_growth_yoy_accel": -0.09240844755051512,
      "op_leverage_ratio": 3.3515782467693978,
      "fcf_margin_change": 0.3068468589000476
    },
    {
      "date": "2024-05-05T00:00:00",
      "quarter_label": "2024-05 (Q2)",
      "revenue": 132643000,
      "gross_profit": 72045000,
      "operating_income": -17856000,
      "net_income": -12960000,
      "opex": 89901000,
      "cogs": 60598000,
      "rd": 2100000,
      "sga": 68403000,
      "fcf": -14310000,
      "ocf": -7014000,
      "capex": -7296000,
      "gross_margin": 0.5431496573509345,
      "op_margin": -0.13461697941089992,
      "fcf_margin": -0.10788356716901759,
      "incr_op_margin_yoy": 1.4019883040935672,
      "rev_growth_yoy": -0.060555409970749256,
      "rev_growth_yoy_accel": -0.11098290733951238,
      "fcf_margin_change": -0.3056065848890813
    },
    {
      "date": "2024-08-04T00:00:00",
      "quarter_label": "2024-08 (Q3)",
      "revenue": 156590000,
      "gross_profit": 92369000,
      "operating_income": -8371000,
      "net_income": -5861000,
      "opex": 100740000,
      "cogs": 64221000,
      "rd": 2400000,
      "sga": 73674000,
      "fcf": 119000,
      "ocf": 6183000,
      "capex": -6064000,
      "gross_margin": 0.5898780254166933,
      "op_margin": -0.05345807522830321,
      "fcf_margin": 0.0007599463567277603,
      "incr_op_margin_yoy": -3.579815623483746,
      "rev_growth_yoy": 0.013337302383371406,
      "rev_growth_yoy_accel": 0.07389271235412066,
      "op_leverage_ratio": 1.497414673912321,
      "fcf_margin_change": 0.10864351352574535
    },
    {
      "date": "2024-11-03T00:00:00",
      "quarter_label": "2024-11 (Q4)",
      "revenue": 149905000,
      "gross_profit": 87639000,
      "operating_income": -7723000,
      "net_income": -4930000,
      "opex": 95362000,
      "cogs": 62266000,
      "rd": 2300000,
      "sga": 71749000,
      "fcf": -6594000,
      "ocf": -4215000,
      "capex": -2379000,
      "gross_margin": 0.5846302658350289,
      "op_margin": -0.05151929555385077,
      "fcf_margin": -0.04398785897735232,
      "incr_op_margin_yoy": 0.9958847736625515,
      "rev_growth_yoy": -0.02681840608688878,
      "rev_growth_yoy_accel": -0.04015570847026019,
      "fcf_margin_change": -0.044747805334080085
    },
    {
      "date": "2025-02-02T00:00:00",
      "quarter_label": "2025-02 (Q1)",
      "revenue": 241490000,
      "gross_profit": 145782000,
      "operating_income": 47598000,
      "net_income": 35307000,
      "opex": 98184000,
      "cogs": 95708000,
      "rd": 1600000,
      "sga": 67624000,
      "fcf": 38736000,
      "ocf": 44023000,
      "capex": -5287000,
      "gross_margin": 0.6036771708973456,
      "op_margin": 0.1971013292475879,
      "fcf_margin": 0.1604041575220506,
      "incr_op_margin_yoy": -0.8000443606521016,
      "rev_growth_yoy": -0.03599500213566886,
      "rev_growth_yoy_accel": -0.009176596048780083,
      "op_leverage_ratio": 20.645555485400614,
      "fcf_margin_change": 0.20439201649940292
    },
    {
      "date": "2025-05-04T00:00:00",
      "quarter_label": "2025-05 (Q2)",
      "revenue": 138373000,
      "gross_profit": 74370000,
      "operating_income": -14954000,
      "net_income": -10840000,
      "opex": 89324000,
      "cogs": 64003000,
      "rd": 2200000,
      "sga": 67117000,
      "fcf": -49954000,
      "ocf": -41377000,
      "capex": -8577000,
      "gross_margin": 0.5374603426969135,
      "op_margin": -0.10807021601034884,
      "fcf_margin": -0.3610097345580424,
      "incr_op_margin_yoy": 0.506457242582897,
      "rev_growth_yoy": 0.043198661067677904,
      "rev_growth_yoy_accel": 0.07919366320334677,
      "fcf_margin_change": -0.521413892080093
    },
    {
      "date": "2025-08-03T00:00:00",
      "quarter_label": "2025-08 (Q3)",
      "revenue": 160530000,
      "gross_profit": 90608000,
      "operating_income": -8823000,
      "net_income": -6650000,
      "opex": 99431000,
      "cogs": 69922000,
      "rd": 2100000,
      "sga": 72114000,
      "fcf": 7832000,
      "ocf": 12165000,
      "capex": -4333000,
      "gross_margin": 0.5644303245499284,
      "op_margin": -0.054961689403849746,
      "fcf_margin": 0.0487883884632156,
      "incr_op_margin_yoy": -0.11472081218274112,
      "rev_growth_yoy": 0.02516124912191072,
      "rev_growth_yoy_accel": -0.018037411945767183,
      "op_leverage_ratio": 1.415159848548215,
      "fcf_margin_change": 0.409798123021258
    },
    {
      "date": "2025-11-02T00:00:00",
      "quarter_label": "2025-11 (Q4)",
      "revenue": 150166000,
      "gross_profit": 84237000,
      "operating_income": -15804000,
      "net_income": -10551000,
      "opex": 100041000,
      "cogs": 65929000,
      "rd": 2300000,
      "sga": 74964000,
      "fcf": -10182000,
      "ocf": -4881000,
      "capex": -5301000,
      "gross_margin": 0.5609592051463047,
      "op_margin": -0.10524353049292116,
      "fcf_margin": -0.06780496250815764,
      "rev_growth_yoy": 0.001741102698375638,
      "rev_growth_yoy_accel": -0.023420146423535085,
      "fcf_margin_change": -0.11659335097137324
    }
  ],
  "signals": [
    {
      "quarter": "2025-08 (Q3)",
      "signal": "FCF TURNED POSITIVE",
      "detail": "FCF margin: -36.1% -> +4.9%",
      "severity": "HIGH"
    },
    {
      "quarter": "2025-08 (Q3)",
      "signal": "GROSS MARGIN INFLECTION",
      "detail": "GM: +60.4% -> +53.7% -> +56.4% (reversal +2.7%)",
      "severity": "MEDIUM"
    },
    {
      "quarter": "2025-05 (Q2)",
      "signal": "YoY REVENUE GROWTH ACCELERATION",
      "detail": "YoY growth: +4.3% vs prior quarter YoY: -3.6% (accel: +7.9%)",
      "severity": "MEDIUM"
    },
    {
      "quarter": "2025-02 (Q1)",
      "signal": "FCF TURNED POSITIVE",
      "detail": "FCF margin: -4.4% -> +16.0%",
      "severity": "HIGH"
    },
    {
      "quarter": "2025-02 (Q1)",
      "signal": "OPERATING LEVERAGE",
      "detail": "Rev growth +61.1% vs OpEx growth +3.0% (leverage: 20.6x)",
      "severity": "MEDIUM"
    },
    {
      "quarter": "2025-02 (Q1)",
      "signal": "OP MARGIN TURNED POSITIVE (QoQ)",
      "detail": "Op margin: -5.2% -> +19.7%",
      "severity": "HIGH"
    },
    {
      "quarter": "2024-08 (Q3)",
      "signal": "FCF TURNED POSITIVE",
      "detail": "FCF margin: -10.8% -> +0.1%",
      "severity": "HIGH"
    },
    {
      "quarter": "2024-08 (Q3)",
      "signal": "GROSS MARGIN INFLECTION",
      "detail": "GM: +59.7% -> +54.3% -> +59.0% (reversal +4.7%)",
      "severity": "MEDIUM"
    },
    {
      "quarter": "2024-08 (Q3)",
      "signal": "YoY REVENUE GROWTH ACCELERATION",
      "detail": "YoY growth: +1.3% vs prior quarter YoY: -6.1% (accel: +7.4%)",
      "severity": "MEDIUM"
    },
    {
      "quarter": "2024-05 (Q2)",
      "signal": "YoY REVENUE GROWTH DECELERATION",
      "detail": "YoY growth: -6.1% vs prior quarter YoY: +5.0% (decel: -11.1%)",
      "severity": "WARNING"
    },
    {
      "quarter": "2024-02 (Q1)",
      "signal": "FCF TURNED POSITIVE",
      "detail": "FCF margin: -10.9% -> +19.8%",
      "severity": "HIGH"
    },
    {
      "quarter": "2024-02 (Q1)",
      "signal": "OPERATING LEVERAGE",
      "detail": "Rev growth +62.6% vs OpEx growth +18.7% (leverage: 3.4x)",
      "severity": "MEDIUM"
    },
    {
      "quarter": "2024-02 (Q1)",
      "signal": "GROSS MARGIN INFLECTION",
      "detail": "GM: +59.8% -> +57.4% -> +59.7% (reversal +2.3%)",
      "severity": "MEDIUM"
    },
    {
      "quarter": "2024-02 (Q1)",
      "signal": "YoY REVENUE GROWTH DECELERATION",
      "detail": "YoY growth: +5.0% vs prior quarter YoY: +14.3% (decel: -9.2%)",
      "severity": "WARNING"
    },
    {
      "quarter": "2024-02 (Q1)",
      "signal": "INCREMENTAL MARGIN (YoY)",
      "detail": "YoY Incr OPM: +32.5% vs year-ago OPM: +15.3%",
      "severity": "MEDIUM"
    },
    {
      "quarter": "2024-02 (Q1)",
      "signal": "OP MARGIN TURNED POSITIVE (QoQ)",
      "detail": "Op margin: -2.3% -> +16.1%",
      "severity": "HIGH"
    },
    {
      "quarter": "2023-10 (Q4)",
      "signal": "YoY REVENUE GROWTH ACCELERATION",
      "detail": "YoY growth: +14.3% vs prior quarter YoY: +4.0% (accel: +10.2%)",
      "severity": "MEDIUM"
    },
    {
      "quarter": "2023-07 (Q3)",
      "signal": "FCF MARGIN EXPANSION",
      "detail": "FCF margin: +1.5% -> +8.3% (+6.8%)",
      "severity": "MEDIUM"
    },
    {
      "quarter": "2023-07 (Q3)",
      "signal": "GROSS MARGIN INFLECTION",
      "detail": "GM: +56.1% -> +50.1% -> +59.8% (reversal +9.7%)",
      "severity": "HIGH"
    },
    {
      "quarter": "2023-07 (Q3)",
      "signal": "YoY REVENUE GROWTH DECELERATION",
      "detail": "YoY growth: +4.0% vs prior quarter YoY: +9.1% (decel: -5.1%)",
      "severity": "WARNING"
    },
    {
      "quarter": "2023-04 (Q2)",
      "signal": "YoY REVENUE GROWTH DECELERATION",
      "detail": "YoY growth: +9.1% vs prior quarter YoY: +21.6% (decel: -12.4%)",
      "severity": "WARNING"
    },
    {
      "quarter": "2023-01 (Q1)",
      "signal": "FCF TURNED POSITIVE",
      "detail": "FCF margin: -10.1% -> +16.7%",
      "severity": "HIGH"
    },
    {
      "quarter": "2023-01 (Q1)",
      "signal": "OPERATING LEVERAGE",
      "detail": "Rev growth +76.9% vs OpEx growth +29.2% (leverage: 2.6x)",
      "severity": "MEDIUM"
    },
    {
      "quarter": "2023-01 (Q1)",
      "signal": "GROSS MARGIN INFLECTION",
      "detail": "GM: +54.5% -> +47.2% -> +56.1% (reversal +8.9%)",
      "severity": "HIGH"
    },
    {
      "quarter": "2023-01 (Q1)",
      "signal": "YoY REVENUE GROWTH ACCELERATION",
      "detail": "YoY growth: +21.6% vs prior quarter YoY: +15.5% (accel: +6.0%)",
      "severity": "MEDIUM"
    },
    {
      "quarter": "2023-01 (Q1)",
      "signal": "INCREMENTAL MARGIN (YoY)",
      "detail": "YoY Incr OPM: +29.0% vs year-ago OPM: +12.3%",
      "severity": "MEDIUM"
    },
    {
      "quarter": "2023-01 (Q1)",
      "signal": "OP MARGIN TURNED POSITIVE (QoQ)",
      "detail": "Op margin: -8.6% -> +15.3%",
      "severity": "HIGH"
    },
    {
      "quarter": "2022-10 (Q4)",
      "signal": "FCF MARGIN EXPANSION",
      "detail": "FCF margin: -30.3% -> -10.1% (+20.2%)",
      "severity": "MEDIUM"
    },
    {
      "quarter": "2022-10 (Q4)",
      "signal": "YoY REVENUE GROWTH DECELERATION",
      "detail": "YoY growth: +15.5% vs prior quarter YoY: +45.0% (decel: -29.5%)",
      "severity": "WARNING"
    },
    {
      "quarter": "2022-07 (Q3)",
      "signal": "GROSS MARGIN INFLECTION",
      "detail": "GM: +55.9% -> +51.1% -> +54.5% (reversal +3.4%)",
      "severity": "MEDIUM"
    },
    {
      "quarter": "2022-07 (Q3)",
      "signal": "YoY REVENUE GROWTH DECELERATION",
      "detail": "YoY growth: +45.0% vs prior quarter YoY: +56.0% (decel: -11.1%)",
      "severity": "WARNING"
    },
    {
      "quarter": "2022-01 (Q1)",
      "signal": "FCF TURNED POSITIVE",
      "detail": "FCF margin: -17.3% -> +22.7%",
      "severity": "HIGH"
    },
    {
      "quarter": "2022-01 (Q1)",
      "signal": "GROSS MARGIN INFLECTION",
      "detail": "GM: +57.6% -> +50.2% -> +55.9% (reversal +5.6%)",
      "severity": "HIGH"
    },
    {
      "quarter": "2021-08 (Q3)",
      "signal": "FCF TURNED POSITIVE",
      "detail": "FCF margin: -15.1% -> +6.0%",
      "severity": "HIGH"
    },
    {
      "quarter": "2021-08 (Q3)",
      "signal": "OPERATING LEVERAGE",
      "detail": "Rev growth +23.6% vs OpEx growth +14.2% (leverage: 1.7x)",
      "severity": "MEDIUM"
    },
    {
      "quarter": "2021-08 (Q3)",
      "signal": "GROSS MARGIN INFLECTION",
      "detail": "GM: +57.9% -> +55.6% -> +57.6% (reversal +2.1%)",
      "severity": "MEDIUM"
    }
  ],
  "data_quality": {
    "n_quarters": 20,
    "coverage": {
      "revenue": [
        20,
        20
      ],
      "gross_profit": [
        20,
        20
      ],
      "op_income": [
        20,
        20
      ],
      "fcf": [
        20,
        20
      ]
    },
    "gaps": [],
    "warnings": []
  },
  "market_cap": null,
  "source": "SEC EDGAR",
  "last_updated": "2026-02-02T23:00:12.608288",
  "sector": "Consumer Cyclical",
  "industry": "Furnishings, Fixtures & Appliances"
}