{
  "ticker": "LOW",
  "name": "LOWE\u2019S COMPANIES,\u00a0INC.",
  "quarters": [
    {
      "date": "2021-01-29T00:00:00",
      "quarter_label": "2021-01 (Q1)",
      "revenue": 20311000000,
      "gross_profit": 6456000000,
      "operating_income": 1524000000,
      "net_income": 978000000,
      "opex": 4932000000,
      "cogs": 13855000000,
      "rd": null,
      "sga": 4541000000,
      "fcf": -1055000000,
      "ocf": -436000000,
      "capex": -619000000,
      "gross_margin": 0.31785731869430356,
      "op_margin": 0.07503323322337649,
      "fcf_margin": -0.0519422972773374
    },
    {
      "date": "2021-04-30T00:00:00",
      "quarter_label": "2021-04 (Q2)",
      "revenue": 24422000000,
      "gross_profit": 8130000000,
      "operating_income": 3245000000,
      "net_income": 2321000000,
      "opex": 4885000000,
      "cogs": 16292000000,
      "rd": null,
      "sga": 4494000000,
      "fcf": 4031000000,
      "ocf": 4492000000,
      "capex": -461000000,
      "gross_margin": 0.3328965686675948,
      "op_margin": 0.132872000655147,
      "fcf_margin": 0.1650560969617558,
      "op_leverage_ratio": Infinity,
      "fcf_margin_change": 0.2169983942390932
    },
    {
      "date": "2021-07-30T00:00:00",
      "quarter_label": "2021-07 (Q3)",
      "revenue": 27570000000,
      "gross_profit": 9312000000,
      "operating_income": 4210000000,
      "net_income": 3018000000,
      "opex": 5102000000,
      "cogs": 18258000000,
      "rd": null,
      "sga": 4693000000,
      "fcf": 2036000000,
      "ocf": 2421000000,
      "capex": -385000000,
      "gross_margin": 0.33775843307943415,
      "op_margin": 0.15270221254987304,
      "fcf_margin": 0.07384838592673196,
      "op_leverage_ratio": 2.901738894484726,
      "fcf_margin_change": -0.09120771103502384
    },
    {
      "date": "2021-10-29T00:00:00",
      "quarter_label": "2021-10 (Q4)",
      "revenue": 22918000000,
      "gross_profit": 7587000000,
      "operating_income": 2789000000,
      "net_income": 1896000000,
      "opex": 4798000000,
      "cogs": 15331000000,
      "rd": null,
      "sga": 4373000000,
      "fcf": 1856000000,
      "ocf": 2266000000,
      "capex": -410000000,
      "gross_margin": 0.33104982982808273,
      "op_margin": 0.1216947377607121,
      "fcf_margin": 0.08098437909067109,
      "fcf_margin_change": 0.007135993163939133
    },
    {
      "date": "2022-01-28T00:00:00",
      "quarter_label": "2022-01 (Q1)",
      "revenue": 21339000000,
      "gross_profit": 7027000000,
      "operating_income": 1849000000,
      "net_income": 1207000000,
      "opex": 5178000000,
      "cogs": 14312000000,
      "rd": null,
      "sga": 4742000000,
      "fcf": 337000000,
      "ocf": 934000000,
      "capex": -597000000,
      "gross_margin": 0.32930315384975867,
      "op_margin": 0.08664885889685553,
      "fcf_margin": 0.015792680069356576,
      "incr_op_margin_yoy": 0.316147859922179,
      "rev_growth_yoy": 0.05061296834227758,
      "fcf_margin_change": -0.06519169902131451
    },
    {
      "date": "2022-04-29T00:00:00",
      "quarter_label": "2022-04 (Q2)",
      "revenue": 23659000000,
      "gross_profit": 8050000000,
      "operating_income": 3302000000,
      "net_income": 2333000000,
      "opex": 4748000000,
      "cogs": 15609000000,
      "rd": null,
      "sga": 4303000000,
      "fcf": 2634000000,
      "ocf": 2977000000,
      "capex": -343000000,
      "gross_margin": 0.3402510672471364,
      "op_margin": 0.13956633839130986,
      "fcf_margin": 0.11133183989179593,
      "incr_op_margin_yoy": -0.07470511140235911,
      "rev_growth_yoy": -0.031242322496110066,
      "rev_growth_yoy_accel": -0.08185529083838765,
      "op_leverage_ratio": Infinity,
      "fcf_margin_change": 0.09553915982243935
    },
    {
      "date": "2022-07-29T00:00:00",
      "quarter_label": "2022-07 (Q3)",
      "revenue": 27476000000,
      "gross_profit": 9133000000,
      "operating_income": 4229000000,
      "net_income": 2992000000,
      "opex": 4904000000,
      "cogs": 18343000000,
      "rd": null,
      "sga": 4455000000,
      "fcf": 2691000000,
      "ocf": 3035000000,
      "capex": -344000000,
      "gross_margin": 0.33239918474304847,
      "op_margin": 0.1539161449992721,
      "fcf_margin": 0.09794002038142378,
      "incr_op_margin_yoy": -0.20212765957446807,
      "rev_growth_yoy": -0.0034095030830612987,
      "rev_growth_yoy_accel": 0.027832819413048767,
      "op_leverage_ratio": 4.910343654119807,
      "fcf_margin_change": -0.013391819510372147
    },
    {
      "date": "2022-10-28T00:00:00",
      "quarter_label": "2022-10 (Q4)",
      "revenue": 23479000000,
      "gross_profit": 7818000000,
      "operating_income": 924000000,
      "net_income": 154000000,
      "opex": 6894000000,
      "cogs": 15661000000,
      "rd": null,
      "sga": 6443000000,
      "fcf": 1723000000,
      "ocf": 2126000000,
      "capex": -403000000,
      "gross_margin": 0.33297840623535924,
      "op_margin": 0.03935431662336556,
      "fcf_margin": 0.07338472677711998,
      "incr_op_margin_yoy": -3.3244206773618536,
      "rev_growth_yoy": 0.02447857579195392,
      "rev_growth_yoy_accel": 0.02788807887501522,
      "fcf_margin_change": -0.024555293604303807
    },
    {
      "date": "2023-02-03T00:00:00",
      "quarter_label": "2023-02 (Q1)",
      "revenue": 22445000000,
      "gross_profit": 7257000000,
      "operating_income": 1704000000,
      "net_income": 958000000,
      "opex": 5553000000,
      "cogs": 15188000000,
      "rd": null,
      "sga": 5132000000,
      "fcf": -288000000,
      "ocf": 451000000,
      "capex": -739000000,
      "gross_margin": 0.323323680106928,
      "op_margin": 0.07591891289819559,
      "fcf_margin": -0.01283136556025841,
      "incr_op_margin_yoy": -0.13110307414104883,
      "rev_growth_yoy": 0.05182998266085571,
      "rev_growth_yoy_accel": 0.027351406868901786,
      "fcf_margin_change": -0.08621609233737838
    },
    {
      "date": "2023-05-05T00:00:00",
      "quarter_label": "2023-05 (Q2)",
      "revenue": 22347000000,
      "gross_profit": 7527000000,
      "operating_income": 3288000000,
      "net_income": 2260000000,
      "opex": 4239000000,
      "cogs": 14820000000,
      "rd": null,
      "sga": 3824000000,
      "fcf": 1726000000,
      "ocf": 2106000000,
      "capex": -380000000,
      "gross_margin": 0.3368237347294939,
      "op_margin": 0.147133843468922,
      "fcf_margin": 0.0772363180740144,
      "incr_op_margin_yoy": 0.010670731707317074,
      "rev_growth_yoy": -0.05545458387928484,
      "rev_growth_yoy_accel": -0.10728456654014054,
      "fcf_margin_change": 0.09006768363427281
    },
    {
      "date": "2023-08-04T00:00:00",
      "quarter_label": "2023-08 (Q3)",
      "revenue": 24956000000,
      "gross_profit": 8399000000,
      "operating_income": 3886000000,
      "net_income": 2673000000,
      "opex": 4513000000,
      "cogs": 16557000000,
      "rd": null,
      "sga": 4086000000,
      "fcf": 3477000000,
      "ocf": 3862000000,
      "capex": -385000000,
      "gross_margin": 0.3365523321045039,
      "op_margin": 0.15571405673986216,
      "fcf_margin": 0.13932521237377785,
      "incr_op_margin_yoy": 0.1361111111111111,
      "rev_growth_yoy": -0.09171640704614936,
      "rev_growth_yoy_accel": -0.03626182316686452,
      "op_leverage_ratio": 1.8062077602147155,
      "fcf_margin_change": 0.06208889429976344
    },
    {
      "date": "2023-11-03T00:00:00",
      "quarter_label": "2023-11 (Q4)",
      "revenue": 20471000000,
      "gross_profit": 6891000000,
      "operating_income": 2696000000,
      "net_income": 1773000000,
      "opex": 4195000000,
      "cogs": 13580000000,
      "rd": null,
      "sga": 3761000000,
      "fcf": 485000000,
      "ocf": 1064000000,
      "capex": -579000000,
      "gross_margin": 0.3366225392017977,
      "op_margin": 0.13169850031752234,
      "fcf_margin": 0.02369205217136437,
      "incr_op_margin_yoy": -0.589095744680851,
      "rev_growth_yoy": -0.12811448528472252,
      "rev_growth_yoy_accel": -0.03639807823857316,
      "fcf_margin_change": -0.11563316020241347
    },
    {
      "date": "2024-02-02T00:00:00",
      "quarter_label": "2024-02 (Q1)",
      "revenue": 18602000000,
      "gross_profit": 6027000000,
      "operating_income": 1688000000,
      "net_income": 1020000000,
      "opex": 4339000000,
      "cogs": 12575000000,
      "rd": null,
      "sga": 3897000000,
      "fcf": 488000000,
      "ocf": 1108000000,
      "capex": -620000000,
      "gross_margin": 0.3239974196322976,
      "op_margin": 0.09074293086764865,
      "fcf_margin": 0.026233738307708847,
      "incr_op_margin_yoy": 0.004163413999479573,
      "rev_growth_yoy": -0.17121853419469815,
      "rev_growth_yoy_accel": -0.04310404890997563,
      "fcf_margin_change": 0.0025416861363444787
    },
    {
      "date": "2024-05-03T00:00:00",
      "quarter_label": "2024-05 (Q2)",
      "revenue": 21364000000,
      "gross_profit": 7090000000,
      "operating_income": 2653000000,
      "net_income": 1755000000,
      "opex": 4437000000,
      "cogs": 14274000000,
      "rd": null,
      "sga": 4009000000,
      "fcf": 3880000000,
      "ocf": 4262000000,
      "capex": -382000000,
      "gross_margin": 0.33186669163078075,
      "op_margin": 0.12418086500655308,
      "fcf_margin": 0.18161392997565998,
      "incr_op_margin_yoy": 0.6459816887080366,
      "rev_growth_yoy": -0.04398800733879268,
      "rev_growth_yoy_accel": 0.12723052685590547,
      "op_leverage_ratio": 6.573968346611841,
      "fcf_margin_change": 0.15538019166795114
    },
    {
      "date": "2024-08-02T00:00:00",
      "quarter_label": "2024-08 (Q3)",
      "revenue": 23586000000,
      "gross_profit": 7895000000,
      "operating_income": 3447000000,
      "net_income": 2383000000,
      "opex": 4448000000,
      "cogs": 15691000000,
      "rd": null,
      "sga": 4025000000,
      "fcf": 2727000000,
      "ocf": 3153000000,
      "capex": -426000000,
      "gross_margin": 0.3347324684134656,
      "op_margin": 0.14614601882472653,
      "fcf_margin": 0.11561943525820402,
      "incr_op_margin_yoy": 0.32043795620437954,
      "rev_growth_yoy": -0.054896618047764065,
      "rev_growth_yoy_accel": -0.010908610708971388,
      "op_leverage_ratio": 41.95253697809399,
      "fcf_margin_change": -0.06599449471745596
    },
    {
      "date": "2024-11-01T00:00:00",
      "quarter_label": "2024-11 (Q4)",
      "revenue": 20170000000,
      "gross_profit": 6796000000,
      "operating_income": 2536000000,
      "net_income": 1695000000,
      "opex": 4260000000,
      "cogs": 13374000000,
      "rd": null,
      "sga": 3827000000,
      "fcf": 728000000,
      "ocf": 1299000000,
      "capex": -571000000,
      "gross_margin": 0.3369360436291522,
      "op_margin": 0.12573128408527517,
      "fcf_margin": 0.0360932077342588,
      "incr_op_margin_yoy": 0.53156146179402,
      "rev_growth_yoy": -0.01470372722387768,
      "rev_growth_yoy_accel": 0.040192890823886385,
      "fcf_margin_change": -0.07952622752394523
    },
    {
      "date": "2025-01-31T00:00:00",
      "quarter_label": "2025-01 (Q1)",
      "revenue": 18554000000,
      "gross_profit": 6097000000,
      "operating_income": 1830000000,
      "net_income": 1124000000,
      "opex": 4267000000,
      "cogs": 12457000000,
      "rd": null,
      "sga": 3822000000,
      "fcf": 363000000,
      "ocf": 911000000,
      "capex": -548000000,
      "gross_margin": 0.3286083863317883,
      "op_margin": 0.09863102296000863,
      "fcf_margin": 0.01956451439042794,
      "incr_op_margin_yoy": -2.9583333333333335,
      "rev_growth_yoy": -0.0025803677023975916,
      "rev_growth_yoy_accel": 0.012123359521480088,
      "fcf_margin_change": -0.01652869334383086
    },
    {
      "date": "2025-05-02T00:00:00",
      "quarter_label": "2025-05 (Q2)",
      "revenue": 20930000000,
      "gross_profit": 6986000000,
      "operating_income": 2494000000,
      "net_income": 1641000000,
      "opex": 4492000000,
      "cogs": 13944000000,
      "rd": null,
      "sga": 4046000000,
      "fcf": 2861000000,
      "ocf": 3379000000,
      "capex": -518000000,
      "gross_margin": 0.3337792642140468,
      "op_margin": 0.11915910176779743,
      "fcf_margin": 0.13669374104156712,
      "incr_op_margin_yoy": 0.3663594470046083,
      "rev_growth_yoy": -0.020314547837483616,
      "rev_growth_yoy_accel": -0.017734180135086024,
      "op_leverage_ratio": 2.4285609572059936,
      "fcf_margin_change": 0.11712922665113917
    },
    {
      "date": "2025-08-01T00:00:00",
      "quarter_label": "2025-08 (Q3)",
      "revenue": 23959000000,
      "gross_profit": 8101000000,
      "operating_income": 3469000000,
      "net_income": 2398000000,
      "opex": 4632000000,
      "cogs": 15858000000,
      "rd": null,
      "sga": 4175000000,
      "fcf": 3736000000,
      "ocf": 4231000000,
      "capex": -495000000,
      "gross_margin": 0.33811928711548894,
      "op_margin": 0.1447890145665512,
      "fcf_margin": 0.1559330522976752,
      "incr_op_margin_yoy": 0.058981233243967826,
      "rev_growth_yoy": 0.015814466208767912,
      "rev_growth_yoy_accel": 0.03612901404625153,
      "op_leverage_ratio": 4.643460514640639,
      "fcf_margin_change": 0.019239311256108088
    },
    {
      "date": "2025-10-31T00:00:00",
      "quarter_label": "2025-10 (Q4)",
      "revenue": 20813000000,
      "gross_profit": 7116000000,
      "operating_income": 2481000000,
      "net_income": 1616000000,
      "opex": 4635000000,
      "cogs": 13697000000,
      "rd": null,
      "sga": 4160000000,
      "fcf": 90000000,
      "ocf": 687000000,
      "capex": -597000000,
      "gross_margin": 0.34190169605535004,
      "op_margin": 0.11920434343919666,
      "fcf_margin": 0.004324220439148609,
      "incr_op_margin_yoy": -0.08553654743390357,
      "rev_growth_yoy": 0.03187902825979177,
      "rev_growth_yoy_accel": 0.016064562051023856,
      "fcf_margin_change": -0.1516088318585266
    }
  ],
  "signals": [
    {
      "quarter": "2025-08 (Q3)",
      "signal": "OPERATING LEVERAGE",
      "detail": "Rev growth +14.5% vs OpEx growth +3.1% (leverage: 4.6x)",
      "severity": "MEDIUM"
    },
    {
      "quarter": "2025-05 (Q2)",
      "signal": "FCF MARGIN EXPANSION",
      "detail": "FCF margin: +2.0% -> +13.7% (+11.7%)",
      "severity": "MEDIUM"
    },
    {
      "quarter": "2025-05 (Q2)",
      "signal": "OPERATING LEVERAGE",
      "detail": "Rev growth +12.8% vs OpEx growth +5.3% (leverage: 2.4x)",
      "severity": "MEDIUM"
    },
    {
      "quarter": "2025-05 (Q2)",
      "signal": "INCREMENTAL MARGIN (YoY)",
      "detail": "YoY Incr OPM: +36.6% vs year-ago OPM: +12.4%",
      "severity": "HIGH"
    },
    {
      "quarter": "2024-11 (Q4)",
      "signal": "INCREMENTAL MARGIN (YoY)",
      "detail": "YoY Incr OPM: +53.2% vs year-ago OPM: +13.2%",
      "severity": "HIGH"
    },
    {
      "quarter": "2024-08 (Q3)",
      "signal": "OPERATING LEVERAGE",
      "detail": "Rev growth +10.4% vs OpEx growth +0.2% (leverage: 42.0x)",
      "severity": "MEDIUM"
    },
    {
      "quarter": "2024-08 (Q3)",
      "signal": "INCREMENTAL MARGIN (YoY)",
      "detail": "YoY Incr OPM: +32.0% vs year-ago OPM: +15.6%",
      "severity": "MEDIUM"
    },
    {
      "quarter": "2024-05 (Q2)",
      "signal": "FCF MARGIN EXPANSION",
      "detail": "FCF margin: +2.6% -> +18.2% (+15.5%)",
      "severity": "MEDIUM"
    },
    {
      "quarter": "2024-05 (Q2)",
      "signal": "OPERATING LEVERAGE",
      "detail": "Rev growth +14.8% vs OpEx growth +2.3% (leverage: 6.6x)",
      "severity": "MEDIUM"
    },
    {
      "quarter": "2024-05 (Q2)",
      "signal": "YoY REVENUE GROWTH ACCELERATION",
      "detail": "YoY growth: -4.4% vs prior quarter YoY: -17.1% (accel: +12.7%)",
      "severity": "MEDIUM"
    },
    {
      "quarter": "2024-05 (Q2)",
      "signal": "INCREMENTAL MARGIN (YoY)",
      "detail": "YoY Incr OPM: +64.6% vs year-ago OPM: +14.7%",
      "severity": "HIGH"
    },
    {
      "quarter": "2023-08 (Q3)",
      "signal": "FCF MARGIN EXPANSION",
      "detail": "FCF margin: +7.7% -> +13.9% (+6.2%)",
      "severity": "MEDIUM"
    },
    {
      "quarter": "2023-08 (Q3)",
      "signal": "OPERATING LEVERAGE",
      "detail": "Rev growth +11.7% vs OpEx growth +6.5% (leverage: 1.8x)",
      "severity": "MEDIUM"
    },
    {
      "quarter": "2023-05 (Q2)",
      "signal": "FCF TURNED POSITIVE",
      "detail": "FCF margin: -1.3% -> +7.7%",
      "severity": "HIGH"
    },
    {
      "quarter": "2023-05 (Q2)",
      "signal": "YoY REVENUE GROWTH DECELERATION",
      "detail": "YoY growth: -5.5% vs prior quarter YoY: +5.2% (decel: -10.7%)",
      "severity": "WARNING"
    },
    {
      "quarter": "2022-07 (Q3)",
      "signal": "OPERATING LEVERAGE",
      "detail": "Rev growth +16.1% vs OpEx growth +3.3% (leverage: 4.9x)",
      "severity": "MEDIUM"
    },
    {
      "quarter": "2022-04 (Q2)",
      "signal": "FCF MARGIN EXPANSION",
      "detail": "FCF margin: +1.6% -> +11.1% (+9.6%)",
      "severity": "MEDIUM"
    },
    {
      "quarter": "2022-04 (Q2)",
      "signal": "YoY REVENUE GROWTH DECELERATION",
      "detail": "YoY growth: -3.1% vs prior quarter YoY: +5.1% (decel: -8.2%)",
      "severity": "WARNING"
    },
    {
      "quarter": "2022-01 (Q1)",
      "signal": "INCREMENTAL MARGIN (YoY)",
      "detail": "YoY Incr OPM: +31.6% vs year-ago OPM: +7.5%",
      "severity": "HIGH"
    },
    {
      "quarter": "2021-07 (Q3)",
      "signal": "OPERATING LEVERAGE",
      "detail": "Rev growth +12.9% vs OpEx growth +4.4% (leverage: 2.9x)",
      "severity": "MEDIUM"
    },
    {
      "quarter": "2021-04 (Q2)",
      "signal": "FCF TURNED POSITIVE",
      "detail": "FCF margin: -5.2% -> +16.5%",
      "severity": "HIGH"
    }
  ],
  "data_quality": {
    "n_quarters": 20,
    "coverage": {
      "revenue": [
        20,
        20
      ],
      "gross_profit": [
        20,
        20
      ],
      "op_income": [
        20,
        20
      ],
      "fcf": [
        20,
        20
      ]
    },
    "gaps": [],
    "warnings": []
  },
  "market_cap": null,
  "source": "SEC EDGAR",
  "last_updated": "2026-02-02T19:46:44.705995",
  "sector": "Consumer Cyclical",
  "industry": "Home Improvement Retail"
}