{
  "ticker": "LPRO",
  "name": "OPEN LENDING CORPORATION",
  "quarters": [
    {
      "date": "2020-12-31T00:00:00",
      "quarter_label": "2020-12 (Q4)",
      "revenue": 39633000,
      "gross_profit": 36665000,
      "operating_income": 24286000,
      "net_income": 15202000,
      "opex": 12379000,
      "cogs": 2968000,
      "rd": 678000,
      "sga": null,
      "fcf": 8166000,
      "ocf": 8265000,
      "capex": -99000,
      "gross_margin": 0.92511291095804,
      "op_margin": 0.6127721847954987,
      "fcf_margin": 0.20604042086140337
    },
    {
      "date": "2021-03-31T00:00:00",
      "quarter_label": "2021-03 (Q1)",
      "revenue": 44008000,
      "gross_profit": 40646000,
      "operating_income": 29446000,
      "net_income": 12862000,
      "opex": 11200000,
      "cogs": 3362000,
      "rd": 591000,
      "sga": null,
      "fcf": 18832000,
      "ocf": 18835000,
      "capex": -3000,
      "gross_margin": 0.9236047991274314,
      "op_margin": 0.6691056171605163,
      "fcf_margin": 0.4279221959643701,
      "op_leverage_ratio": Infinity,
      "fcf_margin_change": 0.22188177510296672
    },
    {
      "date": "2021-06-30T00:00:00",
      "quarter_label": "2021-06 (Q2)",
      "revenue": 61125000,
      "gross_profit": 56985000,
      "operating_income": 44877000,
      "net_income": 75966000,
      "opex": 12108000,
      "cogs": 4140000,
      "rd": 773000,
      "sga": null,
      "fcf": 13310000,
      "ocf": 14148000,
      "capex": -838000,
      "gross_margin": 0.9322699386503067,
      "op_margin": 0.7341840490797547,
      "fcf_margin": 0.21775051124744377,
      "op_leverage_ratio": 4.797645922607583,
      "fcf_margin_change": -0.21017168471692632
    },
    {
      "date": "2021-09-30T00:00:00",
      "quarter_label": "2021-09 (Q3)",
      "revenue": 58892000,
      "gross_profit": 52512000,
      "operating_income": 40739000,
      "net_income": 29414000,
      "opex": 11773000,
      "cogs": 6380000,
      "rd": 1268000,
      "sga": null,
      "fcf": 34496000,
      "ocf": 35440000,
      "capex": -944000,
      "gross_margin": 0.8916661006588331,
      "op_margin": 0.691757793927868,
      "fcf_margin": 0.5857501867825851,
      "fcf_margin_change": 0.3679996755351413
    },
    {
      "date": "2021-12-31T00:00:00",
      "quarter_label": "2021-12 (Q4)",
      "revenue": 51630000,
      "gross_profit": 46891000,
      "operating_income": 35227000,
      "net_income": 27840000,
      "opex": 11664000,
      "cogs": 4739000,
      "rd": 1720000,
      "sga": null,
      "fcf": 28407000,
      "ocf": 26733000,
      "capex": 1674000,
      "gross_margin": 0.9082122796823552,
      "op_margin": 0.6822971140809607,
      "fcf_margin": 0.5502033701336432,
      "incr_op_margin_yoy": 0.9119779944986247,
      "rev_growth_yoy": 0.3027022935432594,
      "fcf_margin_change": -0.03554681664894188
    },
    {
      "date": "2022-03-31T00:00:00",
      "quarter_label": "2022-03 (Q1)",
      "revenue": 50068000,
      "gross_profit": 45280000,
      "operating_income": 32242000,
      "net_income": 23154000,
      "opex": 13038000,
      "cogs": 4788000,
      "rd": 1823000,
      "sga": null,
      "fcf": 31876000,
      "ocf": 31932000,
      "capex": -56000,
      "gross_margin": 0.9043700567228569,
      "op_margin": 0.6439642086762004,
      "fcf_margin": 0.6366541503555165,
      "incr_op_margin_yoy": 0.4613861386138614,
      "rev_growth_yoy": 0.1377022359570987,
      "rev_growth_yoy_accel": -0.16500005758616068,
      "fcf_margin_change": 0.08645078022187336
    },
    {
      "date": "2022-06-30T00:00:00",
      "quarter_label": "2022-06 (Q2)",
      "revenue": 52044000,
      "gross_profit": 46959000,
      "operating_income": 32809000,
      "net_income": 23126000,
      "opex": 14150000,
      "cogs": 5085000,
      "rd": 2188000,
      "sga": null,
      "fcf": 21641000,
      "ocf": 21655000,
      "capex": -14000,
      "gross_margin": 0.9022942125893475,
      "op_margin": 0.6304088847897933,
      "fcf_margin": 0.4158212281915302,
      "incr_op_margin_yoy": 1.328928532099989,
      "rev_growth_yoy": -0.1485644171779141,
      "rev_growth_yoy_accel": -0.2862666531350128,
      "op_leverage_ratio": 0.462735571708807,
      "fcf_margin_change": -0.2208329221639863
    },
    {
      "date": "2022-09-30T00:00:00",
      "quarter_label": "2022-09 (Q3)",
      "revenue": 50661000,
      "gross_profit": 45462000,
      "operating_income": 27791000,
      "net_income": 24529000,
      "opex": 17671000,
      "cogs": 5199000,
      "rd": 2355000,
      "sga": null,
      "fcf": 31258000,
      "ocf": 31410000,
      "capex": -152000,
      "gross_margin": 0.897376680286611,
      "op_margin": 0.5485679319397564,
      "fcf_margin": 0.6170032174651112,
      "incr_op_margin_yoy": 1.5730773903535415,
      "rev_growth_yoy": -0.13976431433811043,
      "rev_growth_yoy_accel": 0.008800102839803675,
      "fcf_margin_change": 0.201181989273581
    },
    {
      "date": "2022-12-31T00:00:00",
      "quarter_label": "2022-12 (Q4)",
      "revenue": 26821000,
      "gross_profit": 21925000,
      "operating_income": 4773000,
      "net_income": -4189000,
      "opex": 17152000,
      "cogs": 4896000,
      "rd": 1839000,
      "sga": null,
      "fcf": 22418000,
      "ocf": 22434000,
      "capex": -16000,
      "gross_margin": 0.8174564706759628,
      "op_margin": 0.17795757056038178,
      "fcf_margin": 0.8358375899481749,
      "incr_op_margin_yoy": 1.227538393325003,
      "rev_growth_yoy": -0.4805152043385629,
      "rev_growth_yoy_accel": -0.34075089000045244,
      "fcf_margin_change": 0.2188343724830637
    },
    {
      "date": "2023-03-31T00:00:00",
      "quarter_label": "2023-03 (Q1)",
      "revenue": 38361000,
      "gross_profit": 32930000,
      "operating_income": 17096000,
      "net_income": 12538000,
      "opex": 15834000,
      "cogs": 5431000,
      "rd": 1230000,
      "sga": null,
      "fcf": 29472000,
      "ocf": 29508000,
      "capex": -36000,
      "gross_margin": 0.8584239201272126,
      "op_margin": 0.44566095774354164,
      "fcf_margin": 0.768280284664112,
      "incr_op_margin_yoy": 1.2937558725548817,
      "rev_growth_yoy": -0.23382200207717505,
      "rev_growth_yoy_accel": 0.24669320226138783,
      "op_leverage_ratio": Infinity,
      "fcf_margin_change": -0.0675573052840629
    },
    {
      "date": "2023-06-30T00:00:00",
      "quarter_label": "2023-06 (Q2)",
      "revenue": 38154000,
      "gross_profit": 32037000,
      "operating_income": 15720000,
      "net_income": 11371000,
      "opex": 16317000,
      "cogs": 6117000,
      "rd": 1128000,
      "sga": null,
      "fcf": 16030000,
      "ocf": 16071000,
      "capex": -41000,
      "gross_margin": 0.839676049693348,
      "op_margin": 0.41201446768359806,
      "fcf_margin": 0.42013943492163336,
      "incr_op_margin_yoy": 1.2303095752339812,
      "rev_growth_yoy": -0.2668895549919299,
      "rev_growth_yoy_accel": -0.033067552914754855,
      "fcf_margin_change": -0.34814084974247866
    },
    {
      "date": "2023-09-30T00:00:00",
      "quarter_label": "2023-09 (Q3)",
      "revenue": 26006000,
      "gross_profit": 20637000,
      "operating_income": 4536000,
      "net_income": 3003000,
      "opex": 16101000,
      "cogs": 5369000,
      "rd": 1717000,
      "sga": null,
      "fcf": 20298000,
      "ocf": 20324000,
      "capex": -26000,
      "gross_margin": 0.7935476428516496,
      "op_margin": 0.17442128739521648,
      "fcf_margin": 0.780512189494732,
      "incr_op_margin_yoy": 0.9432163861285743,
      "rev_growth_yoy": -0.4866662718856714,
      "rev_growth_yoy_accel": -0.2197767168937415,
      "fcf_margin_change": 0.36037275457309864
    },
    {
      "date": "2023-12-31T00:00:00",
      "quarter_label": "2023-12 (Q4)",
      "revenue": 14939000,
      "gross_profit": 9574000,
      "operating_income": -8277000,
      "net_income": -4842000,
      "opex": 17851000,
      "cogs": 5365000,
      "rd": 1500000,
      "sga": null,
      "fcf": 16735000,
      "ocf": 16755000,
      "capex": -20000,
      "gross_margin": 0.6408728830577682,
      "op_margin": -0.5540531494745298,
      "fcf_margin": 1.1202222370975299,
      "incr_op_margin_yoy": 1.0982999495034507,
      "rev_growth_yoy": -0.4430110734126244,
      "rev_growth_yoy_accel": 0.043655198473047,
      "fcf_margin_change": 0.3397100476027979
    },
    {
      "date": "2024-03-31T00:00:00",
      "quarter_label": "2024-03 (Q1)",
      "revenue": 30745000,
      "gross_profit": 24995000,
      "operating_income": 7323000,
      "net_income": 5087000,
      "opex": 17672000,
      "cogs": 5750000,
      "rd": 1479000,
      "sga": null,
      "fcf": 11006000,
      "ocf": 11006000,
      "capex": null,
      "gross_margin": 0.8129777199544641,
      "op_margin": 0.23818507074321027,
      "fcf_margin": 0.3579769068141161,
      "incr_op_margin_yoy": 1.283219537815126,
      "rev_growth_yoy": -0.1985349704126587,
      "rev_growth_yoy_accel": 0.24447610299996572,
      "op_leverage_ratio": Infinity,
      "fcf_margin_change": -0.7622453302834138
    },
    {
      "date": "2024-06-30T00:00:00",
      "quarter_label": "2024-06 (Q2)",
      "revenue": 26727000,
      "gross_profit": 21014000,
      "operating_income": 3990000,
      "net_income": 2902000,
      "opex": 17024000,
      "cogs": 5713000,
      "rd": 1130000,
      "sga": null,
      "fcf": -1458000,
      "ocf": -1407000,
      "capex": -51000,
      "gross_margin": 0.7862461181576683,
      "op_margin": 0.14928723762487373,
      "fcf_margin": -0.054551577056908745,
      "incr_op_margin_yoy": 1.026516145970071,
      "rev_growth_yoy": -0.2994967762226765,
      "rev_growth_yoy_accel": -0.10096180581001782,
      "fcf_margin_change": -0.4125284838710248
    },
    {
      "date": "2024-09-30T00:00:00",
      "quarter_label": "2024-09 (Q3)",
      "revenue": 23476000,
      "gross_profit": 17349000,
      "operating_income": 1866000,
      "net_income": 1437000,
      "opex": 15483000,
      "cogs": 6127000,
      "rd": 992000,
      "sga": null,
      "fcf": 11267000,
      "ocf": 11377000,
      "capex": -110000,
      "gross_margin": 0.7390100528199012,
      "op_margin": 0.0794854319304822,
      "fcf_margin": 0.47993695689214516,
      "incr_op_margin_yoy": 1.0553359683794465,
      "rev_growth_yoy": -0.0972852418672614,
      "rev_growth_yoy_accel": 0.2022115343554151,
      "fcf_margin_change": 0.5344885339490539
    },
    {
      "date": "2024-12-31T00:00:00",
      "quarter_label": "2024-12 (Q4)",
      "revenue": -56924000,
      "gross_profit": -63189000,
      "operating_income": -78557000,
      "net_income": -144436000,
      "opex": 15368000,
      "cogs": 6265000,
      "rd": 861000,
      "sga": null,
      "fcf": -3382000,
      "ocf": -3378000,
      "capex": -4000,
      "gross_margin": 1.1100590260698475,
      "op_margin": 1.3800330264914622,
      "fcf_margin": 0.05941255006675567,
      "incr_op_margin_yoy": 0.9779719744513866,
      "rev_growth_yoy": -4.810429078251556,
      "rev_growth_yoy_accel": -4.713143836384295,
      "fcf_margin_change": -0.4205244068253895
    },
    {
      "date": "2025-03-31T00:00:00",
      "quarter_label": "2025-03 (Q1)",
      "revenue": 24393000,
      "gross_profit": 18309000,
      "operating_income": 762000,
      "net_income": 617000,
      "opex": 17547000,
      "cogs": 6084000,
      "rd": 2267000,
      "sga": null,
      "fcf": -3883000,
      "ocf": -3838000,
      "capex": -45000,
      "gross_margin": 0.7505841839872095,
      "op_margin": 0.031238470052884024,
      "fcf_margin": -0.15918501209363342,
      "incr_op_margin_yoy": 1.032903022670025,
      "rev_growth_yoy": -0.20660269962595543,
      "rev_growth_yoy_accel": 4.603826378625601,
      "fcf_margin_change": -0.2185975621603891
    },
    {
      "date": "2025-06-30T00:00:00",
      "quarter_label": "2025-06 (Q2)",
      "revenue": 25310000,
      "gross_profit": 19801000,
      "operating_income": 1176000,
      "net_income": 1034000,
      "opex": 18625000,
      "cogs": 5509000,
      "rd": 2515000,
      "sga": null,
      "fcf": 837000,
      "ocf": 848000,
      "capex": -11000,
      "gross_margin": 0.7823389964440932,
      "op_margin": 0.04646384828131173,
      "fcf_margin": 0.033069932832872385,
      "incr_op_margin_yoy": 1.9858856739590685,
      "rev_growth_yoy": -0.05301754779810678,
      "rev_growth_yoy_accel": 0.15358515182784865,
      "op_leverage_ratio": 0.6119109644506275,
      "fcf_margin_change": 0.1922549449265058
    },
    {
      "date": "2025-09-30T00:00:00",
      "quarter_label": "2025-09 (Q3)",
      "revenue": 24169000,
      "gross_profit": 18851000,
      "operating_income": -7701000,
      "net_income": -7569000,
      "opex": 26552000,
      "cogs": 5318000,
      "rd": 2050000,
      "sga": null,
      "fcf": -5654000,
      "ocf": -5654000,
      "capex": null,
      "gross_margin": 0.7799660722413009,
      "op_margin": -0.3186313045636973,
      "fcf_margin": -0.23393603376225744,
      "rev_growth_yoy": 0.0295195092860794,
      "rev_growth_yoy_accel": 0.08253705708418618,
      "fcf_margin_change": -0.2670059665951298
    }
  ],
  "signals": [
    {
      "quarter": "2025-09 (Q3)",
      "signal": "YoY REVENUE GROWTH ACCELERATION",
      "detail": "YoY growth: +3.0% vs prior quarter YoY: -5.3% (accel: +8.3%)",
      "severity": "MEDIUM"
    },
    {
      "quarter": "2025-06 (Q2)",
      "signal": "FCF TURNED POSITIVE",
      "detail": "FCF margin: -15.9% -> +3.3%",
      "severity": "HIGH"
    },
    {
      "quarter": "2025-06 (Q2)",
      "signal": "GROSS MARGIN INFLECTION",
      "detail": "GM: +111.0% -> +75.1% -> +78.2% (reversal +3.2%)",
      "severity": "MEDIUM"
    },
    {
      "quarter": "2025-06 (Q2)",
      "signal": "YoY REVENUE GROWTH ACCELERATION",
      "detail": "YoY growth: -5.3% vs prior quarter YoY: -20.7% (accel: +15.4%)",
      "severity": "HIGH"
    },
    {
      "quarter": "2025-06 (Q2)",
      "signal": "INCREMENTAL MARGIN (YoY)",
      "detail": "YoY Incr OPM: +198.6% vs year-ago OPM: +14.9%",
      "severity": "HIGH"
    },
    {
      "quarter": "2025-03 (Q1)",
      "signal": "YoY REVENUE GROWTH ACCELERATION",
      "detail": "YoY growth: -20.7% vs prior quarter YoY: -481.0% (accel: +460.4%)",
      "severity": "HIGH"
    },
    {
      "quarter": "2025-03 (Q1)",
      "signal": "INCREMENTAL MARGIN (YoY)",
      "detail": "YoY Incr OPM: +103.3% vs year-ago OPM: +23.8%",
      "severity": "HIGH"
    },
    {
      "quarter": "2024-12 (Q4)",
      "signal": "GROSS MARGIN INFLECTION",
      "detail": "GM: +78.6% -> +73.9% -> +111.0% (reversal +37.1%)",
      "severity": "HIGH"
    },
    {
      "quarter": "2024-12 (Q4)",
      "signal": "YoY REVENUE GROWTH DECELERATION",
      "detail": "YoY growth: -481.0% vs prior quarter YoY: -9.7% (decel: -471.3%)",
      "severity": "WARNING"
    },
    {
      "quarter": "2024-12 (Q4)",
      "signal": "OP MARGIN TURNED POSITIVE (YoY)",
      "detail": "Op margin: -55.4% (year-ago) -> +138.0%",
      "severity": "HIGH"
    },
    {
      "quarter": "2024-09 (Q3)",
      "signal": "FCF TURNED POSITIVE",
      "detail": "FCF margin: -5.5% -> +48.0%",
      "severity": "HIGH"
    },
    {
      "quarter": "2024-09 (Q3)",
      "signal": "YoY REVENUE GROWTH ACCELERATION",
      "detail": "YoY growth: -9.7% vs prior quarter YoY: -29.9% (accel: +20.2%)",
      "severity": "HIGH"
    },
    {
      "quarter": "2024-09 (Q3)",
      "signal": "INCREMENTAL MARGIN (YoY)",
      "detail": "YoY Incr OPM: +105.5% vs year-ago OPM: +17.4%",
      "severity": "HIGH"
    },
    {
      "quarter": "2024-06 (Q2)",
      "signal": "YoY REVENUE GROWTH DECELERATION",
      "detail": "YoY growth: -29.9% vs prior quarter YoY: -19.9% (decel: -10.1%)",
      "severity": "WARNING"
    },
    {
      "quarter": "2024-06 (Q2)",
      "signal": "INCREMENTAL MARGIN (YoY)",
      "detail": "YoY Incr OPM: +102.7% vs year-ago OPM: +41.2%",
      "severity": "HIGH"
    },
    {
      "quarter": "2024-03 (Q1)",
      "signal": "GROSS MARGIN INFLECTION",
      "detail": "GM: +79.4% -> +64.1% -> +81.3% (reversal +17.2%)",
      "severity": "HIGH"
    },
    {
      "quarter": "2024-03 (Q1)",
      "signal": "YoY REVENUE GROWTH ACCELERATION",
      "detail": "YoY growth: -19.9% vs prior quarter YoY: -44.3% (accel: +24.4%)",
      "severity": "HIGH"
    },
    {
      "quarter": "2024-03 (Q1)",
      "signal": "INCREMENTAL MARGIN (YoY)",
      "detail": "YoY Incr OPM: +128.3% vs year-ago OPM: +44.6%",
      "severity": "HIGH"
    },
    {
      "quarter": "2024-03 (Q1)",
      "signal": "OP MARGIN TURNED POSITIVE (QoQ)",
      "detail": "Op margin: -55.4% -> +23.8%",
      "severity": "HIGH"
    },
    {
      "quarter": "2023-12 (Q4)",
      "signal": "FCF MARGIN EXPANSION",
      "detail": "FCF margin: +78.1% -> +112.0% (+34.0%)",
      "severity": "MEDIUM"
    },
    {
      "quarter": "2023-09 (Q3)",
      "signal": "FCF MARGIN EXPANSION",
      "detail": "FCF margin: +42.0% -> +78.1% (+36.0%)",
      "severity": "MEDIUM"
    },
    {
      "quarter": "2023-09 (Q3)",
      "signal": "YoY REVENUE GROWTH DECELERATION",
      "detail": "YoY growth: -48.7% vs prior quarter YoY: -26.7% (decel: -22.0%)",
      "severity": "WARNING"
    },
    {
      "quarter": "2023-09 (Q3)",
      "signal": "INCREMENTAL MARGIN (YoY)",
      "detail": "YoY Incr OPM: +94.3% vs year-ago OPM: +54.9%",
      "severity": "HIGH"
    },
    {
      "quarter": "2023-06 (Q2)",
      "signal": "INCREMENTAL MARGIN (YoY)",
      "detail": "YoY Incr OPM: +123.0% vs year-ago OPM: +63.0%",
      "severity": "HIGH"
    },
    {
      "quarter": "2023-03 (Q1)",
      "signal": "GROSS MARGIN INFLECTION",
      "detail": "GM: +89.7% -> +81.7% -> +85.8% (reversal +4.1%)",
      "severity": "MEDIUM"
    },
    {
      "quarter": "2023-03 (Q1)",
      "signal": "YoY REVENUE GROWTH ACCELERATION",
      "detail": "YoY growth: -23.4% vs prior quarter YoY: -48.1% (accel: +24.7%)",
      "severity": "HIGH"
    },
    {
      "quarter": "2023-03 (Q1)",
      "signal": "INCREMENTAL MARGIN (YoY)",
      "detail": "YoY Incr OPM: +129.4% vs year-ago OPM: +64.4%",
      "severity": "HIGH"
    },
    {
      "quarter": "2022-12 (Q4)",
      "signal": "FCF MARGIN EXPANSION",
      "detail": "FCF margin: +61.7% -> +83.6% (+21.9%)",
      "severity": "MEDIUM"
    },
    {
      "quarter": "2022-12 (Q4)",
      "signal": "YoY REVENUE GROWTH DECELERATION",
      "detail": "YoY growth: -48.1% vs prior quarter YoY: -14.0% (decel: -34.1%)",
      "severity": "WARNING"
    },
    {
      "quarter": "2022-12 (Q4)",
      "signal": "INCREMENTAL MARGIN (YoY)",
      "detail": "YoY Incr OPM: +122.8% vs year-ago OPM: +68.2%",
      "severity": "HIGH"
    },
    {
      "quarter": "2022-09 (Q3)",
      "signal": "FCF MARGIN EXPANSION",
      "detail": "FCF margin: +41.6% -> +61.7% (+20.1%)",
      "severity": "MEDIUM"
    },
    {
      "quarter": "2022-09 (Q3)",
      "signal": "INCREMENTAL MARGIN (YoY)",
      "detail": "YoY Incr OPM: +157.3% vs year-ago OPM: +69.2%",
      "severity": "HIGH"
    },
    {
      "quarter": "2022-06 (Q2)",
      "signal": "YoY REVENUE GROWTH DECELERATION",
      "detail": "YoY growth: -14.9% vs prior quarter YoY: +13.8% (decel: -28.6%)",
      "severity": "WARNING"
    },
    {
      "quarter": "2022-06 (Q2)",
      "signal": "INCREMENTAL MARGIN (YoY)",
      "detail": "YoY Incr OPM: +132.9% vs year-ago OPM: +73.4%",
      "severity": "HIGH"
    },
    {
      "quarter": "2022-03 (Q1)",
      "signal": "FCF MARGIN EXPANSION",
      "detail": "FCF margin: +55.0% -> +63.7% (+8.6%)",
      "severity": "MEDIUM"
    },
    {
      "quarter": "2022-03 (Q1)",
      "signal": "YoY REVENUE GROWTH DECELERATION",
      "detail": "YoY growth: +13.8% vs prior quarter YoY: +30.3% (decel: -16.5%)",
      "severity": "WARNING"
    },
    {
      "quarter": "2021-12 (Q4)",
      "signal": "INCREMENTAL MARGIN (YoY)",
      "detail": "YoY Incr OPM: +91.2% vs year-ago OPM: +61.3%",
      "severity": "HIGH"
    },
    {
      "quarter": "2021-09 (Q3)",
      "signal": "FCF MARGIN EXPANSION",
      "detail": "FCF margin: +21.8% -> +58.6% (+36.8%)",
      "severity": "MEDIUM"
    },
    {
      "quarter": "2021-06 (Q2)",
      "signal": "OPERATING LEVERAGE",
      "detail": "Rev growth +38.9% vs OpEx growth +8.1% (leverage: 4.8x)",
      "severity": "MEDIUM"
    },
    {
      "quarter": "2021-03 (Q1)",
      "signal": "FCF MARGIN EXPANSION",
      "detail": "FCF margin: +20.6% -> +42.8% (+22.2%)",
      "severity": "MEDIUM"
    }
  ],
  "data_quality": {
    "n_quarters": 20,
    "coverage": {
      "revenue": [
        20,
        20
      ],
      "gross_profit": [
        20,
        20
      ],
      "op_income": [
        20,
        20
      ],
      "fcf": [
        20,
        20
      ]
    },
    "gaps": [],
    "warnings": []
  },
  "market_cap": null,
  "source": "SEC EDGAR",
  "last_updated": "2026-02-02T22:57:11.605060"
}