{
  "ticker": "LPSN",
  "name": "LivePerson, Inc.",
  "quarters": [
    {
      "date": "2020-12-31T00:00:00",
      "quarter_label": "2020-12 (Q4)",
      "revenue": 102125000,
      "gross_profit": 74075000,
      "operating_income": -6671000,
      "net_income": -13256000,
      "opex": 108796000,
      "cogs": 28050000,
      "rd": 27997000,
      "sga": null,
      "fcf": -12787000,
      "ocf": -4050000,
      "capex": -8737000,
      "gross_margin": 0.7253365973072216,
      "op_margin": -0.0653219094247246,
      "fcf_margin": -0.1252093023255814
    },
    {
      "date": "2021-03-31T00:00:00",
      "quarter_label": "2021-03 (Q1)",
      "revenue": 107891000,
      "gross_profit": 74372000,
      "operating_income": -13629000,
      "net_income": -21195000,
      "opex": 121520000,
      "cogs": 33519000,
      "rd": 33455000,
      "sga": null,
      "fcf": 14599000,
      "ocf": 25229000,
      "capex": -10630000,
      "gross_margin": 0.6893253376092537,
      "op_margin": -0.1263219360280283,
      "fcf_margin": 0.13531249131067466,
      "op_leverage_ratio": 0.4827606200678216,
      "fcf_margin_change": 0.26052179363625605
    },
    {
      "date": "2021-06-30T00:00:00",
      "quarter_label": "2021-06 (Q2)",
      "revenue": 119605000,
      "gross_profit": 79542000,
      "operating_income": -13578000,
      "net_income": -21119000,
      "opex": 133183000,
      "cogs": 40063000,
      "rd": 37526000,
      "sga": null,
      "fcf": -7157000,
      "ocf": 5385000,
      "capex": -12542000,
      "gross_margin": 0.6650390869946908,
      "op_margin": -0.11352368212031269,
      "fcf_margin": -0.059838635508548975,
      "op_leverage_ratio": 1.1312471198347187,
      "fcf_margin_change": -0.19515112681922364
    },
    {
      "date": "2021-09-30T00:00:00",
      "quarter_label": "2021-09 (Q3)",
      "revenue": 118327000,
      "gross_profit": 79532000,
      "operating_income": -20779000,
      "net_income": -32807000,
      "opex": 139106000,
      "cogs": 38795000,
      "rd": 41734000,
      "sga": null,
      "fcf": -5621000,
      "ocf": 5028000,
      "capex": -10649000,
      "gross_margin": 0.6721373820007268,
      "op_margin": -0.17560658176071395,
      "fcf_margin": -0.04750395091568281,
      "fcf_margin_change": 0.012334684592866164
    },
    {
      "date": "2021-12-31T00:00:00",
      "quarter_label": "2021-12 (Q4)",
      "revenue": 123801000,
      "gross_profit": 79298000,
      "operating_income": -45280000,
      "net_income": -49853000,
      "opex": 169081000,
      "cogs": 44503000,
      "rd": 45675000,
      "sga": null,
      "fcf": -44277000,
      "ocf": -32395000,
      "capex": -11882000,
      "gross_margin": 0.6405279440392242,
      "op_margin": -0.36574825728386684,
      "fcf_margin": -0.35764654566602855,
      "incr_op_margin_yoy": -1.7811865657870456,
      "rev_growth_yoy": 0.21224969400244798,
      "op_leverage_ratio": 0.21468792088600994,
      "fcf_margin_change": -0.3101425947503457
    },
    {
      "date": "2022-03-31T00:00:00",
      "quarter_label": "2022-03 (Q1)",
      "revenue": 130197000,
      "gross_profit": 80630000,
      "operating_income": -65127000,
      "net_income": -65364000,
      "opex": 195324000,
      "cogs": 49567000,
      "rd": 56072000,
      "sga": null,
      "fcf": -36007000,
      "ocf": -22872000,
      "capex": -13135000,
      "gross_margin": 0.6192923032020707,
      "op_margin": -0.5002188990529736,
      "fcf_margin": -0.27655783159366193,
      "incr_op_margin_yoy": -2.3087061777100333,
      "rev_growth_yoy": 0.2067456970460928,
      "rev_growth_yoy_accel": -0.005503996956355173,
      "op_leverage_ratio": 0.3328630817203678,
      "fcf_margin_change": 0.08108871407236662
    },
    {
      "date": "2022-06-30T00:00:00",
      "quarter_label": "2022-06 (Q2)",
      "revenue": 132565000,
      "gross_profit": 87516000,
      "operating_income": -70249000,
      "net_income": -75411000,
      "opex": 202814000,
      "cogs": 45049000,
      "rd": 55752000,
      "sga": null,
      "fcf": -53557000,
      "ocf": -41495000,
      "capex": -12062000,
      "gross_margin": 0.6601742541394787,
      "op_margin": -0.5299211707464263,
      "fcf_margin": -0.4040055821672387,
      "incr_op_margin_yoy": -4.372762345679012,
      "rev_growth_yoy": 0.10835667405208813,
      "rev_growth_yoy_accel": -0.09838902299400468,
      "op_leverage_ratio": 0.47430151574865703,
      "fcf_margin_change": -0.12744775057357677
    },
    {
      "date": "2022-09-30T00:00:00",
      "quarter_label": "2022-09 (Q3)",
      "revenue": 129561000,
      "gross_profit": 85880000,
      "operating_income": -48514000,
      "net_income": -43248000,
      "opex": 178075000,
      "cogs": 43681000,
      "rd": 44744000,
      "sga": null,
      "fcf": -25119000,
      "ocf": -15104000,
      "capex": -10015000,
      "gross_margin": 0.6628537908784279,
      "op_margin": -0.37444910119557584,
      "fcf_margin": -0.19387778729710328,
      "incr_op_margin_yoy": -2.4688445789567384,
      "rev_growth_yoy": 0.09494029257903944,
      "rev_growth_yoy_accel": -0.013416381473048689,
      "fcf_margin_change": 0.21012779487013541
    },
    {
      "date": "2022-12-31T00:00:00",
      "quarter_label": "2022-12 (Q4)",
      "revenue": 122477000,
      "gross_profit": 76075000,
      "operating_income": -38936000,
      "net_income": -41724000,
      "opex": 161413000,
      "cogs": 46402000,
      "rd": 37120000,
      "sga": null,
      "fcf": 4096000,
      "ocf": 17370000,
      "capex": -13274000,
      "gross_margin": 0.6211370298096786,
      "op_margin": -0.31790458616719874,
      "fcf_margin": 0.03344301379034431,
      "incr_op_margin_yoy": -4.79154078549849,
      "rev_growth_yoy": -0.010694582434713775,
      "rev_growth_yoy_accel": -0.10563487501375321,
      "fcf_margin_change": 0.2273208010874476
    },
    {
      "date": "2023-03-31T00:00:00",
      "quarter_label": "2023-03 (Q1)",
      "revenue": 107661000,
      "gross_profit": 64565000,
      "operating_income": -32669000,
      "net_income": -17420000,
      "opex": 140330000,
      "cogs": 43096000,
      "rd": 36519000,
      "sga": null,
      "fcf": -15543000,
      "ocf": -5918000,
      "capex": -9625000,
      "gross_margin": 0.5997064860998876,
      "op_margin": -0.3034432152775843,
      "fcf_margin": -0.14436982751414162,
      "incr_op_margin_yoy": -1.4402733404330847,
      "rev_growth_yoy": -0.1730915458881541,
      "rev_growth_yoy_accel": -0.16239696345344032,
      "fcf_margin_change": -0.17781284130448594
    },
    {
      "date": "2023-06-30T00:00:00",
      "quarter_label": "2023-06 (Q2)",
      "revenue": 97522000,
      "gross_profit": 66634000,
      "operating_income": 5638000,
      "net_income": 10822000,
      "opex": 91884000,
      "cogs": 30888000,
      "rd": 22839000,
      "sga": null,
      "fcf": -32003000,
      "ocf": -24631000,
      "capex": -7372000,
      "gross_margin": 0.6832714669510469,
      "op_margin": 0.057812596132154795,
      "fcf_margin": -0.3281618506593384,
      "incr_op_margin_yoy": -2.1655394800673458,
      "rev_growth_yoy": -0.26434579263003055,
      "rev_growth_yoy_accel": -0.09125424674187646,
      "fcf_margin_change": -0.18379202314519677
    },
    {
      "date": "2023-09-30T00:00:00",
      "quarter_label": "2023-09 (Q3)",
      "revenue": 101332000,
      "gross_profit": 69352000,
      "operating_income": -43675000,
      "net_income": -53312000,
      "opex": 145007000,
      "cogs": 31980000,
      "rd": 35575000,
      "sga": null,
      "fcf": 807000,
      "ocf": 6247000,
      "capex": -5440000,
      "gross_margin": 0.6844037421545021,
      "op_margin": -0.431008960644219,
      "fcf_margin": 0.007963920577902342,
      "incr_op_margin_yoy": -0.17141946225512772,
      "rev_growth_yoy": -0.21788192434451725,
      "rev_growth_yoy_accel": 0.0464638682855133,
      "op_leverage_ratio": 0.06757400765650454,
      "fcf_margin_change": 0.33612577123724074
    },
    {
      "date": "2023-12-31T00:00:00",
      "quarter_label": "2023-12 (Q4)",
      "revenue": 95468000,
      "gross_profit": 58609000,
      "operating_income": -40669000,
      "net_income": -40525000,
      "opex": 136137000,
      "cogs": 36859000,
      "rd": 29859000,
      "sga": null,
      "fcf": -1683000,
      "ocf": 4537000,
      "capex": -6220000,
      "gross_margin": 0.6139125151883353,
      "op_margin": -0.42599614530523316,
      "fcf_margin": -0.017628943729836175,
      "incr_op_margin_yoy": 0.0641637972527676,
      "rev_growth_yoy": -0.22052303697837145,
      "rev_growth_yoy_accel": -0.0026411126338541924,
      "fcf_margin_change": -0.025592864307738515
    },
    {
      "date": "2024-03-31T00:00:00",
      "quarter_label": "2024-03 (Q1)",
      "revenue": 85149000,
      "gross_profit": 55686000,
      "operating_income": -36364000,
      "net_income": -35631000,
      "opex": 121513000,
      "cogs": 29463000,
      "rd": 30120000,
      "sga": null,
      "fcf": -10402000,
      "ocf": 1099000,
      "capex": -11501000,
      "gross_margin": 0.6539830180037346,
      "op_margin": -0.4270631481285746,
      "fcf_margin": -0.12216232721464726,
      "incr_op_margin_yoy": 0.16413468372423595,
      "rev_growth_yoy": -0.2091007885863962,
      "rev_growth_yoy_accel": 0.011422248391975254,
      "fcf_margin_change": -0.10453338348481109
    },
    {
      "date": "2024-06-30T00:00:00",
      "quarter_label": "2024-06 (Q2)",
      "revenue": 79875000,
      "gross_profit": 58663000,
      "operating_income": -29799000,
      "net_income": 41795000,
      "opex": 109674000,
      "cogs": 21212000,
      "rd": 24843000,
      "sga": null,
      "fcf": -22887000,
      "ocf": -17931000,
      "capex": -4956000,
      "gross_margin": 0.7344350547730829,
      "op_margin": -0.3730704225352113,
      "fcf_margin": -0.2865352112676056,
      "incr_op_margin_yoy": 2.0081033603445344,
      "rev_growth_yoy": -0.1809540411394352,
      "rev_growth_yoy_accel": 0.028146747446960996,
      "fcf_margin_change": -0.16437288405295836
    },
    {
      "date": "2024-09-30T00:00:00",
      "quarter_label": "2024-09 (Q3)",
      "revenue": 74244000,
      "gross_profit": 49697000,
      "operating_income": -16038000,
      "net_income": -28309000,
      "opex": 90282000,
      "cogs": 24547000,
      "rd": 22922000,
      "sga": null,
      "fcf": -230000,
      "ocf": 4817000,
      "capex": -5047000,
      "gross_margin": 0.6693739561446043,
      "op_margin": -0.21601745595603686,
      "fcf_margin": -0.0030978934324659233,
      "incr_op_margin_yoy": -1.020267277023036,
      "rev_growth_yoy": -0.26731930683298466,
      "rev_growth_yoy_accel": -0.08636526569354946,
      "fcf_margin_change": 0.2834373178351397
    },
    {
      "date": "2024-12-31T00:00:00",
      "quarter_label": "2024-12 (Q4)",
      "revenue": 73206000,
      "gross_profit": 55024000,
      "operating_income": -100994000,
      "net_income": -112128000,
      "opex": 174200000,
      "cogs": 18182000,
      "rd": 22032000,
      "sga": null,
      "fcf": -6753000,
      "ocf": -3115000,
      "capex": -3638000,
      "gross_margin": 0.7516323798595743,
      "op_margin": -1.379586372701691,
      "fcf_margin": -0.0922465371690845,
      "incr_op_margin_yoy": 2.7097745036384873,
      "rev_growth_yoy": -0.23318808396530774,
      "rev_growth_yoy_accel": 0.03413122286767692,
      "fcf_margin_change": -0.08914864373661857
    },
    {
      "date": "2025-03-31T00:00:00",
      "quarter_label": "2025-03 (Q1)",
      "revenue": 64700000,
      "gross_profit": 46482000,
      "operating_income": -16944000,
      "net_income": -14133000,
      "opex": 81644000,
      "cogs": 18218000,
      "rd": 16034000,
      "sga": null,
      "fcf": -6855000,
      "ocf": -3096000,
      "capex": -3759000,
      "gross_margin": 0.7184234930448222,
      "op_margin": -0.2618856259659969,
      "fcf_margin": -0.10595054095826893,
      "incr_op_margin_yoy": -0.9496796909384322,
      "rev_growth_yoy": -0.24015549213731224,
      "rev_growth_yoy_accel": -0.006967408172004502,
      "fcf_margin_change": -0.013704003789184432
    },
    {
      "date": "2025-06-30T00:00:00",
      "quarter_label": "2025-06 (Q2)",
      "revenue": 59600000,
      "gross_profit": 41562000,
      "operating_income": -6433000,
      "net_income": -15710000,
      "opex": 66033000,
      "cogs": 18038000,
      "rd": 13843000,
      "sga": null,
      "fcf": -14812000,
      "ocf": -11676000,
      "capex": -3136000,
      "gross_margin": 0.6973489932885906,
      "op_margin": -0.10793624161073825,
      "fcf_margin": -0.2485234899328859,
      "incr_op_margin_yoy": -1.1524537607891492,
      "rev_growth_yoy": -0.2538341158059468,
      "rev_growth_yoy_accel": -0.013678623668634537,
      "fcf_margin_change": -0.14257294897461698
    },
    {
      "date": "2025-09-30T00:00:00",
      "quarter_label": "2025-09 (Q3)",
      "revenue": 60154000,
      "gross_profit": 42936000,
      "operating_income": -14587000,
      "net_income": 8711000,
      "opex": 74741000,
      "cogs": 17218000,
      "rd": 13376000,
      "sga": null,
      "fcf": -8898000,
      "ocf": -6009000,
      "capex": -2889000,
      "gross_margin": 0.7137679954782724,
      "op_margin": -0.24249426472055058,
      "fcf_margin": -0.14792033779964758,
      "incr_op_margin_yoy": -0.10298083747338538,
      "rev_growth_yoy": -0.1897796454932385,
      "rev_growth_yoy_accel": 0.06405447031270828,
      "fcf_margin_change": 0.10060315213323831
    }
  ],
  "signals": [
    {
      "quarter": "2025-09 (Q3)",
      "signal": "FCF MARGIN EXPANSION",
      "detail": "FCF margin: -24.9% -> -14.8% (+10.1%)",
      "severity": "MEDIUM"
    },
    {
      "quarter": "2025-09 (Q3)",
      "signal": "YoY REVENUE GROWTH ACCELERATION",
      "detail": "YoY growth: -19.0% vs prior quarter YoY: -25.4% (accel: +6.4%)",
      "severity": "MEDIUM"
    },
    {
      "quarter": "2024-12 (Q4)",
      "signal": "GROSS MARGIN INFLECTION",
      "detail": "GM: +73.4% -> +66.9% -> +75.2% (reversal +8.2%)",
      "severity": "HIGH"
    },
    {
      "quarter": "2024-09 (Q3)",
      "signal": "FCF MARGIN EXPANSION",
      "detail": "FCF margin: -28.7% -> -0.3% (+28.3%)",
      "severity": "MEDIUM"
    },
    {
      "quarter": "2024-09 (Q3)",
      "signal": "YoY REVENUE GROWTH DECELERATION",
      "detail": "YoY growth: -26.7% vs prior quarter YoY: -18.1% (decel: -8.6%)",
      "severity": "WARNING"
    },
    {
      "quarter": "2024-03 (Q1)",
      "signal": "GROSS MARGIN INFLECTION",
      "detail": "GM: +68.4% -> +61.4% -> +65.4% (reversal +4.0%)",
      "severity": "MEDIUM"
    },
    {
      "quarter": "2023-09 (Q3)",
      "signal": "FCF TURNED POSITIVE",
      "detail": "FCF margin: -32.8% -> +0.8%",
      "severity": "HIGH"
    },
    {
      "quarter": "2023-06 (Q2)",
      "signal": "GROSS MARGIN INFLECTION",
      "detail": "GM: +62.1% -> +60.0% -> +68.3% (reversal +8.4%)",
      "severity": "HIGH"
    },
    {
      "quarter": "2023-06 (Q2)",
      "signal": "YoY REVENUE GROWTH DECELERATION",
      "detail": "YoY growth: -26.4% vs prior quarter YoY: -17.3% (decel: -9.1%)",
      "severity": "WARNING"
    },
    {
      "quarter": "2023-06 (Q2)",
      "signal": "OP MARGIN TURNED POSITIVE (YoY)",
      "detail": "Op margin: -53.0% (year-ago) -> +5.8%",
      "severity": "HIGH"
    },
    {
      "quarter": "2023-06 (Q2)",
      "signal": "OP MARGIN TURNED POSITIVE (QoQ)",
      "detail": "Op margin: -30.3% -> +5.8%",
      "severity": "HIGH"
    },
    {
      "quarter": "2023-03 (Q1)",
      "signal": "YoY REVENUE GROWTH DECELERATION",
      "detail": "YoY growth: -17.3% vs prior quarter YoY: -1.1% (decel: -16.2%)",
      "severity": "WARNING"
    },
    {
      "quarter": "2022-12 (Q4)",
      "signal": "FCF TURNED POSITIVE",
      "detail": "FCF margin: -19.4% -> +3.3%",
      "severity": "HIGH"
    },
    {
      "quarter": "2022-12 (Q4)",
      "signal": "YoY REVENUE GROWTH DECELERATION",
      "detail": "YoY growth: -1.1% vs prior quarter YoY: +9.5% (decel: -10.6%)",
      "severity": "WARNING"
    },
    {
      "quarter": "2022-09 (Q3)",
      "signal": "FCF MARGIN EXPANSION",
      "detail": "FCF margin: -40.4% -> -19.4% (+21.0%)",
      "severity": "MEDIUM"
    },
    {
      "quarter": "2022-06 (Q2)",
      "signal": "GROSS MARGIN INFLECTION",
      "detail": "GM: +64.1% -> +61.9% -> +66.0% (reversal +4.1%)",
      "severity": "MEDIUM"
    },
    {
      "quarter": "2022-06 (Q2)",
      "signal": "YoY REVENUE GROWTH DECELERATION",
      "detail": "YoY growth: +10.8% vs prior quarter YoY: +20.7% (decel: -9.8%)",
      "severity": "WARNING"
    },
    {
      "quarter": "2022-03 (Q1)",
      "signal": "FCF MARGIN EXPANSION",
      "detail": "FCF margin: -35.8% -> -27.7% (+8.1%)",
      "severity": "MEDIUM"
    },
    {
      "quarter": "2021-03 (Q1)",
      "signal": "FCF TURNED POSITIVE",
      "detail": "FCF margin: -12.5% -> +13.5%",
      "severity": "HIGH"
    }
  ],
  "data_quality": {
    "n_quarters": 20,
    "coverage": {
      "revenue": [
        20,
        20
      ],
      "gross_profit": [
        20,
        20
      ],
      "op_income": [
        20,
        20
      ],
      "fcf": [
        20,
        20
      ]
    },
    "gaps": [],
    "warnings": []
  },
  "market_cap": null,
  "source": "SEC EDGAR",
  "last_updated": "2026-02-02T23:47:02.239191",
  "sector": "Technology",
  "industry": "Software - Application"
}