{
  "ticker": "LPTH",
  "name": "LIGHTPATH TECHNOLOGIES INC",
  "sector": "Technology",
  "industry": "Electronic Components",
  "quarters": [
    {
      "date": "2021-03-31T00:00:00",
      "quarter_label": "2021-03 (Q1)",
      "revenue": 10701362,
      "gross_profit": 3903757,
      "operating_income": 166657,
      "net_income": -222564,
      "opex": 3737100,
      "cogs": 6797605,
      "rd": null,
      "sga": 2805829,
      "fcf": 973343,
      "ocf": 1534200,
      "capex": -560857,
      "gross_margin": 0.36479066870179705,
      "op_margin": 0.015573438222162748,
      "fcf_margin": 0.09095505787020382
    },
    {
      "date": "2021-06-30T00:00:00",
      "quarter_label": "2021-06 (Q2)",
      "revenue": 8332316,
      "gross_profit": 2063485,
      "operating_income": -2742923,
      "net_income": -2913210,
      "opex": 4806408,
      "cogs": 6268831,
      "rd": null,
      "sga": 3980113,
      "fcf": 1218572,
      "ocf": 1655789,
      "capex": -437217,
      "gross_margin": 0.24764843292069097,
      "op_margin": -0.3291909476308868,
      "fcf_margin": 0.14624649377195967,
      "fcf_margin_change": 0.05529143590175585
    },
    {
      "date": "2021-09-30T00:00:00",
      "quarter_label": "2021-09 (Q3)",
      "revenue": 9103343,
      "gross_profit": 3171935,
      "operating_income": -405393,
      "net_income": -632097,
      "opex": 3577328,
      "cogs": 5931408,
      "rd": null,
      "sga": 2869046,
      "fcf": -2816687,
      "ocf": -1617682,
      "capex": -1199005,
      "gross_margin": 0.34843628324232095,
      "op_margin": -0.04453232180749424,
      "fcf_margin": -0.3094123774090463,
      "op_leverage_ratio": null,
      "fcf_margin_change": -0.455658871181006
    },
    {
      "date": "2021-12-31T00:00:00",
      "quarter_label": "2021-12 (Q4)",
      "revenue": 9243174,
      "gross_profit": 2799846,
      "operating_income": -980383,
      "net_income": -1055291,
      "opex": 3780229,
      "cogs": 6443328,
      "rd": null,
      "sga": 2946998,
      "fcf": 1341942,
      "ocf": 1460310,
      "capex": -118368,
      "gross_margin": 0.30290958495425924,
      "op_margin": -0.10606562204714527,
      "fcf_margin": 0.14518194724020125,
      "op_leverage_ratio": 0.2708177535483842,
      "fcf_margin_change": 0.45459432464924754
    },
    {
      "date": "2022-03-31T00:00:00",
      "quarter_label": "2022-03 (Q1)",
      "revenue": 8305412,
      "gross_profit": 3034251,
      "operating_income": -457030,
      "net_income": -495003,
      "opex": 3491281,
      "cogs": 5271161,
      "rd": null,
      "sga": 2619269,
      "fcf": 334475,
      "ocf": 509770,
      "capex": -175295,
      "gross_margin": 0.3653341941375094,
      "op_margin": -0.05502797453034238,
      "fcf_margin": 0.04027193352960696,
      "incr_op_margin_yoy": 0.26030885452534486,
      "rev_growth_yoy": -0.22389206158991726,
      "fcf_margin_change": -0.1049100137105943
    },
    {
      "date": "2022-06-30T00:00:00",
      "quarter_label": "2022-06 (Q2)",
      "revenue": 8907231,
      "gross_profit": 2808604,
      "operating_income": -784428,
      "net_income": -1359790,
      "opex": 3593032,
      "cogs": 6098627,
      "rd": null,
      "sga": 2786553,
      "fcf": 977784,
      "ocf": 1111730,
      "capex": -133946,
      "gross_margin": 0.3153172966997263,
      "op_margin": -0.08806642603071595,
      "fcf_margin": 0.10977418234690445,
      "rev_growth_yoy": 0.06899822330310085,
      "rev_growth_yoy_accel": 0.2928902848930181,
      "op_leverage_ratio": 2.4862845572575982,
      "fcf_margin_change": 0.0695022488172975
    },
    {
      "date": "2022-09-30T00:00:00",
      "quarter_label": "2022-09 (Q3)",
      "revenue": 7366901,
      "gross_profit": 2233912,
      "operating_income": -1235413,
      "net_income": -1380700,
      "opex": 3469325,
      "cogs": 5132989,
      "rd": null,
      "sga": 2638173,
      "fcf": -658748,
      "ocf": -415355,
      "capex": -243393,
      "gross_margin": 0.3032363269168406,
      "op_margin": -0.1676977877129067,
      "fcf_margin": -0.08941996098495147,
      "incr_op_margin_yoy": 0.4780004169445337,
      "rev_growth_yoy": -0.1907477286091494,
      "rev_growth_yoy_accel": -0.25974595191225025,
      "fcf_margin_change": -0.19919414333185592
    },
    {
      "date": "2022-12-31T00:00:00",
      "quarter_label": "2022-12 (Q4)",
      "revenue": 8472679,
      "gross_profit": 3224345,
      "operating_income": -556484,
      "net_income": -694061,
      "opex": 3780829,
      "cogs": 5248334,
      "rd": null,
      "sga": 3030653,
      "fcf": -504529,
      "ocf": -336371,
      "capex": -168158,
      "gross_margin": 0.3805579085434489,
      "op_margin": -0.06567981626590598,
      "fcf_margin": -0.05954775343194284,
      "rev_growth_yoy": -0.08335827065464742,
      "rev_growth_yoy_accel": 0.10738945795450199,
      "op_leverage_ratio": 1.6717235843104832,
      "fcf_margin_change": 0.029872207553008637
    },
    {
      "date": "2023-03-31T00:00:00",
      "quarter_label": "2023-03 (Q1)",
      "revenue": 7409648,
      "gross_profit": 2535404,
      "operating_income": -960214,
      "net_income": -1163270,
      "opex": 3495618,
      "cogs": 4874244,
      "rd": null,
      "sga": 2759306,
      "fcf": -2082464,
      "ocf": -168860,
      "capex": -1913604,
      "gross_margin": 0.34217603859184675,
      "op_margin": -0.12958969171005155,
      "fcf_margin": -0.28104762871326683,
      "rev_growth_yoy": -0.10785304810887165,
      "rev_growth_yoy_accel": -0.024494777454224237,
      "fcf_margin_change": -0.22149987528132398
    },
    {
      "date": "2023-06-30T00:00:00",
      "quarter_label": "2023-06 (Q2)",
      "revenue": 9684721,
      "gross_profit": 3081162,
      "operating_income": -802430,
      "net_income": -808840,
      "opex": 3883592,
      "cogs": 6603559,
      "rd": null,
      "sga": 3009109,
      "fcf": -2640936,
      "ocf": -1888937,
      "capex": -751999,
      "gross_margin": 0.318146697256431,
      "op_margin": -0.08285525210277095,
      "fcf_margin": -0.2726909737513347,
      "rev_growth_yoy": 0.08728750831768033,
      "rev_growth_yoy_accel": 0.19514055642655198,
      "op_leverage_ratio": 2.766426294893809,
      "fcf_margin_change": 0.008356654961932108
    },
    {
      "date": "2023-09-30T00:00:00",
      "quarter_label": "2023-09 (Q3)",
      "revenue": 8077248,
      "gross_profit": 2331706,
      "operating_income": -1250622,
      "net_income": -1342376,
      "opex": 3582328,
      "cogs": 5745542,
      "rd": null,
      "sga": 2661168,
      "fcf": 184987,
      "ocf": 1139989,
      "capex": -955002,
      "gross_margin": 0.28867579650890995,
      "op_margin": -0.15483268558796262,
      "fcf_margin": 0.022902231056914434,
      "rev_growth_yoy": 0.09642412732300869,
      "rev_growth_yoy_accel": 0.009136619005328361,
      "fcf_margin_change": 0.29559320480824913
    },
    {
      "date": "2023-12-31T00:00:00",
      "quarter_label": "2023-12 (Q4)",
      "revenue": 7315637,
      "gross_profit": 2168321,
      "operating_income": -1783329,
      "net_income": -1713663,
      "opex": 3951650,
      "cogs": 5147316,
      "rd": null,
      "sga": 2858457,
      "fcf": -818819,
      "ocf": -289420,
      "capex": -529399,
      "gross_margin": 0.29639537883030553,
      "op_margin": -0.24376947626023543,
      "fcf_margin": -0.11192723203734685,
      "incr_op_margin_yoy": 1.0603288385382725,
      "rev_growth_yoy": -0.13656152912201677,
      "rev_growth_yoy_accel": -0.23298565644502545,
      "fcf_margin_change": -0.13482946309426128
    },
    {
      "date": "2024-03-31T00:00:00",
      "quarter_label": "2024-03 (Q1)",
      "revenue": 7699175,
      "gross_profit": 1606187,
      "operating_income": -2583196,
      "net_income": -2597534,
      "opex": 4189383,
      "cogs": 6092988,
      "rd": null,
      "sga": 3171770,
      "fcf": -802485,
      "ocf": -394226,
      "capex": -408259,
      "gross_margin": 0.20861806622138085,
      "op_margin": -0.3355159481373004,
      "fcf_margin": -0.10422999866868853,
      "rev_growth_yoy": 0.039074325797932644,
      "rev_growth_yoy_accel": 0.17563585491994943,
      "op_leverage_ratio": 0.8714555749168854,
      "fcf_margin_change": 0.007697233368658324
    },
    {
      "date": "2024-06-30T00:00:00",
      "quarter_label": "2024-06 (Q2)",
      "revenue": 8634132,
      "gross_profit": 2525032,
      "operating_income": -2209517,
      "net_income": -2353773,
      "opex": 4734549,
      "cogs": 6109100,
      "rd": null,
      "sga": 3605988,
      "fcf": -225451,
      "ocf": 64694,
      "capex": -290145,
      "gross_margin": 0.29244769480012583,
      "op_margin": -0.25590493636187167,
      "fcf_margin": -0.02611159986898509,
      "incr_op_margin_yoy": 1.3393315559176804,
      "rev_growth_yoy": -0.10847901555450075,
      "rev_growth_yoy_accel": -0.1475533413524334,
      "op_leverage_ratio": 0.9331871497172413,
      "fcf_margin_change": 0.07811839879970343
    },
    {
      "date": "2024-09-30T00:00:00",
      "quarter_label": "2024-09 (Q3)",
      "revenue": 8400381,
      "gross_profit": 2844429,
      "operating_income": -1376808,
      "net_income": -1622745,
      "opex": 4221237,
      "cogs": 5555952,
      "rd": null,
      "sga": 3270583,
      "fcf": -1779933,
      "ocf": -1700201,
      "capex": -79732,
      "gross_margin": 0.3386071417474993,
      "op_margin": -0.1638982803279994,
      "fcf_margin": -0.2118871751174143,
      "rev_growth_yoy": 0.04000533349972664,
      "rev_growth_yoy_accel": 0.1484843490542274,
      "fcf_margin_change": -0.18577557524842922
    },
    {
      "date": "2024-12-31T00:00:00",
      "quarter_label": "2024-12 (Q4)",
      "revenue": 7424829,
      "gross_profit": 1930831,
      "operating_income": -2484339,
      "net_income": -2611997,
      "opex": 4415170,
      "cogs": 5493998,
      "rd": 764396,
      "sga": 3356063,
      "fcf": -817838,
      "ocf": -737415,
      "capex": -80423,
      "gross_margin": 0.26005056816796723,
      "op_margin": -0.3345988170232607,
      "fcf_margin": -0.11014906875296387,
      "rev_growth_yoy": 0.014925836260055003,
      "rev_growth_yoy_accel": -0.025079497239671636,
      "fcf_margin_change": 0.10173810636445044
    },
    {
      "date": "2025-03-31T00:00:00",
      "quarter_label": "2025-03 (Q1)",
      "revenue": 9167627,
      "gross_profit": 2664101,
      "operating_income": -3323289,
      "net_income": -3582460,
      "opex": 5987390,
      "cogs": 6503526,
      "rd": null,
      "sga": 4448359,
      "fcf": -3664402,
      "ocf": -3243831,
      "capex": -420571,
      "gross_margin": 0.2905987558176178,
      "op_margin": -0.36250264108694646,
      "fcf_margin": -0.3997110702693292,
      "incr_op_margin_yoy": -0.5039953638253072,
      "rev_growth_yoy": 0.190728487143103,
      "rev_growth_yoy_accel": 0.175802650883048,
      "op_leverage_ratio": 0.6591658668713677,
      "fcf_margin_change": -0.28956200151636535
    },
    {
      "date": "2025-06-30T00:00:00",
      "quarter_label": "2025-06 (Q2)",
      "revenue": 12209793,
      "gross_profit": 2690753,
      "operating_income": -4638445,
      "net_income": -7055980,
      "opex": 7329198,
      "cogs": 9519040,
      "rd": null,
      "sga": 4739622,
      "fcf": -3331519,
      "ocf": -2649943,
      "capex": -681576,
      "gross_margin": 0.2203766271877009,
      "op_margin": -0.3798954658772675,
      "fcf_margin": -0.27285630477109646,
      "incr_op_margin_yoy": -0.6792948212931819,
      "rev_growth_yoy": 0.4141309166920311,
      "rev_growth_yoy_accel": 0.2234024295489281,
      "op_leverage_ratio": 1.4807206874721055,
      "fcf_margin_change": 0.12685476549823277
    },
    {
      "date": "2025-09-30T00:00:00",
      "quarter_label": "2025-09 (Q3)",
      "revenue": 15058281,
      "gross_profit": 4482572,
      "operating_income": -2505778,
      "net_income": -2893002,
      "opex": 6988350,
      "cogs": 10575709,
      "rd": null,
      "sga": 4383870,
      "fcf": -1219856,
      "ocf": -1142842,
      "capex": -77014,
      "gross_margin": 0.2976815215495049,
      "op_margin": -0.1664053154540017,
      "fcf_margin": -0.0810089810384067,
      "incr_op_margin_yoy": -0.16956848255455925,
      "rev_growth_yoy": 0.792571194092268,
      "rev_growth_yoy_accel": 0.37844027740023684,
      "op_leverage_ratio": null,
      "fcf_margin_change": 0.19184732373268976
    },
    {
      "date": "2025-12-31T00:00:00",
      "quarter_label": "2025-12 (Q4)",
      "revenue": 16351652,
      "gross_profit": 6020330,
      "operating_income": -8597503,
      "net_income": -9405409,
      "opex": 14617833,
      "cogs": 10331322,
      "rd": 748829,
      "sga": 5859461,
      "fcf": 1955868,
      "ocf": 2823763,
      "capex": -867895,
      "gross_margin": 0.3681787014547521,
      "op_margin": -0.5257880365849273,
      "fcf_margin": 0.1196128684734729,
      "incr_op_margin_yoy": -0.6848084699338163,
      "rev_growth_yoy": 1.2022934130873586,
      "rev_growth_yoy_accel": 0.40972221899509065,
      "op_leverage_ratio": 0.07867328054365706,
      "fcf_margin_change": 0.2006218495118796
    }
  ],
  "signals": [
    {
      "quarter": "2025-12 (Q4)",
      "signal": "FCF TURNED POSITIVE",
      "detail": "FCF margin: -8.1% -> +12.0%",
      "severity": "HIGH"
    },
    {
      "quarter": "2025-12 (Q4)",
      "signal": "YoY REVENUE GROWTH ACCELERATION",
      "detail": "YoY growth: +120.2% vs prior quarter YoY: +79.3% (accel: +41.0%)",
      "severity": "HIGH"
    },
    {
      "quarter": "2025-09 (Q3)",
      "signal": "FCF MARGIN EXPANSION",
      "detail": "FCF margin: -27.3% -> -8.1% (+19.2%)",
      "severity": "MEDIUM"
    },
    {
      "quarter": "2025-09 (Q3)",
      "signal": "GROSS MARGIN INFLECTION",
      "detail": "GM: +29.1% -> +22.0% -> +29.8% (reversal +7.7%)",
      "severity": "HIGH"
    },
    {
      "quarter": "2025-09 (Q3)",
      "signal": "YoY REVENUE GROWTH ACCELERATION",
      "detail": "YoY growth: +79.3% vs prior quarter YoY: +41.4% (accel: +37.8%)",
      "severity": "HIGH"
    },
    {
      "quarter": "2025-06 (Q2)",
      "signal": "FCF MARGIN EXPANSION",
      "detail": "FCF margin: -40.0% -> -27.3% (+12.7%)",
      "severity": "MEDIUM"
    },
    {
      "quarter": "2025-06 (Q2)",
      "signal": "YoY REVENUE GROWTH ACCELERATION",
      "detail": "YoY growth: +41.4% vs prior quarter YoY: +19.1% (accel: +22.3%)",
      "severity": "HIGH"
    },
    {
      "quarter": "2025-03 (Q1)",
      "signal": "GROSS MARGIN INFLECTION",
      "detail": "GM: +33.9% -> +26.0% -> +29.1% (reversal +3.1%)",
      "severity": "MEDIUM"
    },
    {
      "quarter": "2025-03 (Q1)",
      "signal": "YoY REVENUE GROWTH ACCELERATION",
      "detail": "YoY growth: +19.1% vs prior quarter YoY: +1.5% (accel: +17.6%)",
      "severity": "HIGH"
    },
    {
      "quarter": "2024-12 (Q4)",
      "signal": "FCF MARGIN EXPANSION",
      "detail": "FCF margin: -21.2% -> -11.0% (+10.2%)",
      "severity": "MEDIUM"
    },
    {
      "quarter": "2024-09 (Q3)",
      "signal": "YoY REVENUE GROWTH ACCELERATION",
      "detail": "YoY growth: +4.0% vs prior quarter YoY: -10.8% (accel: +14.8%)",
      "severity": "MEDIUM"
    },
    {
      "quarter": "2024-06 (Q2)",
      "signal": "FCF MARGIN EXPANSION",
      "detail": "FCF margin: -10.4% -> -2.6% (+7.8%)",
      "severity": "MEDIUM"
    },
    {
      "quarter": "2024-06 (Q2)",
      "signal": "GROSS MARGIN INFLECTION",
      "detail": "GM: +29.6% -> +20.9% -> +29.2% (reversal +8.4%)",
      "severity": "HIGH"
    },
    {
      "quarter": "2024-06 (Q2)",
      "signal": "YoY REVENUE GROWTH DECELERATION",
      "detail": "YoY growth: -10.8% vs prior quarter YoY: +3.9% (decel: -14.8%)",
      "severity": "WARNING"
    },
    {
      "quarter": "2024-03 (Q1)",
      "signal": "YoY REVENUE GROWTH ACCELERATION",
      "detail": "YoY growth: +3.9% vs prior quarter YoY: -13.7% (accel: +17.6%)",
      "severity": "HIGH"
    },
    {
      "quarter": "2023-12 (Q4)",
      "signal": "YoY REVENUE GROWTH DECELERATION",
      "detail": "YoY growth: -13.7% vs prior quarter YoY: +9.6% (decel: -23.3%)",
      "severity": "WARNING"
    },
    {
      "quarter": "2023-09 (Q3)",
      "signal": "FCF TURNED POSITIVE",
      "detail": "FCF margin: -27.3% -> +2.3%",
      "severity": "HIGH"
    },
    {
      "quarter": "2023-06 (Q2)",
      "signal": "OPERATING LEVERAGE",
      "detail": "Rev growth +30.7% vs OpEx growth +11.1% (leverage: 2.8x)",
      "severity": "MEDIUM"
    },
    {
      "quarter": "2023-06 (Q2)",
      "signal": "YoY REVENUE GROWTH ACCELERATION",
      "detail": "YoY growth: +8.7% vs prior quarter YoY: -10.8% (accel: +19.5%)",
      "severity": "HIGH"
    },
    {
      "quarter": "2022-12 (Q4)",
      "signal": "OPERATING LEVERAGE",
      "detail": "Rev growth +15.0% vs OpEx growth +9.0% (leverage: 1.7x)",
      "severity": "MEDIUM"
    },
    {
      "quarter": "2022-12 (Q4)",
      "signal": "GROSS MARGIN INFLECTION",
      "detail": "GM: +31.5% -> +30.3% -> +38.1% (reversal +7.7%)",
      "severity": "HIGH"
    },
    {
      "quarter": "2022-12 (Q4)",
      "signal": "YoY REVENUE GROWTH ACCELERATION",
      "detail": "YoY growth: -8.3% vs prior quarter YoY: -19.1% (accel: +10.7%)",
      "severity": "MEDIUM"
    },
    {
      "quarter": "2022-09 (Q3)",
      "signal": "YoY REVENUE GROWTH DECELERATION",
      "detail": "YoY growth: -19.1% vs prior quarter YoY: +6.9% (decel: -26.0%)",
      "severity": "WARNING"
    },
    {
      "quarter": "2022-06 (Q2)",
      "signal": "FCF MARGIN EXPANSION",
      "detail": "FCF margin: +4.0% -> +11.0% (+7.0%)",
      "severity": "MEDIUM"
    },
    {
      "quarter": "2022-06 (Q2)",
      "signal": "OPERATING LEVERAGE",
      "detail": "Rev growth +7.2% vs OpEx growth +2.9% (leverage: 2.5x)",
      "severity": "MEDIUM"
    },
    {
      "quarter": "2022-06 (Q2)",
      "signal": "YoY REVENUE GROWTH ACCELERATION",
      "detail": "YoY growth: +6.9% vs prior quarter YoY: -22.4% (accel: +29.3%)",
      "severity": "HIGH"
    },
    {
      "quarter": "2022-03 (Q1)",
      "signal": "GROSS MARGIN INFLECTION",
      "detail": "GM: +34.8% -> +30.3% -> +36.5% (reversal +6.2%)",
      "severity": "HIGH"
    },
    {
      "quarter": "2021-12 (Q4)",
      "signal": "FCF TURNED POSITIVE",
      "detail": "FCF margin: -30.9% -> +14.5%",
      "severity": "HIGH"
    },
    {
      "quarter": "2021-09 (Q3)",
      "signal": "GROSS MARGIN INFLECTION",
      "detail": "GM: +36.5% -> +24.8% -> +34.8% (reversal +10.1%)",
      "severity": "HIGH"
    },
    {
      "quarter": "2021-06 (Q2)",
      "signal": "FCF MARGIN EXPANSION",
      "detail": "FCF margin: +9.1% -> +14.6% (+5.5%)",
      "severity": "MEDIUM"
    }
  ],
  "data_quality": {
    "n_quarters": 20,
    "coverage": {
      "revenue": [
        20,
        20
      ],
      "gross_profit": [
        20,
        20
      ],
      "op_income": [
        20,
        20
      ],
      "fcf": [
        20,
        20
      ]
    },
    "gaps": [],
    "warnings": []
  },
  "market_cap": null,
  "source": "SEC EDGAR",
  "last_updated": "2026-02-24T11:02:19.543945"
}