{
  "ticker": "LPX",
  "name": "LOUISIANA-PACIFIC CORPORATION",
  "quarters": [
    {
      "date": "2020-12-31T00:00:00",
      "quarter_label": "2020-12 (Q4)",
      "revenue": 860000000,
      "gross_profit": 350000000,
      "operating_income": 297000000,
      "net_income": 256000000,
      "opex": 53000000,
      "cogs": 509000000,
      "rd": null,
      "sga": 54000000,
      "fcf": 303000000,
      "ocf": 321000000,
      "capex": -18000000,
      "gross_margin": 0.4069767441860465,
      "op_margin": 0.3453488372093023,
      "fcf_margin": 0.35232558139534886
    },
    {
      "date": "2021-03-31T00:00:00",
      "quarter_label": "2021-03 (Q1)",
      "revenue": 1017000000,
      "gross_profit": 479000000,
      "operating_income": 431000000,
      "net_income": 320000000,
      "opex": 48000000,
      "cogs": 538000000,
      "rd": null,
      "sga": 48000000,
      "fcf": 280000000,
      "ocf": 314000000,
      "capex": -34000000,
      "gross_margin": 0.47099311701081614,
      "op_margin": 0.42379547689282204,
      "fcf_margin": 0.2753195673549656,
      "op_leverage_ratio": Infinity,
      "fcf_margin_change": -0.07700601404038326
    },
    {
      "date": "2021-06-30T00:00:00",
      "quarter_label": "2021-06 (Q2)",
      "revenue": 1325000000,
      "gross_profit": 707000000,
      "operating_income": 653000000,
      "net_income": 498000000,
      "opex": 54000000,
      "cogs": 619000000,
      "rd": null,
      "sga": 57000000,
      "fcf": 425000000,
      "ocf": 457000000,
      "capex": -32000000,
      "gross_margin": 0.5335849056603773,
      "op_margin": 0.4928301886792453,
      "fcf_margin": 0.32075471698113206,
      "op_leverage_ratio": 2.422812192723697,
      "fcf_margin_change": 0.04543514962616646
    },
    {
      "date": "2021-09-30T00:00:00",
      "quarter_label": "2021-09 (Q3)",
      "revenue": 1219000000,
      "gross_profit": 549000000,
      "operating_income": 488000000,
      "net_income": 365000000,
      "opex": 61000000,
      "cogs": 670000000,
      "rd": null,
      "sga": 63000000,
      "fcf": 443000000,
      "ocf": 511000000,
      "capex": -68000000,
      "gross_margin": 0.45036915504511893,
      "op_margin": 0.4003281378178835,
      "fcf_margin": 0.3634126333059885,
      "fcf_margin_change": 0.04265791632485644
    },
    {
      "date": "2021-12-31T00:00:00",
      "quarter_label": "2021-12 (Q4)",
      "revenue": 992000000,
      "gross_profit": 336000000,
      "operating_income": 253000000,
      "net_income": 194000000,
      "opex": 83000000,
      "cogs": 655000000,
      "rd": null,
      "sga": 73000000,
      "fcf": 80000000,
      "ocf": 201000000,
      "capex": -121000000,
      "gross_margin": 0.3387096774193548,
      "op_margin": 0.2550403225806452,
      "fcf_margin": 0.08064516129032258,
      "incr_op_margin_yoy": -0.3333333333333333,
      "rev_growth_yoy": 0.15348837209302327,
      "fcf_margin_change": -0.28276747201566593
    },
    {
      "date": "2022-03-31T00:00:00",
      "quarter_label": "2022-03 (Q1)",
      "revenue": 1337000000,
      "gross_profit": 661000000,
      "operating_income": 633000000,
      "net_income": 484000000,
      "opex": 28000000,
      "cogs": 676000000,
      "rd": null,
      "sga": 65000000,
      "fcf": 333000000,
      "ocf": 425000000,
      "capex": -92000000,
      "gross_margin": 0.4943904263275991,
      "op_margin": 0.47344801795063574,
      "fcf_margin": 0.24906507105459985,
      "incr_op_margin_yoy": 0.63125,
      "rev_growth_yoy": 0.31465093411996065,
      "rev_growth_yoy_accel": 0.16116256202693738,
      "op_leverage_ratio": Infinity,
      "fcf_margin_change": 0.1684199097642773
    },
    {
      "date": "2022-06-30T00:00:00",
      "quarter_label": "2022-06 (Q2)",
      "revenue": 1130000000,
      "gross_profit": 518000000,
      "operating_income": 462000000,
      "net_income": 384000000,
      "opex": 56000000,
      "cogs": 611000000,
      "rd": null,
      "sga": 67000000,
      "fcf": 379000000,
      "ocf": 483000000,
      "capex": -104000000,
      "gross_margin": 0.4584070796460177,
      "op_margin": 0.4088495575221239,
      "fcf_margin": 0.33539823008849556,
      "incr_op_margin_yoy": 0.9794871794871794,
      "rev_growth_yoy": -0.1471698113207547,
      "rev_growth_yoy_accel": -0.4618207454407154,
      "fcf_margin_change": 0.08633315903389571
    },
    {
      "date": "2022-09-30T00:00:00",
      "quarter_label": "2022-09 (Q3)",
      "revenue": 852000000,
      "gross_profit": 232000000,
      "operating_income": 172000000,
      "net_income": 226000000,
      "opex": 60000000,
      "cogs": 620000000,
      "rd": null,
      "sga": 67000000,
      "fcf": 109000000,
      "ocf": 195000000,
      "capex": -86000000,
      "gross_margin": 0.27230046948356806,
      "op_margin": 0.20187793427230047,
      "fcf_margin": 0.12793427230046947,
      "incr_op_margin_yoy": 0.8610354223433242,
      "rev_growth_yoy": -0.3010664479081214,
      "rev_growth_yoy_accel": -0.15389663658736671,
      "fcf_margin_change": -0.2074639577880261
    },
    {
      "date": "2022-12-31T00:00:00",
      "quarter_label": "2022-12 (Q4)",
      "revenue": 705000000,
      "gross_profit": 128000000,
      "operating_income": 59000000,
      "net_income": -8000000,
      "opex": 69000000,
      "cogs": 577000000,
      "rd": null,
      "sga": 68000000,
      "fcf": -91000000,
      "ocf": 41000000,
      "capex": -132000000,
      "gross_margin": 0.18156028368794327,
      "op_margin": 0.08368794326241134,
      "fcf_margin": -0.12907801418439716,
      "incr_op_margin_yoy": 0.6759581881533101,
      "rev_growth_yoy": -0.28931451612903225,
      "rev_growth_yoy_accel": 0.011751931779089175,
      "fcf_margin_change": -0.2570122864848666
    },
    {
      "date": "2023-03-31T00:00:00",
      "quarter_label": "2023-03 (Q1)",
      "revenue": 584000000,
      "gross_profit": 101000000,
      "operating_income": 30000000,
      "net_income": 21000000,
      "opex": 71000000,
      "cogs": 483000000,
      "rd": null,
      "sga": 66000000,
      "fcf": -233000000,
      "ocf": -119000000,
      "capex": -114000000,
      "gross_margin": 0.17294520547945205,
      "op_margin": 0.05136986301369863,
      "fcf_margin": -0.398972602739726,
      "incr_op_margin_yoy": 0.8007968127490039,
      "rev_growth_yoy": -0.5632011967090501,
      "rev_growth_yoy_accel": -0.27388668058001786,
      "fcf_margin_change": -0.2698945885553289
    },
    {
      "date": "2023-06-30T00:00:00",
      "quarter_label": "2023-06 (Q2)",
      "revenue": 611000000,
      "gross_profit": 119000000,
      "operating_income": 8000000,
      "net_income": -20000000,
      "opex": 111000000,
      "cogs": 492000000,
      "rd": null,
      "sga": 66000000,
      "fcf": 15000000,
      "ocf": 89000000,
      "capex": -74000000,
      "gross_margin": 0.19476268412438624,
      "op_margin": 0.01309328968903437,
      "fcf_margin": 0.024549918166939442,
      "incr_op_margin_yoy": 0.8747591522157996,
      "rev_growth_yoy": -0.4592920353982301,
      "rev_growth_yoy_accel": 0.10390916131082001,
      "op_leverage_ratio": 0.08206335616438355,
      "fcf_margin_change": 0.4235225209066655
    },
    {
      "date": "2023-09-30T00:00:00",
      "quarter_label": "2023-09 (Q3)",
      "revenue": 728000000,
      "gross_profit": 214000000,
      "operating_income": 161000000,
      "net_income": 118000000,
      "opex": 53000000,
      "cogs": 514000000,
      "rd": null,
      "sga": 58000000,
      "fcf": 139000000,
      "ocf": 187000000,
      "capex": -48000000,
      "gross_margin": 0.29395604395604397,
      "op_margin": 0.22115384615384615,
      "fcf_margin": 0.19093406593406592,
      "incr_op_margin_yoy": 0.08870967741935484,
      "rev_growth_yoy": -0.14553990610328638,
      "rev_growth_yoy_accel": 0.3137521292949437,
      "op_leverage_ratio": Infinity,
      "fcf_margin_change": 0.16638414776712648
    },
    {
      "date": "2023-12-31T00:00:00",
      "quarter_label": "2023-12 (Q4)",
      "revenue": 658000000,
      "gross_profit": 159000000,
      "operating_income": 89000000,
      "net_income": 59000000,
      "opex": 70000000,
      "cogs": 499000000,
      "rd": null,
      "sga": 66000000,
      "fcf": 95000000,
      "ocf": 159000000,
      "capex": -64000000,
      "gross_margin": 0.24164133738601823,
      "op_margin": 0.135258358662614,
      "fcf_margin": 0.14437689969604864,
      "incr_op_margin_yoy": -0.6382978723404256,
      "rev_growth_yoy": -0.06666666666666667,
      "rev_growth_yoy_accel": 0.07887323943661971,
      "fcf_margin_change": -0.046557166238017283
    },
    {
      "date": "2024-03-31T00:00:00",
      "quarter_label": "2024-03 (Q1)",
      "revenue": 724000000,
      "gross_profit": 214000000,
      "operating_income": 145000000,
      "net_income": 108000000,
      "opex": 69000000,
      "cogs": 511000000,
      "rd": null,
      "sga": 69000000,
      "fcf": 64000000,
      "ocf": 105000000,
      "capex": -41000000,
      "gross_margin": 0.2955801104972376,
      "op_margin": 0.20027624309392264,
      "fcf_margin": 0.08839779005524862,
      "incr_op_margin_yoy": 0.8214285714285714,
      "rev_growth_yoy": 0.23972602739726026,
      "rev_growth_yoy_accel": 0.30639269406392694,
      "op_leverage_ratio": Infinity,
      "fcf_margin_change": -0.05597910964080002
    },
    {
      "date": "2024-06-30T00:00:00",
      "quarter_label": "2024-06 (Q2)",
      "revenue": 814000000,
      "gross_profit": 263000000,
      "operating_income": 194000000,
      "net_income": 160000000,
      "opex": 69000000,
      "cogs": 551000000,
      "rd": null,
      "sga": 71000000,
      "fcf": 176000000,
      "ocf": 212000000,
      "capex": -36000000,
      "gross_margin": 0.3230958230958231,
      "op_margin": 0.23832923832923833,
      "fcf_margin": 0.21621621621621623,
      "incr_op_margin_yoy": 0.916256157635468,
      "rev_growth_yoy": 0.3322422258592471,
      "rev_growth_yoy_accel": 0.09251619846198686,
      "op_leverage_ratio": Infinity,
      "fcf_margin_change": 0.1278184261609676
    },
    {
      "date": "2024-09-30T00:00:00",
      "quarter_label": "2024-09 (Q3)",
      "revenue": 722000000,
      "gross_profit": 193000000,
      "operating_income": 116000000,
      "net_income": 90000000,
      "opex": 77000000,
      "cogs": 530000000,
      "rd": null,
      "sga": 75000000,
      "fcf": 139000000,
      "ocf": 183000000,
      "capex": -44000000,
      "gross_margin": 0.2673130193905817,
      "op_margin": 0.16066481994459833,
      "fcf_margin": 0.1925207756232687,
      "incr_op_margin_yoy": 7.5,
      "rev_growth_yoy": -0.008241758241758242,
      "rev_growth_yoy_accel": -0.3404839841010054,
      "fcf_margin_change": -0.023695440592947536
    },
    {
      "date": "2024-12-31T00:00:00",
      "quarter_label": "2024-12 (Q4)",
      "revenue": 680000000,
      "gross_profit": 163000000,
      "operating_income": 75000000,
      "net_income": 62000000,
      "opex": 88000000,
      "cogs": 519000000,
      "rd": null,
      "sga": 76000000,
      "fcf": 43000000,
      "ocf": 105000000,
      "capex": -62000000,
      "gross_margin": 0.23970588235294119,
      "op_margin": 0.11029411764705882,
      "fcf_margin": 0.06323529411764706,
      "incr_op_margin_yoy": -0.6363636363636364,
      "rev_growth_yoy": 0.03343465045592705,
      "rev_growth_yoy_accel": 0.04167640869768529,
      "fcf_margin_change": -0.12928548150562164
    },
    {
      "date": "2025-03-31T00:00:00",
      "quarter_label": "2025-03 (Q1)",
      "revenue": 724000000,
      "gross_profit": 197000000,
      "operating_income": 120000000,
      "net_income": 91000000,
      "opex": 77000000,
      "cogs": 526000000,
      "rd": null,
      "sga": 75000000,
      "fcf": 0,
      "ocf": 64000000,
      "capex": -64000000,
      "gross_margin": 0.27209944751381215,
      "op_margin": 0.16574585635359115,
      "fcf_margin": 0.0,
      "rev_growth_yoy": 0.0,
      "rev_growth_yoy_accel": -0.03343465045592705,
      "op_leverage_ratio": Infinity,
      "fcf_margin_change": -0.06323529411764706
    },
    {
      "date": "2025-06-30T00:00:00",
      "quarter_label": "2025-06 (Q2)",
      "revenue": 755000000,
      "gross_profit": 178000000,
      "operating_income": 80000000,
      "net_income": 54000000,
      "opex": 98000000,
      "cogs": 577000000,
      "rd": null,
      "sga": 79000000,
      "fcf": 94000000,
      "ocf": 162000000,
      "capex": -68000000,
      "gross_margin": 0.23576158940397351,
      "op_margin": 0.10596026490066225,
      "fcf_margin": 0.12450331125827814,
      "incr_op_margin_yoy": 1.9322033898305084,
      "rev_growth_yoy": -0.07248157248157248,
      "rev_growth_yoy_accel": -0.07248157248157248,
      "op_leverage_ratio": 0.15699815837937386,
      "fcf_margin_change": 0.12450331125827814
    },
    {
      "date": "2025-09-30T00:00:00",
      "quarter_label": "2025-09 (Q3)",
      "revenue": 663000000,
      "gross_profit": 129000000,
      "operating_income": 18000000,
      "net_income": 9000000,
      "opex": 111000000,
      "cogs": 534000000,
      "rd": null,
      "sga": 95000000,
      "fcf": 5000000,
      "ocf": 89000000,
      "capex": -84000000,
      "gross_margin": 0.19457013574660634,
      "op_margin": 0.027149321266968326,
      "fcf_margin": 0.007541478129713424,
      "incr_op_margin_yoy": 1.6610169491525424,
      "rev_growth_yoy": -0.0817174515235457,
      "rev_growth_yoy_accel": -0.009235879041973219,
      "fcf_margin_change": -0.11696183312856472
    }
  ],
  "signals": [
    {
      "quarter": "2025-09 (Q3)",
      "signal": "INCREMENTAL MARGIN (YoY)",
      "detail": "YoY Incr OPM: +166.1% vs year-ago OPM: +16.1%",
      "severity": "HIGH"
    },
    {
      "quarter": "2025-06 (Q2)",
      "signal": "FCF MARGIN EXPANSION",
      "detail": "FCF margin: +0.0% -> +12.5% (+12.5%)",
      "severity": "MEDIUM"
    },
    {
      "quarter": "2025-06 (Q2)",
      "signal": "YoY REVENUE GROWTH DECELERATION",
      "detail": "YoY growth: -7.2% vs prior quarter YoY: +0.0% (decel: -7.2%)",
      "severity": "WARNING"
    },
    {
      "quarter": "2025-06 (Q2)",
      "signal": "INCREMENTAL MARGIN (YoY)",
      "detail": "YoY Incr OPM: +193.2% vs year-ago OPM: +23.8%",
      "severity": "HIGH"
    },
    {
      "quarter": "2025-03 (Q1)",
      "signal": "GROSS MARGIN INFLECTION",
      "detail": "GM: +26.7% -> +24.0% -> +27.2% (reversal +3.2%)",
      "severity": "MEDIUM"
    },
    {
      "quarter": "2024-09 (Q3)",
      "signal": "YoY REVENUE GROWTH DECELERATION",
      "detail": "YoY growth: -0.8% vs prior quarter YoY: +33.2% (decel: -34.0%)",
      "severity": "WARNING"
    },
    {
      "quarter": "2024-09 (Q3)",
      "signal": "INCREMENTAL MARGIN (YoY)",
      "detail": "YoY Incr OPM: +750.0% vs year-ago OPM: +22.1%",
      "severity": "HIGH"
    },
    {
      "quarter": "2024-06 (Q2)",
      "signal": "FCF MARGIN EXPANSION",
      "detail": "FCF margin: +8.8% -> +21.6% (+12.8%)",
      "severity": "MEDIUM"
    },
    {
      "quarter": "2024-06 (Q2)",
      "signal": "YoY REVENUE GROWTH ACCELERATION",
      "detail": "YoY growth: +33.2% vs prior quarter YoY: +24.0% (accel: +9.3%)",
      "severity": "MEDIUM"
    },
    {
      "quarter": "2024-06 (Q2)",
      "signal": "INCREMENTAL MARGIN (YoY)",
      "detail": "YoY Incr OPM: +91.6% vs year-ago OPM: +1.3%",
      "severity": "HIGH"
    },
    {
      "quarter": "2024-03 (Q1)",
      "signal": "GROSS MARGIN INFLECTION",
      "detail": "GM: +29.4% -> +24.2% -> +29.6% (reversal +5.4%)",
      "severity": "HIGH"
    },
    {
      "quarter": "2024-03 (Q1)",
      "signal": "YoY REVENUE GROWTH ACCELERATION",
      "detail": "YoY growth: +24.0% vs prior quarter YoY: -6.7% (accel: +30.6%)",
      "severity": "HIGH"
    },
    {
      "quarter": "2024-03 (Q1)",
      "signal": "INCREMENTAL MARGIN (YoY)",
      "detail": "YoY Incr OPM: +82.1% vs year-ago OPM: +5.1%",
      "severity": "HIGH"
    },
    {
      "quarter": "2023-12 (Q4)",
      "signal": "YoY REVENUE GROWTH ACCELERATION",
      "detail": "YoY growth: -6.7% vs prior quarter YoY: -14.6% (accel: +7.9%)",
      "severity": "MEDIUM"
    },
    {
      "quarter": "2023-09 (Q3)",
      "signal": "FCF MARGIN EXPANSION",
      "detail": "FCF margin: +2.5% -> +19.1% (+16.6%)",
      "severity": "MEDIUM"
    },
    {
      "quarter": "2023-09 (Q3)",
      "signal": "YoY REVENUE GROWTH ACCELERATION",
      "detail": "YoY growth: -14.6% vs prior quarter YoY: -45.9% (accel: +31.4%)",
      "severity": "HIGH"
    },
    {
      "quarter": "2023-06 (Q2)",
      "signal": "FCF TURNED POSITIVE",
      "detail": "FCF margin: -39.9% -> +2.5%",
      "severity": "HIGH"
    },
    {
      "quarter": "2023-06 (Q2)",
      "signal": "GROSS MARGIN INFLECTION",
      "detail": "GM: +18.2% -> +17.3% -> +19.5% (reversal +2.2%)",
      "severity": "MEDIUM"
    },
    {
      "quarter": "2023-06 (Q2)",
      "signal": "YoY REVENUE GROWTH ACCELERATION",
      "detail": "YoY growth: -45.9% vs prior quarter YoY: -56.3% (accel: +10.4%)",
      "severity": "MEDIUM"
    },
    {
      "quarter": "2023-06 (Q2)",
      "signal": "INCREMENTAL MARGIN (YoY)",
      "detail": "YoY Incr OPM: +87.5% vs year-ago OPM: +40.9%",
      "severity": "HIGH"
    },
    {
      "quarter": "2023-03 (Q1)",
      "signal": "YoY REVENUE GROWTH DECELERATION",
      "detail": "YoY growth: -56.3% vs prior quarter YoY: -28.9% (decel: -27.4%)",
      "severity": "WARNING"
    },
    {
      "quarter": "2023-03 (Q1)",
      "signal": "INCREMENTAL MARGIN (YoY)",
      "detail": "YoY Incr OPM: +80.1% vs year-ago OPM: +47.3%",
      "severity": "HIGH"
    },
    {
      "quarter": "2022-12 (Q4)",
      "signal": "INCREMENTAL MARGIN (YoY)",
      "detail": "YoY Incr OPM: +67.6% vs year-ago OPM: +25.5%",
      "severity": "HIGH"
    },
    {
      "quarter": "2022-09 (Q3)",
      "signal": "YoY REVENUE GROWTH DECELERATION",
      "detail": "YoY growth: -30.1% vs prior quarter YoY: -14.7% (decel: -15.4%)",
      "severity": "WARNING"
    },
    {
      "quarter": "2022-09 (Q3)",
      "signal": "INCREMENTAL MARGIN (YoY)",
      "detail": "YoY Incr OPM: +86.1% vs year-ago OPM: +40.0%",
      "severity": "HIGH"
    },
    {
      "quarter": "2022-06 (Q2)",
      "signal": "FCF MARGIN EXPANSION",
      "detail": "FCF margin: +24.9% -> +33.5% (+8.6%)",
      "severity": "MEDIUM"
    },
    {
      "quarter": "2022-06 (Q2)",
      "signal": "YoY REVENUE GROWTH DECELERATION",
      "detail": "YoY growth: -14.7% vs prior quarter YoY: +31.5% (decel: -46.2%)",
      "severity": "WARNING"
    },
    {
      "quarter": "2022-06 (Q2)",
      "signal": "INCREMENTAL MARGIN (YoY)",
      "detail": "YoY Incr OPM: +97.9% vs year-ago OPM: +49.3%",
      "severity": "HIGH"
    },
    {
      "quarter": "2022-03 (Q1)",
      "signal": "FCF MARGIN EXPANSION",
      "detail": "FCF margin: +8.1% -> +24.9% (+16.8%)",
      "severity": "MEDIUM"
    },
    {
      "quarter": "2022-03 (Q1)",
      "signal": "GROSS MARGIN INFLECTION",
      "detail": "GM: +45.0% -> +33.9% -> +49.4% (reversal +15.6%)",
      "severity": "HIGH"
    },
    {
      "quarter": "2022-03 (Q1)",
      "signal": "YoY REVENUE GROWTH ACCELERATION",
      "detail": "YoY growth: +31.5% vs prior quarter YoY: +15.3% (accel: +16.1%)",
      "severity": "HIGH"
    },
    {
      "quarter": "2022-03 (Q1)",
      "signal": "INCREMENTAL MARGIN (YoY)",
      "detail": "YoY Incr OPM: +63.1% vs year-ago OPM: +42.4%",
      "severity": "HIGH"
    },
    {
      "quarter": "2021-06 (Q2)",
      "signal": "OPERATING LEVERAGE",
      "detail": "Rev growth +30.3% vs OpEx growth +12.5% (leverage: 2.4x)",
      "severity": "MEDIUM"
    }
  ],
  "data_quality": {
    "n_quarters": 20,
    "coverage": {
      "revenue": [
        20,
        20
      ],
      "gross_profit": [
        20,
        20
      ],
      "op_income": [
        20,
        20
      ],
      "fcf": [
        20,
        20
      ]
    },
    "gaps": [],
    "warnings": []
  },
  "market_cap": null,
  "source": "SEC EDGAR",
  "last_updated": "2026-02-02T20:55:36.889595",
  "sector": "Industrials",
  "industry": "Building Products & Equipment"
}