{
  "ticker": "LQDA",
  "name": "LIQUIDIA CORPORATION",
  "quarters": [
    {
      "date": "2020-12-31T00:00:00",
      "quarter_label": "2020-12 (Q4)",
      "revenue": 739628,
      "gross_profit": 501916,
      "operating_income": -15913561,
      "net_income": -16086509,
      "opex": 16653189,
      "cogs": 237712,
      "rd": 5248073,
      "sga": null,
      "fcf": -14127072,
      "ocf": -14088107,
      "capex": -38965,
      "gross_margin": 0.6786060019361084,
      "op_margin": -21.515628126571738,
      "fcf_margin": -19.100239579896922
    },
    {
      "date": "2021-03-31T00:00:00",
      "quarter_label": "2021-03 (Q1)",
      "revenue": 3083631,
      "gross_profit": 2389896,
      "operating_income": -9001083,
      "net_income": -9183153,
      "opex": 12084714,
      "cogs": 693735,
      "rd": 6053726,
      "sga": null,
      "fcf": -12438000,
      "ocf": -12386000,
      "capex": -52000,
      "gross_margin": 0.7750265839200605,
      "op_margin": -2.9189883614479166,
      "fcf_margin": -4.033556544216866,
      "op_leverage_ratio": Infinity,
      "fcf_margin_change": 15.066683035680056
    },
    {
      "date": "2021-06-30T00:00:00",
      "quarter_label": "2021-06 (Q2)",
      "revenue": 3376086,
      "gross_profit": 2662350,
      "operating_income": -6353858,
      "net_income": -6551486,
      "opex": 9729944,
      "cogs": 713736,
      "rd": 4595418,
      "sga": null,
      "fcf": -8294000,
      "ocf": -8259000,
      "capex": -35000,
      "gross_margin": 0.7885906934835191,
      "op_margin": -1.8820190007008115,
      "fcf_margin": -2.4566909729195285,
      "op_leverage_ratio": Infinity,
      "fcf_margin_change": 1.5768655712973376
    },
    {
      "date": "2021-09-30T00:00:00",
      "quarter_label": "2021-09 (Q3)",
      "revenue": 3178621,
      "gross_profit": 2289110,
      "operating_income": -7079657,
      "net_income": -7280892,
      "opex": 10258278,
      "cogs": 889511,
      "rd": 4487098,
      "sga": null,
      "fcf": -5831000,
      "ocf": -5831000,
      "capex": null,
      "gross_margin": 0.7201582069708845,
      "op_margin": -2.227273084774813,
      "fcf_margin": -1.8344433010415524,
      "fcf_margin_change": 0.6222476718779761
    },
    {
      "date": "2021-12-31T00:00:00",
      "quarter_label": "2021-12 (Q4)",
      "revenue": 3215007,
      "gross_profit": 2489079,
      "operating_income": -11362445,
      "net_income": -11563117,
      "opex": 14577452,
      "cogs": 725928,
      "rd": 5380747,
      "sga": null,
      "fcf": -7579000,
      "ocf": -7559000,
      "capex": -20000,
      "gross_margin": 0.7742064014168554,
      "op_margin": -3.5341898166940227,
      "fcf_margin": -2.357382114564603,
      "incr_op_margin_yoy": 1.8385532074078352,
      "rev_growth_yoy": 3.3467891967313297,
      "op_leverage_ratio": 0.027187503551053125,
      "fcf_margin_change": -0.5229388135230506
    },
    {
      "date": "2022-03-31T00:00:00",
      "quarter_label": "2022-03 (Q1)",
      "revenue": 3492000,
      "gross_profit": 2798000,
      "operating_income": -14472000,
      "net_income": -15943000,
      "opex": 17964000,
      "cogs": 694000,
      "rd": 4728000,
      "sga": null,
      "fcf": -9782000,
      "ocf": -9782000,
      "capex": null,
      "gross_margin": 0.8012600229095075,
      "op_margin": -4.144329896907217,
      "fcf_margin": -2.8012600229095073,
      "rev_growth_yoy": 0.13243121501891764,
      "rev_growth_yoy_accel": -3.214357981712412,
      "op_leverage_ratio": 0.3708610773848554,
      "fcf_margin_change": -0.44387790834490426
    },
    {
      "date": "2022-06-30T00:00:00",
      "quarter_label": "2022-06 (Q2)",
      "revenue": 3918000,
      "gross_profit": 3187000,
      "operating_income": -8970000,
      "net_income": -9447000,
      "opex": 12888000,
      "cogs": 731000,
      "rd": 5219000,
      "sga": null,
      "fcf": -8436000,
      "ocf": -8429000,
      "capex": -7000,
      "gross_margin": 0.8134252169474222,
      "op_margin": -2.2894333843797856,
      "fcf_margin": -2.1531393568147013,
      "rev_growth_yoy": 0.160515460802835,
      "rev_growth_yoy_accel": 0.028084245783917355,
      "op_leverage_ratio": Infinity,
      "fcf_margin_change": 0.648120666094806
    },
    {
      "date": "2022-09-30T00:00:00",
      "quarter_label": "2022-09 (Q3)",
      "revenue": 3165000,
      "gross_profit": 2425000,
      "operating_income": -8831000,
      "net_income": -9092000,
      "opex": 11996000,
      "cogs": 740000,
      "rd": 4512000,
      "sga": null,
      "fcf": -5868000,
      "ocf": -5774000,
      "capex": -94000,
      "gross_margin": 0.7661927330173776,
      "op_margin": -2.7902053712480255,
      "fcf_margin": -1.8540284360189574,
      "rev_growth_yoy": -0.004285191597236664,
      "rev_growth_yoy_accel": -0.16480065240007166,
      "fcf_margin_change": 0.29911092079574386
    },
    {
      "date": "2022-12-31T00:00:00",
      "quarter_label": "2022-12 (Q4)",
      "revenue": 5360000,
      "gross_profit": 4666000,
      "operating_income": -6497000,
      "net_income": -6533000,
      "opex": 11857000,
      "cogs": 694000,
      "rd": 4976000,
      "sga": null,
      "fcf": -5094000,
      "ocf": -4603000,
      "capex": -491000,
      "gross_margin": 0.8705223880597015,
      "op_margin": -1.2121268656716417,
      "fcf_margin": -0.9503731343283582,
      "incr_op_margin_yoy": 2.2682801295855044,
      "rev_growth_yoy": 0.6671814400404105,
      "rev_growth_yoy_accel": 0.6714666316376471,
      "op_leverage_ratio": Infinity,
      "fcf_margin_change": 0.9036553016905992
    },
    {
      "date": "2023-03-31T00:00:00",
      "quarter_label": "2023-03 (Q1)",
      "revenue": 4493000,
      "gross_profit": 3839000,
      "operating_income": -9232000,
      "net_income": -11745000,
      "opex": 13725000,
      "cogs": 654000,
      "rd": 5278000,
      "sga": null,
      "fcf": -8823000,
      "ocf": -8457000,
      "capex": -366000,
      "gross_margin": 0.854440240373915,
      "op_margin": -2.054751836189628,
      "fcf_margin": -1.9637213443133763,
      "incr_op_margin_yoy": 5.234765234765235,
      "rev_growth_yoy": 0.28665521191294385,
      "rev_growth_yoy_accel": -0.3805262281274666,
      "fcf_margin_change": -1.013348209985018
    },
    {
      "date": "2023-06-30T00:00:00",
      "quarter_label": "2023-06 (Q2)",
      "revenue": 4786000,
      "gross_profit": 4115000,
      "operating_income": -22825000,
      "net_income": -23517000,
      "opex": 27611000,
      "cogs": 671000,
      "rd": 17695000,
      "sga": null,
      "fcf": -5807000,
      "ocf": -5564000,
      "capex": -243000,
      "gross_margin": 0.8597994149603009,
      "op_margin": -4.769118261596323,
      "fcf_margin": -1.2133305474300042,
      "rev_growth_yoy": 0.22154160285860133,
      "rev_growth_yoy_accel": -0.06511360905434252,
      "op_leverage_ratio": 0.06445645167820546,
      "fcf_margin_change": 0.7503907968833721
    },
    {
      "date": "2023-09-30T00:00:00",
      "quarter_label": "2023-09 (Q3)",
      "revenue": 3678000,
      "gross_profit": 3108000,
      "operating_income": -14891000,
      "net_income": -15790000,
      "opex": 18569000,
      "cogs": 570000,
      "rd": 7440000,
      "sga": null,
      "fcf": -12036000,
      "ocf": -11561000,
      "capex": -475000,
      "gross_margin": 0.8450244698205547,
      "op_margin": -4.048667754214247,
      "fcf_margin": -3.272430668841762,
      "rev_growth_yoy": 0.16208530805687205,
      "rev_growth_yoy_accel": -0.05945629480172929,
      "fcf_margin_change": -2.059100121411758
    },
    {
      "date": "2023-12-31T00:00:00",
      "quarter_label": "2023-12 (Q4)",
      "revenue": 4531000,
      "gross_profit": 3538000,
      "operating_income": -26436000,
      "net_income": -27450000,
      "opex": 30967000,
      "cogs": 993000,
      "rd": 12829000,
      "sga": null,
      "fcf": -16188000,
      "ocf": -15982000,
      "capex": -206000,
      "gross_margin": 0.7808430809975723,
      "op_margin": -5.834473626131097,
      "fcf_margin": -3.572721253586405,
      "rev_growth_yoy": -0.1546641791044776,
      "rev_growth_yoy_accel": -0.31674948716134965,
      "op_leverage_ratio": 0.34735550849691504,
      "fcf_margin_change": -0.3002905847446429
    },
    {
      "date": "2024-03-31T00:00:00",
      "quarter_label": "2024-03 (Q1)",
      "revenue": 2972000,
      "gross_profit": 1505000,
      "operating_income": -28801000,
      "net_income": -40928000,
      "opex": 31773000,
      "cogs": 1467000,
      "rd": 10057000,
      "sga": null,
      "fcf": -25490000,
      "ocf": -24866000,
      "capex": -624000,
      "gross_margin": 0.506393001345895,
      "op_margin": -9.69078061911171,
      "fcf_margin": -8.57671601615074,
      "incr_op_margin_yoy": 12.865877712031558,
      "rev_growth_yoy": -0.3385265969285555,
      "rev_growth_yoy_accel": -0.18386241782407792,
      "fcf_margin_change": -5.003994762564336
    },
    {
      "date": "2024-06-30T00:00:00",
      "quarter_label": "2024-06 (Q2)",
      "revenue": 3659000,
      "gross_profit": 2166000,
      "operating_income": -27197000,
      "net_income": -27942000,
      "opex": 30856000,
      "cogs": 1493000,
      "rd": 9420000,
      "sga": 19943000,
      "fcf": -23951000,
      "ocf": -22661000,
      "capex": -1290000,
      "gross_margin": 0.5919650177644165,
      "op_margin": -7.432905165345723,
      "fcf_margin": -6.545777534845587,
      "incr_op_margin_yoy": 3.8793256433007985,
      "rev_growth_yoy": -0.23547847889678228,
      "rev_growth_yoy_accel": 0.10304811803177324,
      "op_leverage_ratio": Infinity,
      "fcf_margin_change": 2.030938481305154
    },
    {
      "date": "2024-09-30T00:00:00",
      "quarter_label": "2024-09 (Q3)",
      "revenue": 4448000,
      "gross_profit": 2883000,
      "operating_income": -29189000,
      "net_income": -23155000,
      "opex": 33637000,
      "cogs": 1565000,
      "rd": 11890000,
      "sga": 20182000,
      "fcf": -26829000,
      "ocf": -25082000,
      "capex": -1747000,
      "gross_margin": 0.6481564748201439,
      "op_margin": -6.562275179856115,
      "fcf_margin": -6.03169964028777,
      "rev_growth_yoy": 0.20935290918977706,
      "rev_growth_yoy_accel": 0.4448313880865593,
      "op_leverage_ratio": 2.392507074957848,
      "fcf_margin_change": 0.5140778945578166
    },
    {
      "date": "2024-12-31T00:00:00",
      "quarter_label": "2024-12 (Q4)",
      "revenue": 2917000,
      "gross_profit": 1563000,
      "operating_income": -36107000,
      "net_income": -38510000,
      "opex": 39024000,
      "cogs": 1354000,
      "rd": 16475000,
      "sga": null,
      "fcf": -22101000,
      "ocf": -20813000,
      "capex": -1288000,
      "gross_margin": 0.5358244772026054,
      "op_margin": -12.378128213918409,
      "fcf_margin": -7.5766198148783,
      "incr_op_margin_yoy": 5.991945477075588,
      "rev_growth_yoy": -0.3562127565658795,
      "rev_growth_yoy_accel": -0.5655656657556565,
      "fcf_margin_change": -1.5449201745905299
    },
    {
      "date": "2025-03-31T00:00:00",
      "quarter_label": "2025-03 (Q1)",
      "revenue": 3120000,
      "gross_profit": 1603000,
      "operating_income": -35425000,
      "net_income": -38367000,
      "opex": 38545000,
      "cogs": 1517000,
      "rd": 6966000,
      "sga": null,
      "fcf": -31009000,
      "ocf": -30679000,
      "capex": -330000,
      "gross_margin": 0.5137820512820512,
      "op_margin": -11.354166666666666,
      "fcf_margin": -9.938782051282052,
      "rev_growth_yoy": 0.04979811574697174,
      "rev_growth_yoy_accel": 0.4060108723128512,
      "op_leverage_ratio": Infinity,
      "fcf_margin_change": -2.3621622364037522
    },
    {
      "date": "2025-06-30T00:00:00",
      "quarter_label": "2025-06 (Q2)",
      "revenue": 8837000,
      "gross_profit": null,
      "operating_income": -37505000,
      "net_income": -41579000,
      "opex": 46342000,
      "cogs": null,
      "rd": 6021000,
      "sga": 38824000,
      "fcf": -40538000,
      "ocf": -39481000,
      "capex": -1057000,
      "gross_margin": null,
      "op_margin": -4.244087359963789,
      "fcf_margin": -4.5873033835011885,
      "incr_op_margin_yoy": -1.9907300115874855,
      "rev_growth_yoy": 1.4151407488384804,
      "rev_growth_yoy_accel": 1.3653426330915086,
      "op_leverage_ratio": 9.058454640673762,
      "fcf_margin_change": 5.351478667780864
    },
    {
      "date": "2025-09-30T00:00:00",
      "quarter_label": "2025-09 (Q3)",
      "revenue": 54342000,
      "gross_profit": null,
      "operating_income": 1767000,
      "net_income": -3533000,
      "opex": 52575000,
      "cogs": null,
      "rd": 9346000,
      "sga": 40056000,
      "fcf": -10681000,
      "ocf": -9770000,
      "capex": -911000,
      "gross_margin": null,
      "op_margin": 0.03251628574583195,
      "fcf_margin": -0.19655147031761805,
      "incr_op_margin_yoy": 0.6204353228845152,
      "rev_growth_yoy": 11.217176258992806,
      "rev_growth_yoy_accel": 9.802035510154326,
      "op_leverage_ratio": 38.28528723169456,
      "fcf_margin_change": 4.39075191318357
    }
  ],
  "signals": [
    {
      "quarter": "2025-09 (Q3)",
      "signal": "FCF MARGIN EXPANSION",
      "detail": "FCF margin: -458.7% -> -19.7% (+439.1%)",
      "severity": "MEDIUM"
    },
    {
      "quarter": "2025-09 (Q3)",
      "signal": "OPERATING LEVERAGE",
      "detail": "Rev growth +514.9% vs OpEx growth +13.5% (leverage: 38.3x)",
      "severity": "MEDIUM"
    },
    {
      "quarter": "2025-09 (Q3)",
      "signal": "YoY REVENUE GROWTH ACCELERATION",
      "detail": "YoY growth: +1121.7% vs prior quarter YoY: +141.5% (accel: +980.2%)",
      "severity": "HIGH"
    },
    {
      "quarter": "2025-09 (Q3)",
      "signal": "OP MARGIN TURNED POSITIVE (YoY)",
      "detail": "Op margin: -656.2% (year-ago) -> +3.3%",
      "severity": "HIGH"
    },
    {
      "quarter": "2025-09 (Q3)",
      "signal": "OP MARGIN TURNED POSITIVE (QoQ)",
      "detail": "Op margin: -424.4% -> +3.3%",
      "severity": "HIGH"
    },
    {
      "quarter": "2025-06 (Q2)",
      "signal": "FCF MARGIN EXPANSION",
      "detail": "FCF margin: -993.9% -> -458.7% (+535.1%)",
      "severity": "MEDIUM"
    },
    {
      "quarter": "2025-06 (Q2)",
      "signal": "OPERATING LEVERAGE",
      "detail": "Rev growth +183.2% vs OpEx growth +20.2% (leverage: 9.1x)",
      "severity": "MEDIUM"
    },
    {
      "quarter": "2025-06 (Q2)",
      "signal": "YoY REVENUE GROWTH ACCELERATION",
      "detail": "YoY growth: +141.5% vs prior quarter YoY: +5.0% (accel: +136.5%)",
      "severity": "HIGH"
    },
    {
      "quarter": "2025-03 (Q1)",
      "signal": "YoY REVENUE GROWTH ACCELERATION",
      "detail": "YoY growth: +5.0% vs prior quarter YoY: -35.6% (accel: +40.6%)",
      "severity": "HIGH"
    },
    {
      "quarter": "2024-12 (Q4)",
      "signal": "YoY REVENUE GROWTH DECELERATION",
      "detail": "YoY growth: -35.6% vs prior quarter YoY: +20.9% (decel: -56.6%)",
      "severity": "WARNING"
    },
    {
      "quarter": "2024-09 (Q3)",
      "signal": "FCF MARGIN EXPANSION",
      "detail": "FCF margin: -654.6% -> -603.2% (+51.4%)",
      "severity": "MEDIUM"
    },
    {
      "quarter": "2024-09 (Q3)",
      "signal": "OPERATING LEVERAGE",
      "detail": "Rev growth +21.6% vs OpEx growth +9.0% (leverage: 2.4x)",
      "severity": "MEDIUM"
    },
    {
      "quarter": "2024-09 (Q3)",
      "signal": "YoY REVENUE GROWTH ACCELERATION",
      "detail": "YoY growth: +20.9% vs prior quarter YoY: -23.5% (accel: +44.5%)",
      "severity": "HIGH"
    },
    {
      "quarter": "2024-06 (Q2)",
      "signal": "FCF MARGIN EXPANSION",
      "detail": "FCF margin: -857.7% -> -654.6% (+203.1%)",
      "severity": "MEDIUM"
    },
    {
      "quarter": "2024-06 (Q2)",
      "signal": "GROSS MARGIN INFLECTION",
      "detail": "GM: +78.1% -> +50.6% -> +59.2% (reversal +8.6%)",
      "severity": "HIGH"
    },
    {
      "quarter": "2024-06 (Q2)",
      "signal": "YoY REVENUE GROWTH ACCELERATION",
      "detail": "YoY growth: -23.5% vs prior quarter YoY: -33.9% (accel: +10.3%)",
      "severity": "MEDIUM"
    },
    {
      "quarter": "2024-03 (Q1)",
      "signal": "YoY REVENUE GROWTH DECELERATION",
      "detail": "YoY growth: -33.9% vs prior quarter YoY: -15.5% (decel: -18.4%)",
      "severity": "WARNING"
    },
    {
      "quarter": "2023-12 (Q4)",
      "signal": "YoY REVENUE GROWTH DECELERATION",
      "detail": "YoY growth: -15.5% vs prior quarter YoY: +16.2% (decel: -31.7%)",
      "severity": "WARNING"
    },
    {
      "quarter": "2023-09 (Q3)",
      "signal": "YoY REVENUE GROWTH DECELERATION",
      "detail": "YoY growth: +16.2% vs prior quarter YoY: +22.2% (decel: -5.9%)",
      "severity": "WARNING"
    },
    {
      "quarter": "2023-06 (Q2)",
      "signal": "FCF MARGIN EXPANSION",
      "detail": "FCF margin: -196.4% -> -121.3% (+75.0%)",
      "severity": "MEDIUM"
    },
    {
      "quarter": "2023-06 (Q2)",
      "signal": "YoY REVENUE GROWTH DECELERATION",
      "detail": "YoY growth: +22.2% vs prior quarter YoY: +28.7% (decel: -6.5%)",
      "severity": "WARNING"
    },
    {
      "quarter": "2023-03 (Q1)",
      "signal": "YoY REVENUE GROWTH DECELERATION",
      "detail": "YoY growth: +28.7% vs prior quarter YoY: +66.7% (decel: -38.1%)",
      "severity": "WARNING"
    },
    {
      "quarter": "2022-12 (Q4)",
      "signal": "FCF MARGIN EXPANSION",
      "detail": "FCF margin: -185.4% -> -95.0% (+90.4%)",
      "severity": "MEDIUM"
    },
    {
      "quarter": "2022-12 (Q4)",
      "signal": "GROSS MARGIN INFLECTION",
      "detail": "GM: +81.3% -> +76.6% -> +87.1% (reversal +10.4%)",
      "severity": "HIGH"
    },
    {
      "quarter": "2022-12 (Q4)",
      "signal": "YoY REVENUE GROWTH ACCELERATION",
      "detail": "YoY growth: +66.7% vs prior quarter YoY: -0.4% (accel: +67.1%)",
      "severity": "HIGH"
    },
    {
      "quarter": "2022-09 (Q3)",
      "signal": "FCF MARGIN EXPANSION",
      "detail": "FCF margin: -215.3% -> -185.4% (+29.9%)",
      "severity": "MEDIUM"
    },
    {
      "quarter": "2022-09 (Q3)",
      "signal": "YoY REVENUE GROWTH DECELERATION",
      "detail": "YoY growth: -0.4% vs prior quarter YoY: +16.1% (decel: -16.5%)",
      "severity": "WARNING"
    },
    {
      "quarter": "2022-06 (Q2)",
      "signal": "FCF MARGIN EXPANSION",
      "detail": "FCF margin: -280.1% -> -215.3% (+64.8%)",
      "severity": "MEDIUM"
    },
    {
      "quarter": "2022-03 (Q1)",
      "signal": "YoY REVENUE GROWTH DECELERATION",
      "detail": "YoY growth: +13.2% vs prior quarter YoY: +334.7% (decel: -321.4%)",
      "severity": "WARNING"
    },
    {
      "quarter": "2021-12 (Q4)",
      "signal": "GROSS MARGIN INFLECTION",
      "detail": "GM: +78.9% -> +72.0% -> +77.4% (reversal +5.4%)",
      "severity": "HIGH"
    },
    {
      "quarter": "2021-09 (Q3)",
      "signal": "FCF MARGIN EXPANSION",
      "detail": "FCF margin: -245.7% -> -183.4% (+62.2%)",
      "severity": "MEDIUM"
    },
    {
      "quarter": "2021-06 (Q2)",
      "signal": "FCF MARGIN EXPANSION",
      "detail": "FCF margin: -403.4% -> -245.7% (+157.7%)",
      "severity": "MEDIUM"
    },
    {
      "quarter": "2021-03 (Q1)",
      "signal": "FCF MARGIN EXPANSION",
      "detail": "FCF margin: -1910.0% -> -403.4% (+1506.7%)",
      "severity": "MEDIUM"
    }
  ],
  "data_quality": {
    "n_quarters": 20,
    "coverage": {
      "revenue": [
        20,
        20
      ],
      "gross_profit": [
        18,
        20
      ],
      "op_income": [
        20,
        20
      ],
      "fcf": [
        20,
        20
      ]
    },
    "gaps": [],
    "warnings": []
  },
  "market_cap": null,
  "source": "SEC EDGAR",
  "last_updated": "2026-02-02T21:15:44.091823"
}