{
  "ticker": "LQDT",
  "name": "LIQUIDITY SERVICES, INC",
  "quarters": [
    {
      "date": "2020-12-31T00:00:00",
      "quarter_label": "2020-12 (Q4)",
      "revenue": 55751000,
      "gross_profit": 33178000,
      "operating_income": 4626000,
      "net_income": 4514000,
      "opex": 28548000,
      "cogs": 22573000,
      "rd": null,
      "sga": null,
      "fcf": 4675000,
      "ocf": 6038000,
      "capex": -1363000,
      "gross_margin": 0.595110401607146,
      "op_margin": 0.08297609011497552,
      "fcf_margin": 0.08385499811662571
    },
    {
      "date": "2021-03-31T00:00:00",
      "quarter_label": "2021-03 (Q1)",
      "revenue": 61786000,
      "gross_profit": 35401000,
      "operating_income": 5638000,
      "net_income": 5260000,
      "opex": 29557000,
      "cogs": 26385000,
      "rd": null,
      "sga": null,
      "fcf": 24222000,
      "ocf": 25277000,
      "capex": -1055000,
      "gross_margin": 0.572961512316706,
      "op_margin": 0.09125044508464701,
      "fcf_margin": 0.3920305570841291,
      "op_leverage_ratio": 3.062732976350547,
      "fcf_margin_change": 0.30817555896750337
    },
    {
      "date": "2021-06-30T00:00:00",
      "quarter_label": "2021-06 (Q2)",
      "revenue": 69666000,
      "gross_profit": 41123000,
      "operating_income": 8594000,
      "net_income": 8419000,
      "opex": 31349000,
      "cogs": 28543000,
      "rd": null,
      "sga": null,
      "fcf": 21886000,
      "ocf": 22956000,
      "capex": -1070000,
      "gross_margin": 0.5902879453391898,
      "op_margin": 0.12336003215341773,
      "fcf_margin": 0.314156116326472,
      "op_leverage_ratio": 2.103577338948722,
      "fcf_margin_change": -0.07787444075765709
    },
    {
      "date": "2021-09-30T00:00:00",
      "quarter_label": "2021-09 (Q3)",
      "revenue": 70328000,
      "gross_profit": 40061000,
      "operating_income": 8310000,
      "net_income": 32756000,
      "opex": 33224000,
      "cogs": 30177000,
      "rd": null,
      "sga": null,
      "fcf": 9215000,
      "ocf": 11146000,
      "capex": -1931000,
      "gross_margin": 0.5696308724832215,
      "op_margin": 0.11816061881469685,
      "fcf_margin": 0.13102889318621316,
      "fcf_margin_change": -0.18312722314025884
    },
    {
      "date": "2021-12-31T00:00:00",
      "quarter_label": "2021-12 (Q4)",
      "revenue": 66707000,
      "gross_profit": 38945000,
      "operating_income": 4483000,
      "net_income": 3602000,
      "opex": 34494000,
      "cogs": 27762000,
      "rd": null,
      "sga": null,
      "fcf": -93000,
      "ocf": 1871000,
      "capex": -1964000,
      "gross_margin": 0.5838217878183699,
      "op_margin": 0.06720434137346905,
      "fcf_margin": -0.0013941565352961459,
      "incr_op_margin_yoy": -0.013052208835341365,
      "rev_growth_yoy": 0.19651665440978638,
      "fcf_margin_change": -0.1324230497215093
    },
    {
      "date": "2022-03-31T00:00:00",
      "quarter_label": "2022-03 (Q1)",
      "revenue": 68275000,
      "gross_profit": 39307000,
      "operating_income": 12983000,
      "net_income": 11970000,
      "opex": 34824000,
      "cogs": 28968000,
      "rd": null,
      "sga": null,
      "fcf": 11148000,
      "ocf": 12756000,
      "capex": -1608000,
      "gross_margin": 0.5757158549981691,
      "op_margin": 0.19015745148297328,
      "fcf_margin": 0.1632808495056756,
      "incr_op_margin_yoy": 1.1319155493912776,
      "rev_growth_yoy": 0.10502379179749458,
      "rev_growth_yoy_accel": -0.09149286261229181,
      "op_leverage_ratio": 2.4569949725870397,
      "fcf_margin_change": 0.16467500604097174
    },
    {
      "date": "2022-06-30T00:00:00",
      "quarter_label": "2022-06 (Q2)",
      "revenue": 69866000,
      "gross_profit": 40934000,
      "operating_income": 18695000,
      "net_income": 16408000,
      "opex": 33739000,
      "cogs": 28932000,
      "rd": null,
      "sga": null,
      "fcf": 13790000,
      "ocf": 16510000,
      "capex": -2720000,
      "gross_margin": 0.5858929951621675,
      "op_margin": 0.2675836601494289,
      "fcf_margin": 0.19737783757478602,
      "rev_growth_yoy": 0.002870840869290615,
      "rev_growth_yoy_accel": -0.10215295092820396,
      "op_leverage_ratio": Infinity,
      "fcf_margin_change": 0.034096988069110434
    },
    {
      "date": "2022-09-30T00:00:00",
      "quarter_label": "2022-09 (Q3)",
      "revenue": 75202000,
      "gross_profit": 41457000,
      "operating_income": 11245000,
      "net_income": 8345000,
      "opex": 10212000,
      "cogs": 33745000,
      "rd": null,
      "sga": null,
      "fcf": 11867000,
      "ocf": 13696000,
      "capex": -1829000,
      "gross_margin": 0.551275232041701,
      "op_margin": 0.14953059759048962,
      "fcf_margin": 0.15780165421132417,
      "incr_op_margin_yoy": 0.6021748050882232,
      "rev_growth_yoy": 0.06930383346604482,
      "rev_growth_yoy_accel": 0.06643299259675421,
      "op_leverage_ratio": Infinity,
      "fcf_margin_change": -0.03957618336346186
    },
    {
      "date": "2022-12-31T00:00:00",
      "quarter_label": "2022-12 (Q4)",
      "revenue": 72282000,
      "gross_profit": 40509000,
      "operating_income": 4727000,
      "net_income": 3967000,
      "opex": 35643000,
      "cogs": 31773000,
      "rd": null,
      "sga": null,
      "fcf": -11871000,
      "ocf": -10659000,
      "capex": -1212000,
      "gross_margin": 0.5604299825682743,
      "op_margin": 0.06539664093411915,
      "fcf_margin": -0.16423175894413547,
      "incr_op_margin_yoy": 0.043766816143497755,
      "rev_growth_yoy": 0.08357443746533347,
      "rev_growth_yoy_accel": 0.014270603999288645,
      "fcf_margin_change": -0.32203341315545964
    },
    {
      "date": "2023-03-31T00:00:00",
      "quarter_label": "2023-03 (Q1)",
      "revenue": 81453000,
      "gross_profit": 41087000,
      "operating_income": 5246000,
      "net_income": 4245000,
      "opex": 35852000,
      "cogs": 40366000,
      "rd": null,
      "sga": null,
      "fcf": 31495000,
      "ocf": 32994000,
      "capex": -1499000,
      "gross_margin": 0.5044258652228892,
      "op_margin": 0.06440523983155931,
      "fcf_margin": 0.3866647023436829,
      "incr_op_margin_yoy": -0.5871148884504477,
      "rev_growth_yoy": 0.1930135481508605,
      "rev_growth_yoy_accel": 0.10943911068552703,
      "op_leverage_ratio": 21.63786950075522,
      "fcf_margin_change": 0.5508964612878183
    },
    {
      "date": "2023-06-30T00:00:00",
      "quarter_label": "2023-06 (Q2)",
      "revenue": 80770000,
      "gross_profit": 45568000,
      "operating_income": 8255000,
      "net_income": 6487000,
      "opex": 37315000,
      "cogs": 35201000,
      "rd": null,
      "sga": null,
      "fcf": 8827000,
      "ocf": 10021000,
      "capex": -1194000,
      "gross_margin": 0.5641698650489043,
      "op_margin": 0.10220378853534728,
      "fcf_margin": 0.10928562585118237,
      "incr_op_margin_yoy": -0.9574468085106383,
      "rev_growth_yoy": 0.15607019150946097,
      "rev_growth_yoy_accel": -0.03694335664139953,
      "fcf_margin_change": -0.2773790764925005
    },
    {
      "date": "2023-09-30T00:00:00",
      "quarter_label": "2023-09 (Q3)",
      "revenue": 79957000,
      "gross_profit": 44975000,
      "operating_income": 7879000,
      "net_income": 6280000,
      "opex": 37039000,
      "cogs": 34982000,
      "rd": null,
      "sga": null,
      "fcf": 13179000,
      "ocf": 14660000,
      "capex": -1481000,
      "gross_margin": 0.5624898382880799,
      "op_margin": 0.09854046550020636,
      "fcf_margin": 0.16482609402553872,
      "incr_op_margin_yoy": -0.7078864353312303,
      "rev_growth_yoy": 0.06322970133773038,
      "rev_growth_yoy_accel": -0.09284049017173059,
      "fcf_margin_change": 0.055540468174356344
    },
    {
      "date": "2023-12-31T00:00:00",
      "quarter_label": "2023-12 (Q4)",
      "revenue": 71325000,
      "gross_profit": 39798000,
      "operating_income": 1647000,
      "net_income": 1907000,
      "opex": 37707000,
      "cogs": 31526000,
      "rd": null,
      "sga": null,
      "fcf": -10604000,
      "ocf": -8873000,
      "capex": -1731000,
      "gross_margin": 0.557981072555205,
      "op_margin": 0.02309148264984227,
      "fcf_margin": -0.14867157378198387,
      "rev_growth_yoy": -0.013239810741263385,
      "rev_growth_yoy_accel": -0.07646951207899377,
      "fcf_margin_change": -0.3134976678075226
    },
    {
      "date": "2024-03-31T00:00:00",
      "quarter_label": "2024-03 (Q1)",
      "revenue": 91453000,
      "gross_profit": 47232000,
      "operating_income": 6595000,
      "net_income": 5709000,
      "opex": 40575000,
      "cogs": 44222000,
      "rd": null,
      "sga": null,
      "fcf": 32469000,
      "ocf": 34846000,
      "capex": -2377000,
      "gross_margin": 0.516462007807289,
      "op_margin": 0.07211354466228555,
      "fcf_margin": 0.3550348266322592,
      "incr_op_margin_yoy": 0.1349,
      "rev_growth_yoy": 0.12277018648791327,
      "rev_growth_yoy_accel": 0.13600999722917664,
      "op_leverage_ratio": 3.710237216348643,
      "fcf_margin_change": 0.5037064004142431
    },
    {
      "date": "2024-06-30T00:00:00",
      "quarter_label": "2024-06 (Q2)",
      "revenue": 93613000,
      "gross_profit": 49401000,
      "operating_income": 7895000,
      "net_income": 6000000,
      "opex": 40933000,
      "cogs": 44212000,
      "rd": null,
      "sga": null,
      "fcf": 20285000,
      "ocf": 22242000,
      "capex": -1957000,
      "gross_margin": 0.5277151677651608,
      "op_margin": 0.0843365771847927,
      "fcf_margin": 0.21668998963819128,
      "incr_op_margin_yoy": -0.02803083391730904,
      "rev_growth_yoy": 0.15900705707564688,
      "rev_growth_yoy_accel": 0.036236870587733616,
      "op_leverage_ratio": 2.6768947532166445,
      "fcf_margin_change": -0.13834483699406794
    },
    {
      "date": "2024-09-30T00:00:00",
      "quarter_label": "2024-09 (Q3)",
      "revenue": 106927000,
      "gross_profit": 48735000,
      "operating_income": 7266000,
      "net_income": 6375000,
      "opex": 41077000,
      "cogs": 58192000,
      "rd": null,
      "sga": null,
      "fcf": 19164000,
      "ocf": 22006000,
      "capex": -2842000,
      "gross_margin": 0.45577824122999805,
      "op_margin": 0.06795290244746416,
      "fcf_margin": 0.17922507879207308,
      "incr_op_margin_yoy": -0.022728958101594365,
      "rev_growth_yoy": 0.3373063021373989,
      "rev_growth_yoy_accel": 0.178299245061752,
      "op_leverage_ratio": 40.42811317160366,
      "fcf_margin_change": -0.03746491084611819
    },
    {
      "date": "2024-12-31T00:00:00",
      "quarter_label": "2024-12 (Q4)",
      "revenue": 122331000,
      "gross_profit": 50167000,
      "operating_income": 7087000,
      "net_income": 5810000,
      "opex": 42964000,
      "cogs": 72164000,
      "rd": null,
      "sga": null,
      "fcf": -13958000,
      "ocf": -12140000,
      "capex": -1818000,
      "gross_margin": 0.4100922905886488,
      "op_margin": 0.05793298509780841,
      "fcf_margin": -0.11410026894245939,
      "incr_op_margin_yoy": 0.10665411912324041,
      "rev_growth_yoy": 0.7151209253417455,
      "rev_growth_yoy_accel": 0.37781462320434667,
      "op_leverage_ratio": 3.135977554463173,
      "fcf_margin_change": -0.29332534773453245
    },
    {
      "date": "2025-03-31T00:00:00",
      "quarter_label": "2025-03 (Q1)",
      "revenue": 116375000,
      "gross_profit": 47429000,
      "operating_income": 6803000,
      "net_income": 7051000,
      "opex": 40369000,
      "cogs": 68946000,
      "rd": null,
      "sga": null,
      "fcf": 19779000,
      "ocf": 21644000,
      "capex": -1865000,
      "gross_margin": 0.40755316863587543,
      "op_margin": 0.05845757250268528,
      "fcf_margin": 0.16995918367346938,
      "incr_op_margin_yoy": 0.008346039643688307,
      "rev_growth_yoy": 0.2725115633166763,
      "rev_growth_yoy_accel": -0.44260936202506923,
      "fcf_margin_change": 0.2840594526159288
    },
    {
      "date": "2025-06-30T00:00:00",
      "quarter_label": "2025-06 (Q2)",
      "revenue": 119875000,
      "gross_profit": 54764000,
      "operating_income": 10218000,
      "net_income": 7410000,
      "opex": 43846000,
      "cogs": 65110000,
      "rd": null,
      "sga": null,
      "fcf": 17163000,
      "ocf": 19264000,
      "capex": -2101000,
      "gross_margin": 0.4568425443169969,
      "op_margin": 0.08523879040667362,
      "fcf_margin": 0.14317413972888426,
      "incr_op_margin_yoy": 0.08845480161450003,
      "rev_growth_yoy": 0.28053795947144095,
      "rev_growth_yoy_accel": 0.008026396154764637,
      "op_leverage_ratio": 0.3491818415754658,
      "fcf_margin_change": -0.026785043944585113
    },
    {
      "date": "2025-09-30T00:00:00",
      "quarter_label": "2025-09 (Q3)",
      "revenue": 118088000,
      "gross_profit": 56455000,
      "operating_income": 10958000,
      "net_income": 7822000,
      "opex": 45509000,
      "cogs": 61634000,
      "rd": null,
      "sga": null,
      "fcf": 35974000,
      "ocf": 37990000,
      "capex": -2016000,
      "gross_margin": 0.47807567237992005,
      "op_margin": 0.09279520357699343,
      "fcf_margin": 0.3046372197005623,
      "incr_op_margin_yoy": 0.3307947316548696,
      "rev_growth_yoy": 0.10437962348144061,
      "rev_growth_yoy_accel": -0.17615833599000033,
      "fcf_margin_change": 0.16146307997167803
    }
  ],
  "signals": [
    {
      "quarter": "2025-09 (Q3)",
      "signal": "FCF MARGIN EXPANSION",
      "detail": "FCF margin: +14.3% -> +30.5% (+16.1%)",
      "severity": "MEDIUM"
    },
    {
      "quarter": "2025-09 (Q3)",
      "signal": "YoY REVENUE GROWTH DECELERATION",
      "detail": "YoY growth: +10.4% vs prior quarter YoY: +28.1% (decel: -17.6%)",
      "severity": "WARNING"
    },
    {
      "quarter": "2025-09 (Q3)",
      "signal": "INCREMENTAL MARGIN (YoY)",
      "detail": "YoY Incr OPM: +33.1% vs year-ago OPM: +6.8%",
      "severity": "HIGH"
    },
    {
      "quarter": "2025-06 (Q2)",
      "signal": "GROSS MARGIN INFLECTION",
      "detail": "GM: +41.0% -> +40.8% -> +45.7% (reversal +4.9%)",
      "severity": "MEDIUM"
    },
    {
      "quarter": "2025-03 (Q1)",
      "signal": "FCF TURNED POSITIVE",
      "detail": "FCF margin: -11.4% -> +17.0%",
      "severity": "HIGH"
    },
    {
      "quarter": "2025-03 (Q1)",
      "signal": "YoY REVENUE GROWTH DECELERATION",
      "detail": "YoY growth: +27.3% vs prior quarter YoY: +71.5% (decel: -44.3%)",
      "severity": "WARNING"
    },
    {
      "quarter": "2024-12 (Q4)",
      "signal": "OPERATING LEVERAGE",
      "detail": "Rev growth +14.4% vs OpEx growth +4.6% (leverage: 3.1x)",
      "severity": "MEDIUM"
    },
    {
      "quarter": "2024-12 (Q4)",
      "signal": "YoY REVENUE GROWTH ACCELERATION",
      "detail": "YoY growth: +71.5% vs prior quarter YoY: +33.7% (accel: +37.8%)",
      "severity": "HIGH"
    },
    {
      "quarter": "2024-09 (Q3)",
      "signal": "OPERATING LEVERAGE",
      "detail": "Rev growth +14.2% vs OpEx growth +0.4% (leverage: 40.4x)",
      "severity": "MEDIUM"
    },
    {
      "quarter": "2024-09 (Q3)",
      "signal": "YoY REVENUE GROWTH ACCELERATION",
      "detail": "YoY growth: +33.7% vs prior quarter YoY: +15.9% (accel: +17.8%)",
      "severity": "HIGH"
    },
    {
      "quarter": "2024-06 (Q2)",
      "signal": "OPERATING LEVERAGE",
      "detail": "Rev growth +2.4% vs OpEx growth +0.9% (leverage: 2.7x)",
      "severity": "MEDIUM"
    },
    {
      "quarter": "2024-03 (Q1)",
      "signal": "FCF TURNED POSITIVE",
      "detail": "FCF margin: -14.9% -> +35.5%",
      "severity": "HIGH"
    },
    {
      "quarter": "2024-03 (Q1)",
      "signal": "OPERATING LEVERAGE",
      "detail": "Rev growth +28.2% vs OpEx growth +7.6% (leverage: 3.7x)",
      "severity": "MEDIUM"
    },
    {
      "quarter": "2024-03 (Q1)",
      "signal": "YoY REVENUE GROWTH ACCELERATION",
      "detail": "YoY growth: +12.3% vs prior quarter YoY: -1.3% (accel: +13.6%)",
      "severity": "MEDIUM"
    },
    {
      "quarter": "2023-12 (Q4)",
      "signal": "YoY REVENUE GROWTH DECELERATION",
      "detail": "YoY growth: -1.3% vs prior quarter YoY: +6.3% (decel: -7.6%)",
      "severity": "WARNING"
    },
    {
      "quarter": "2023-09 (Q3)",
      "signal": "FCF MARGIN EXPANSION",
      "detail": "FCF margin: +10.9% -> +16.5% (+5.6%)",
      "severity": "MEDIUM"
    },
    {
      "quarter": "2023-09 (Q3)",
      "signal": "YoY REVENUE GROWTH DECELERATION",
      "detail": "YoY growth: +6.3% vs prior quarter YoY: +15.6% (decel: -9.3%)",
      "severity": "WARNING"
    },
    {
      "quarter": "2023-06 (Q2)",
      "signal": "GROSS MARGIN INFLECTION",
      "detail": "GM: +56.0% -> +50.4% -> +56.4% (reversal +6.0%)",
      "severity": "HIGH"
    },
    {
      "quarter": "2023-03 (Q1)",
      "signal": "FCF TURNED POSITIVE",
      "detail": "FCF margin: -16.4% -> +38.7%",
      "severity": "HIGH"
    },
    {
      "quarter": "2023-03 (Q1)",
      "signal": "OPERATING LEVERAGE",
      "detail": "Rev growth +12.7% vs OpEx growth +0.6% (leverage: 21.6x)",
      "severity": "MEDIUM"
    },
    {
      "quarter": "2023-03 (Q1)",
      "signal": "YoY REVENUE GROWTH ACCELERATION",
      "detail": "YoY growth: +19.3% vs prior quarter YoY: +8.4% (accel: +10.9%)",
      "severity": "MEDIUM"
    },
    {
      "quarter": "2022-09 (Q3)",
      "signal": "YoY REVENUE GROWTH ACCELERATION",
      "detail": "YoY growth: +6.9% vs prior quarter YoY: +0.3% (accel: +6.6%)",
      "severity": "MEDIUM"
    },
    {
      "quarter": "2022-09 (Q3)",
      "signal": "INCREMENTAL MARGIN (YoY)",
      "detail": "YoY Incr OPM: +60.2% vs year-ago OPM: +11.8%",
      "severity": "HIGH"
    },
    {
      "quarter": "2022-06 (Q2)",
      "signal": "YoY REVENUE GROWTH DECELERATION",
      "detail": "YoY growth: +0.3% vs prior quarter YoY: +10.5% (decel: -10.2%)",
      "severity": "WARNING"
    },
    {
      "quarter": "2022-03 (Q1)",
      "signal": "FCF TURNED POSITIVE",
      "detail": "FCF margin: -0.1% -> +16.3%",
      "severity": "HIGH"
    },
    {
      "quarter": "2022-03 (Q1)",
      "signal": "OPERATING LEVERAGE",
      "detail": "Rev growth +2.4% vs OpEx growth +1.0% (leverage: 2.5x)",
      "severity": "MEDIUM"
    },
    {
      "quarter": "2022-03 (Q1)",
      "signal": "YoY REVENUE GROWTH DECELERATION",
      "detail": "YoY growth: +10.5% vs prior quarter YoY: +19.7% (decel: -9.1%)",
      "severity": "WARNING"
    },
    {
      "quarter": "2022-03 (Q1)",
      "signal": "INCREMENTAL MARGIN (YoY)",
      "detail": "YoY Incr OPM: +113.2% vs year-ago OPM: +9.1%",
      "severity": "HIGH"
    },
    {
      "quarter": "2021-06 (Q2)",
      "signal": "OPERATING LEVERAGE",
      "detail": "Rev growth +12.8% vs OpEx growth +6.1% (leverage: 2.1x)",
      "severity": "MEDIUM"
    },
    {
      "quarter": "2021-03 (Q1)",
      "signal": "FCF MARGIN EXPANSION",
      "detail": "FCF margin: +8.4% -> +39.2% (+30.8%)",
      "severity": "MEDIUM"
    },
    {
      "quarter": "2021-03 (Q1)",
      "signal": "OPERATING LEVERAGE",
      "detail": "Rev growth +10.8% vs OpEx growth +3.5% (leverage: 3.1x)",
      "severity": "MEDIUM"
    }
  ],
  "data_quality": {
    "n_quarters": 20,
    "coverage": {
      "revenue": [
        20,
        20
      ],
      "gross_profit": [
        20,
        20
      ],
      "op_income": [
        20,
        20
      ],
      "fcf": [
        20,
        20
      ]
    },
    "gaps": [],
    "warnings": []
  },
  "market_cap": null,
  "source": "SEC EDGAR",
  "last_updated": "2026-02-02T22:01:37.724345",
  "sector": "Consumer Cyclical",
  "industry": "Internet Retail"
}