{
  "ticker": "LRCX",
  "name": "LAM RESEARCH CORPORATION",
  "quarters": [
    {
      "date": "2021-03-28T00:00:00",
      "quarter_label": "2021-03 (Q1)",
      "revenue": 3847654000,
      "gross_profit": 1780131000,
      "operating_income": 1195308000,
      "net_income": 1071121000,
      "opex": 584823000,
      "cogs": 2067523000,
      "rd": 381120000,
      "sga": 203703000,
      "fcf": 1165080000,
      "ocf": 1165080000,
      "capex": null,
      "gross_margin": 0.4626536065872867,
      "op_margin": 0.31065891059851014,
      "fcf_margin": 0.3028026948369058
    },
    {
      "date": "2021-06-27T00:00:00",
      "quarter_label": "2021-06 (Q2)",
      "revenue": 4145179000,
      "gross_profit": 1915201000,
      "operating_income": 1315927000,
      "net_income": 1144657000,
      "opex": 599274000,
      "cogs": 2229978000,
      "rd": 381749000,
      "sga": 217525000,
      "fcf": 1435935000,
      "ocf": 1435935000,
      "capex": null,
      "gross_margin": 0.4620309521012241,
      "op_margin": 0.3174596320207161,
      "fcf_margin": 0.3464108546337806,
      "op_leverage_ratio": 3.1293489671345056,
      "fcf_margin_change": 0.04360815979687477
    },
    {
      "date": "2021-09-26T00:00:00",
      "quarter_label": "2021-09 (Q3)",
      "revenue": 4304465000,
      "gross_profit": 1976754000,
      "operating_income": 1372233000,
      "net_income": 1179744000,
      "opex": 604521000,
      "cogs": 2327711000,
      "rd": 382327000,
      "sga": 222194000,
      "fcf": 457524000,
      "ocf": 457524000,
      "capex": null,
      "gross_margin": 0.4592333774348264,
      "op_margin": 0.3187929278086824,
      "fcf_margin": 0.1062905610801807,
      "op_leverage_ratio": 4.388829291088965,
      "fcf_margin_change": -0.24012029355359987
    },
    {
      "date": "2021-12-26T00:00:00",
      "quarter_label": "2021-12 (Q4)",
      "revenue": 4226604000,
      "gross_profit": 1977916000,
      "operating_income": 1338139000,
      "net_income": 1194830000,
      "opex": 639777000,
      "cogs": 2248688000,
      "rd": 403644000,
      "sga": 236133000,
      "fcf": 1440506000,
      "ocf": 1440506000,
      "capex": null,
      "gross_margin": 0.46796813706701645,
      "op_margin": 0.31659909468689285,
      "fcf_margin": 0.3408187755465144,
      "fcf_margin_change": 0.2345282144663337
    },
    {
      "date": "2022-03-27T00:00:00",
      "quarter_label": "2022-03 (Q1)",
      "revenue": 4060416000,
      "gross_profit": 1816625000,
      "operating_income": 1192097000,
      "net_income": 1021778000,
      "opex": 624528000,
      "cogs": 2243791000,
      "rd": 407120000,
      "sga": 217408000,
      "fcf": 757710000,
      "ocf": 757710000,
      "capex": null,
      "gross_margin": 0.4473987394395057,
      "op_margin": 0.2935898686242986,
      "fcf_margin": 0.1866089582939285,
      "incr_op_margin_yoy": -0.015091980710841222,
      "rev_growth_yoy": 0.05529655213280612,
      "fcf_margin_change": -0.1542098172525859
    },
    {
      "date": "2022-06-26T00:00:00",
      "quarter_label": "2022-06 (Q2)",
      "revenue": 4635554000,
      "gross_profit": 2100512000,
      "operating_income": 1479353000,
      "net_income": 1208934000,
      "opex": 621159000,
      "cogs": 2535042000,
      "rd": 411157000,
      "sga": 210002000,
      "fcf": 443934000,
      "ocf": 443934000,
      "capex": null,
      "gross_margin": 0.4531307369086845,
      "op_margin": 0.3191318664392649,
      "fcf_margin": 0.09576719416924061,
      "incr_op_margin_yoy": 0.33326739739994904,
      "rev_growth_yoy": 0.11830007823546342,
      "rev_growth_yoy_accel": 0.0630035261026573,
      "op_leverage_ratio": Infinity,
      "fcf_margin_change": -0.0908417641246879
    },
    {
      "date": "2022-09-25T00:00:00",
      "quarter_label": "2022-09 (Q3)",
      "revenue": 5074121000,
      "gross_profit": 2336835000,
      "operating_income": 1697840000,
      "net_income": 1425879000,
      "opex": 638995000,
      "cogs": 2737286000,
      "rd": 433375000,
      "sga": 205620000,
      "fcf": 1189588000,
      "ocf": 1189588000,
      "capex": null,
      "gross_margin": 0.4605398649342418,
      "op_margin": 0.3346077084090033,
      "fcf_margin": 0.23444218220259233,
      "incr_op_margin_yoy": 0.42305523506605547,
      "rev_growth_yoy": 0.17880410225196394,
      "rev_growth_yoy_accel": 0.06050402401650053,
      "op_leverage_ratio": 3.294880165124577,
      "fcf_margin_change": 0.1386749880333517
    },
    {
      "date": "2022-12-25T00:00:00",
      "quarter_label": "2022-12 (Q4)",
      "revenue": 5277569000,
      "gross_profit": 2376349000,
      "operating_income": 1680162000,
      "net_income": 1468507000,
      "opex": 696187000,
      "cogs": 2901220000,
      "rd": 462385000,
      "sga": 233802000,
      "fcf": 1140187000,
      "ocf": 1140187000,
      "capex": null,
      "gross_margin": 0.4502734118682295,
      "op_margin": 0.31835907782541545,
      "fcf_margin": 0.21604397782388066,
      "incr_op_margin_yoy": 0.3254370982858611,
      "rev_growth_yoy": 0.24865471191528707,
      "rev_growth_yoy_accel": 0.06985060966332313,
      "op_leverage_ratio": 0.4479760347731629,
      "fcf_margin_change": -0.018398204378711674
    },
    {
      "date": "2023-03-26T00:00:00",
      "quarter_label": "2023-03 (Q1)",
      "revenue": 3869569000,
      "gross_profit": 1605612000,
      "operating_income": 942253000,
      "net_income": 814008000,
      "opex": 663359000,
      "cogs": 2263957000,
      "rd": 429451000,
      "sga": 193500000,
      "fcf": 1726438000,
      "ocf": 1726438000,
      "capex": null,
      "gross_margin": 0.4149330325935524,
      "op_margin": 0.243503346238302,
      "fcf_margin": 0.44615769869977767,
      "incr_op_margin_yoy": 1.3091324464099514,
      "rev_growth_yoy": -0.047001834294811175,
      "rev_growth_yoy_accel": -0.29565654621009824,
      "fcf_margin_change": 0.23011372087589702
    },
    {
      "date": "2023-06-25T00:00:00",
      "quarter_label": "2023-06 (Q2)",
      "revenue": 3207257000,
      "gross_profit": 1458129000,
      "operating_income": 854605000,
      "net_income": 802537000,
      "opex": 603524000,
      "cogs": 1749128000,
      "rd": 401951000,
      "sga": 199831000,
      "fcf": 1122725000,
      "ocf": 1122725000,
      "capex": null,
      "gross_margin": 0.4546342871806032,
      "op_margin": 0.2664597816763671,
      "fcf_margin": 0.35005769727839087,
      "incr_op_margin_yoy": 0.43740762600495553,
      "rev_growth_yoy": -0.3081178646608367,
      "rev_growth_yoy_accel": -0.2611160303660255,
      "fcf_margin_change": -0.0961000014213868
    },
    {
      "date": "2023-09-24T00:00:00",
      "quarter_label": "2023-09 (Q3)",
      "revenue": 3482062000,
      "gross_profit": 1654702000,
      "operating_income": 1023029000,
      "net_income": 887398000,
      "opex": 631673000,
      "cogs": 1827360000,
      "rd": 422629000,
      "sga": 207023000,
      "fcf": 951163000,
      "ocf": 951163000,
      "capex": null,
      "gross_margin": 0.47520750635686554,
      "op_margin": 0.29379976577097133,
      "fcf_margin": 0.27316084549901753,
      "incr_op_margin_yoy": 0.4238605478817054,
      "rev_growth_yoy": -0.313760550842205,
      "rev_growth_yoy_accel": -0.005642686181368317,
      "op_leverage_ratio": 1.8370562004011375,
      "fcf_margin_change": -0.07689685177937333
    },
    {
      "date": "2023-12-24T00:00:00",
      "quarter_label": "2023-12 (Q4)",
      "revenue": 3758259000,
      "gross_profit": 1757455000,
      "operating_income": 1057212000,
      "net_income": 954266000,
      "opex": 700243000,
      "cogs": 2000804000,
      "rd": 469712000,
      "sga": 228843000,
      "fcf": 1453840000,
      "ocf": 1453840000,
      "capex": null,
      "gross_margin": 0.46762476987349727,
      "op_margin": 0.28130365682620595,
      "fcf_margin": 0.38683869312891955,
      "incr_op_margin_yoy": 0.4100216545668757,
      "rev_growth_yoy": -0.28788065111038813,
      "rev_growth_yoy_accel": 0.02587989973181687,
      "op_leverage_ratio": 0.7307025481493689,
      "fcf_margin_change": 0.11367784762990202
    },
    {
      "date": "2024-03-31T00:00:00",
      "quarter_label": "2024-03 (Q1)",
      "revenue": 3793558000,
      "gross_profit": 1800536000,
      "operating_income": 1057112000,
      "net_income": 965826000,
      "opex": 743424000,
      "cogs": 1993022000,
      "rd": 512274000,
      "sga": 215904000,
      "fcf": 1384836000,
      "ocf": 1384836000,
      "capex": null,
      "gross_margin": 0.4746298857167862,
      "op_margin": 0.27865977006282755,
      "fcf_margin": 0.36504938108235063,
      "incr_op_margin_yoy": -1.5110839220639118,
      "rev_growth_yoy": -0.01964327293298039,
      "rev_growth_yoy_accel": 0.2682373781774077,
      "fcf_margin_change": -0.02178931204656892
    },
    {
      "date": "2024-06-30T00:00:00",
      "quarter_label": "2024-06 (Q2)",
      "revenue": 3871507000,
      "gross_profit": 1840098000,
      "operating_income": 1126560000,
      "net_income": 1020282000,
      "opex": 713538000,
      "cogs": 2031409000,
      "rd": 497829000,
      "sga": 216477000,
      "fcf": 862430000,
      "ocf": 862430000,
      "capex": null,
      "gross_margin": 0.4752924378026438,
      "op_margin": 0.2909874630215056,
      "fcf_margin": 0.22276338387093192,
      "incr_op_margin_yoy": 0.4094166353029733,
      "rev_growth_yoy": 0.20710844188663396,
      "rev_growth_yoy_accel": 0.22675171481961437,
      "op_leverage_ratio": Infinity,
      "fcf_margin_change": -0.1422859972114187
    },
    {
      "date": "2024-09-29T00:00:00",
      "quarter_label": "2024-09 (Q3)",
      "revenue": 4167976000,
      "gross_profit": 2002683000,
      "operating_income": 1264197000,
      "net_income": 1116444000,
      "opex": 738486000,
      "cogs": 2165293000,
      "rd": 495358000,
      "sga": 243128000,
      "fcf": 1568471000,
      "ocf": 1568471000,
      "capex": null,
      "gross_margin": 0.48049292990170767,
      "op_margin": 0.30331196724741216,
      "fcf_margin": 0.376314786841383,
      "incr_op_margin_yoy": 0.35160092956259825,
      "rev_growth_yoy": 0.1969850048620616,
      "rev_growth_yoy_accel": -0.010123437024572357,
      "op_leverage_ratio": 2.190184045550315,
      "fcf_margin_change": 0.15355140297045106
    },
    {
      "date": "2024-12-29T00:00:00",
      "quarter_label": "2024-12 (Q4)",
      "revenue": 4376047000,
      "gross_profit": 2072981000,
      "operating_income": 1333884000,
      "net_income": 1191018000,
      "opex": 739097000,
      "cogs": 2303066000,
      "rd": 494947000,
      "sga": 244150000,
      "fcf": 741942000,
      "ocf": 741942000,
      "capex": null,
      "gross_margin": 0.4737108627946638,
      "op_margin": 0.3048148248864786,
      "fcf_margin": 0.16954616803704348,
      "incr_op_margin_yoy": 0.44784294936126956,
      "rev_growth_yoy": 0.16438143299863048,
      "rev_growth_yoy_accel": -0.03260357186343113,
      "op_leverage_ratio": Infinity,
      "fcf_margin_change": -0.2067686188043395
    },
    {
      "date": "2025-03-30T00:00:00",
      "quarter_label": "2025-03 (Q1)",
      "revenue": 4720175000,
      "gross_profit": 2313686000,
      "operating_income": 1561759000,
      "net_income": 1330667000,
      "opex": 751927000,
      "cogs": 2406489000,
      "rd": 525904000,
      "sga": 226023000,
      "fcf": 1308663000,
      "ocf": 1308663000,
      "capex": null,
      "gross_margin": 0.49016953820568093,
      "op_margin": 0.33086887668359755,
      "fcf_margin": 0.277248830816654,
      "incr_op_margin_yoy": 0.5446122831763285,
      "rev_growth_yoy": 0.24426066505375693,
      "rev_growth_yoy_accel": 0.07987923205512645,
      "op_leverage_ratio": 4.5301524343934485,
      "fcf_margin_change": 0.10770266277961055
    },
    {
      "date": "2025-06-29T00:00:00",
      "quarter_label": "2025-06 (Q2)",
      "revenue": 5171393000,
      "gross_profit": 2589709000,
      "operating_income": 1741128000,
      "net_income": 1720088000,
      "opex": 848581000,
      "cogs": 2581684000,
      "rd": 580178000,
      "sga": 268403000,
      "fcf": 2554188000,
      "ocf": 2554188000,
      "capex": null,
      "gross_margin": 0.5007759031270684,
      "op_margin": 0.33668452581345104,
      "fcf_margin": 0.49390715422324316,
      "incr_op_margin_yoy": 0.4727860750865845,
      "rev_growth_yoy": 0.3357571095699943,
      "rev_growth_yoy_accel": 0.0914964445162374,
      "op_leverage_ratio": 0.7436766806409608,
      "fcf_margin_change": 0.21665832340658914
    },
    {
      "date": "2025-09-28T00:00:00",
      "quarter_label": "2025-09 (Q3)",
      "revenue": 5324173000,
      "gross_profit": 2684879000,
      "operating_income": 1829088000,
      "net_income": 1568660000,
      "opex": 855791000,
      "cogs": null,
      "rd": 576446000,
      "sga": 279345000,
      "fcf": 1778964000,
      "ocf": 1778964000,
      "capex": null,
      "gross_margin": 0.5042809465432472,
      "op_margin": 0.34354405839179153,
      "fcf_margin": 0.3341296385372902,
      "incr_op_margin_yoy": 0.4885767736813017,
      "rev_growth_yoy": 0.27740010978949975,
      "rev_growth_yoy_accel": -0.05835699978049458,
      "op_leverage_ratio": 3.4770985611615077,
      "fcf_margin_change": -0.15977751568595294
    },
    {
      "date": "2025-12-28T00:00:00",
      "quarter_label": "2025-12 (Q4)",
      "revenue": 5344791000,
      "gross_profit": 2651162000,
      "operating_income": 1810203000,
      "net_income": 1593994000,
      "opex": 840959000,
      "cogs": null,
      "rd": 573305000,
      "sga": 267654000,
      "fcf": 1480045000,
      "ocf": 1480045000,
      "capex": null,
      "gross_margin": 0.4960272534510704,
      "op_margin": 0.33868546029208624,
      "fcf_margin": 0.27691354067913976,
      "incr_op_margin_yoy": 0.4916871743205635,
      "rev_growth_yoy": 0.2213742219861898,
      "rev_growth_yoy_accel": -0.05602588780330994,
      "fcf_margin_change": -0.05721609785815046
    }
  ],
  "signals": [
    {
      "quarter": "2025-12 (Q4)",
      "signal": "YoY REVENUE GROWTH DECELERATION",
      "detail": "YoY growth: +22.1% vs prior quarter YoY: +27.7% (decel: -5.6%)",
      "severity": "WARNING"
    },
    {
      "quarter": "2025-12 (Q4)",
      "signal": "INCREMENTAL MARGIN (YoY)",
      "detail": "YoY Incr OPM: +49.2% vs year-ago OPM: +30.5%",
      "severity": "MEDIUM"
    },
    {
      "quarter": "2025-09 (Q3)",
      "signal": "OPERATING LEVERAGE",
      "detail": "Rev growth +3.0% vs OpEx growth +0.8% (leverage: 3.5x)",
      "severity": "MEDIUM"
    },
    {
      "quarter": "2025-09 (Q3)",
      "signal": "YoY REVENUE GROWTH DECELERATION",
      "detail": "YoY growth: +27.7% vs prior quarter YoY: +33.6% (decel: -5.8%)",
      "severity": "WARNING"
    },
    {
      "quarter": "2025-09 (Q3)",
      "signal": "INCREMENTAL MARGIN (YoY)",
      "detail": "YoY Incr OPM: +48.9% vs year-ago OPM: +30.3%",
      "severity": "MEDIUM"
    },
    {
      "quarter": "2025-06 (Q2)",
      "signal": "FCF MARGIN EXPANSION",
      "detail": "FCF margin: +27.7% -> +49.4% (+21.7%)",
      "severity": "MEDIUM"
    },
    {
      "quarter": "2025-06 (Q2)",
      "signal": "YoY REVENUE GROWTH ACCELERATION",
      "detail": "YoY growth: +33.6% vs prior quarter YoY: +24.4% (accel: +9.1%)",
      "severity": "MEDIUM"
    },
    {
      "quarter": "2025-06 (Q2)",
      "signal": "INCREMENTAL MARGIN (YoY)",
      "detail": "YoY Incr OPM: +47.3% vs year-ago OPM: +29.1%",
      "severity": "MEDIUM"
    },
    {
      "quarter": "2025-03 (Q1)",
      "signal": "FCF MARGIN EXPANSION",
      "detail": "FCF margin: +17.0% -> +27.7% (+10.8%)",
      "severity": "MEDIUM"
    },
    {
      "quarter": "2025-03 (Q1)",
      "signal": "OPERATING LEVERAGE",
      "detail": "Rev growth +7.9% vs OpEx growth +1.7% (leverage: 4.5x)",
      "severity": "MEDIUM"
    },
    {
      "quarter": "2025-03 (Q1)",
      "signal": "YoY REVENUE GROWTH ACCELERATION",
      "detail": "YoY growth: +24.4% vs prior quarter YoY: +16.4% (accel: +8.0%)",
      "severity": "MEDIUM"
    },
    {
      "quarter": "2025-03 (Q1)",
      "signal": "INCREMENTAL MARGIN (YoY)",
      "detail": "YoY Incr OPM: +54.5% vs year-ago OPM: +27.9%",
      "severity": "HIGH"
    },
    {
      "quarter": "2024-12 (Q4)",
      "signal": "OPERATING LEVERAGE",
      "detail": "Rev growth +5.0% vs OpEx growth +0.1% (leverage: 60.3x)",
      "severity": "MEDIUM"
    },
    {
      "quarter": "2024-12 (Q4)",
      "signal": "INCREMENTAL MARGIN (YoY)",
      "detail": "YoY Incr OPM: +44.8% vs year-ago OPM: +28.1%",
      "severity": "MEDIUM"
    },
    {
      "quarter": "2024-09 (Q3)",
      "signal": "FCF MARGIN EXPANSION",
      "detail": "FCF margin: +22.3% -> +37.6% (+15.4%)",
      "severity": "MEDIUM"
    },
    {
      "quarter": "2024-09 (Q3)",
      "signal": "OPERATING LEVERAGE",
      "detail": "Rev growth +7.7% vs OpEx growth +3.5% (leverage: 2.2x)",
      "severity": "MEDIUM"
    },
    {
      "quarter": "2024-06 (Q2)",
      "signal": "YoY REVENUE GROWTH ACCELERATION",
      "detail": "YoY growth: +20.7% vs prior quarter YoY: -2.0% (accel: +22.7%)",
      "severity": "HIGH"
    },
    {
      "quarter": "2024-06 (Q2)",
      "signal": "INCREMENTAL MARGIN (YoY)",
      "detail": "YoY Incr OPM: +40.9% vs year-ago OPM: +26.6%",
      "severity": "MEDIUM"
    },
    {
      "quarter": "2024-03 (Q1)",
      "signal": "YoY REVENUE GROWTH ACCELERATION",
      "detail": "YoY growth: -2.0% vs prior quarter YoY: -28.8% (accel: +26.8%)",
      "severity": "HIGH"
    },
    {
      "quarter": "2023-12 (Q4)",
      "signal": "FCF MARGIN EXPANSION",
      "detail": "FCF margin: +27.3% -> +38.7% (+11.4%)",
      "severity": "MEDIUM"
    },
    {
      "quarter": "2023-09 (Q3)",
      "signal": "OPERATING LEVERAGE",
      "detail": "Rev growth +8.6% vs OpEx growth +4.7% (leverage: 1.8x)",
      "severity": "MEDIUM"
    },
    {
      "quarter": "2023-06 (Q2)",
      "signal": "GROSS MARGIN INFLECTION",
      "detail": "GM: +45.0% -> +41.5% -> +45.5% (reversal +4.0%)",
      "severity": "MEDIUM"
    },
    {
      "quarter": "2023-06 (Q2)",
      "signal": "YoY REVENUE GROWTH DECELERATION",
      "detail": "YoY growth: -30.8% vs prior quarter YoY: -4.7% (decel: -26.1%)",
      "severity": "WARNING"
    },
    {
      "quarter": "2023-06 (Q2)",
      "signal": "INCREMENTAL MARGIN (YoY)",
      "detail": "YoY Incr OPM: +43.7% vs year-ago OPM: +31.9%",
      "severity": "MEDIUM"
    },
    {
      "quarter": "2023-03 (Q1)",
      "signal": "FCF MARGIN EXPANSION",
      "detail": "FCF margin: +21.6% -> +44.6% (+23.0%)",
      "severity": "MEDIUM"
    },
    {
      "quarter": "2023-03 (Q1)",
      "signal": "YoY REVENUE GROWTH DECELERATION",
      "detail": "YoY growth: -4.7% vs prior quarter YoY: +24.9% (decel: -29.6%)",
      "severity": "WARNING"
    },
    {
      "quarter": "2023-03 (Q1)",
      "signal": "INCREMENTAL MARGIN (YoY)",
      "detail": "YoY Incr OPM: +130.9% vs year-ago OPM: +29.4%",
      "severity": "HIGH"
    },
    {
      "quarter": "2022-12 (Q4)",
      "signal": "YoY REVENUE GROWTH ACCELERATION",
      "detail": "YoY growth: +24.9% vs prior quarter YoY: +17.9% (accel: +7.0%)",
      "severity": "MEDIUM"
    },
    {
      "quarter": "2022-09 (Q3)",
      "signal": "FCF MARGIN EXPANSION",
      "detail": "FCF margin: +9.6% -> +23.4% (+13.9%)",
      "severity": "MEDIUM"
    },
    {
      "quarter": "2022-09 (Q3)",
      "signal": "OPERATING LEVERAGE",
      "detail": "Rev growth +9.5% vs OpEx growth +2.9% (leverage: 3.3x)",
      "severity": "MEDIUM"
    },
    {
      "quarter": "2022-09 (Q3)",
      "signal": "YoY REVENUE GROWTH ACCELERATION",
      "detail": "YoY growth: +17.9% vs prior quarter YoY: +11.8% (accel: +6.1%)",
      "severity": "MEDIUM"
    },
    {
      "quarter": "2022-09 (Q3)",
      "signal": "INCREMENTAL MARGIN (YoY)",
      "detail": "YoY Incr OPM: +42.3% vs year-ago OPM: +31.9%",
      "severity": "MEDIUM"
    },
    {
      "quarter": "2022-06 (Q2)",
      "signal": "YoY REVENUE GROWTH ACCELERATION",
      "detail": "YoY growth: +11.8% vs prior quarter YoY: +5.5% (accel: +6.3%)",
      "severity": "MEDIUM"
    },
    {
      "quarter": "2021-12 (Q4)",
      "signal": "FCF MARGIN EXPANSION",
      "detail": "FCF margin: +10.6% -> +34.1% (+23.5%)",
      "severity": "MEDIUM"
    },
    {
      "quarter": "2021-09 (Q3)",
      "signal": "OPERATING LEVERAGE",
      "detail": "Rev growth +3.8% vs OpEx growth +0.9% (leverage: 4.4x)",
      "severity": "MEDIUM"
    },
    {
      "quarter": "2021-06 (Q2)",
      "signal": "OPERATING LEVERAGE",
      "detail": "Rev growth +7.7% vs OpEx growth +2.5% (leverage: 3.1x)",
      "severity": "MEDIUM"
    }
  ],
  "data_quality": {
    "n_quarters": 20,
    "coverage": {
      "revenue": [
        20,
        20
      ],
      "gross_profit": [
        20,
        20
      ],
      "op_income": [
        20,
        20
      ],
      "fcf": [
        20,
        20
      ]
    },
    "gaps": [],
    "warnings": []
  },
  "market_cap": null,
  "source": "SEC EDGAR",
  "last_updated": "2026-02-02T19:46:06.101527"
}