{
  "ticker": "LRN",
  "name": "Stride, Inc.",
  "quarters": [
    {
      "date": "2021-03-31T00:00:00",
      "quarter_label": "2021-03 (Q1)",
      "revenue": 392145000,
      "gross_profit": 139017000,
      "operating_income": 38553000,
      "net_income": 23789000,
      "opex": 100464000,
      "cogs": 253128000,
      "rd": null,
      "sga": 100464000,
      "fcf": 90081000,
      "ocf": 91079000,
      "capex": -998000,
      "gross_margin": 0.3545040737482309,
      "op_margin": 0.09831312397200015,
      "fcf_margin": 0.22971349883333972
    },
    {
      "date": "2021-06-30T00:00:00",
      "quarter_label": "2021-06 (Q2)",
      "revenue": 397510000,
      "gross_profit": 136601000,
      "operating_income": 21387000,
      "net_income": 10495000,
      "opex": 115214000,
      "cogs": 260909000,
      "rd": null,
      "sga": 115214000,
      "fcf": 122428000,
      "ocf": 123028000,
      "capex": -600000,
      "gross_margin": 0.343641669391965,
      "op_margin": 0.05380242006490403,
      "fcf_margin": 0.3079872204472843,
      "op_leverage_ratio": 0.09318403020674426,
      "fcf_margin_change": 0.07827372161394461
    },
    {
      "date": "2021-09-30T00:00:00",
      "quarter_label": "2021-09 (Q3)",
      "revenue": 400226000,
      "gross_profit": 126402000,
      "operating_income": -6977000,
      "net_income": -5883000,
      "opex": 133379000,
      "cogs": 273824000,
      "rd": null,
      "sga": 133379000,
      "fcf": -132788000,
      "ocf": -131510000,
      "capex": -1278000,
      "gross_margin": 0.31582655799473297,
      "op_margin": -0.017432650552437874,
      "fcf_margin": -0.33178254286328224,
      "fcf_margin_change": -0.6397697633105666
    },
    {
      "date": "2021-12-31T00:00:00",
      "quarter_label": "2021-12 (Q4)",
      "revenue": 409507000,
      "gross_profit": 147557000,
      "operating_income": 56915000,
      "net_income": 42004000,
      "opex": 90642000,
      "cogs": 261950000,
      "rd": null,
      "sga": 90642000,
      "fcf": 118415000,
      "ocf": 119842000,
      "capex": -1427000,
      "gross_margin": 0.3603283948748129,
      "op_margin": 0.13898419318839483,
      "fcf_margin": 0.28916477618209213,
      "op_leverage_ratio": Infinity,
      "fcf_margin_change": 0.6209473190453744
    },
    {
      "date": "2022-03-31T00:00:00",
      "quarter_label": "2022-03 (Q1)",
      "revenue": 421722000,
      "gross_profit": 154839000,
      "operating_income": 60594000,
      "net_income": 42919000,
      "opex": 94245000,
      "cogs": 266883000,
      "rd": null,
      "sga": 94245000,
      "fcf": 91042000,
      "ocf": 93071000,
      "capex": -2029000,
      "gross_margin": 0.3671589340845391,
      "op_margin": 0.14368233101427005,
      "fcf_margin": 0.21588155230222753,
      "incr_op_margin_yoy": 0.7452074246881022,
      "rev_growth_yoy": 0.07542363156485483,
      "op_leverage_ratio": 0.750407833360976,
      "fcf_margin_change": -0.0732832238798646
    },
    {
      "date": "2022-06-30T00:00:00",
      "quarter_label": "2022-06 (Q2)",
      "revenue": 455211000,
      "gross_profit": 167677000,
      "operating_income": 46096000,
      "net_income": 28090000,
      "opex": 121581000,
      "cogs": 287534000,
      "rd": null,
      "sga": 121581000,
      "fcf": 120467000,
      "ocf": 125481000,
      "capex": -5014000,
      "gross_margin": 0.3683500618394547,
      "op_margin": 0.1012629308166982,
      "fcf_margin": 0.2646399142375733,
      "incr_op_margin_yoy": 0.4282248141280047,
      "rev_growth_yoy": 0.14515609670196977,
      "rev_growth_yoy_accel": 0.06973246513711494,
      "op_leverage_ratio": 0.27377845918277144,
      "fcf_margin_change": 0.0487583619353458
    },
    {
      "date": "2022-09-30T00:00:00",
      "quarter_label": "2022-09 (Q3)",
      "revenue": 425150000,
      "gross_profit": 129649000,
      "operating_income": -28719000,
      "net_income": -22672000,
      "opex": 158368000,
      "cogs": 295501000,
      "rd": null,
      "sga": 158368000,
      "fcf": -144059000,
      "ocf": -143146000,
      "capex": -913000,
      "gross_margin": 0.3049488415853228,
      "op_margin": -0.06755027637304481,
      "fcf_margin": -0.3388427613783371,
      "incr_op_margin_yoy": -0.8723318889423849,
      "rev_growth_yoy": 0.06227481472967773,
      "rev_growth_yoy_accel": -0.08288128197229204,
      "fcf_margin_change": -0.6034826756159104
    },
    {
      "date": "2022-12-31T00:00:00",
      "quarter_label": "2022-12 (Q4)",
      "revenue": 458435000,
      "gross_profit": 170088000,
      "operating_income": 68073000,
      "net_income": 50705000,
      "opex": 102015000,
      "cogs": 288347000,
      "rd": null,
      "sga": 102015000,
      "fcf": 162418000,
      "ocf": 164328000,
      "capex": -1910000,
      "gross_margin": 0.3710187921951858,
      "op_margin": 0.14848997131545366,
      "fcf_margin": 0.35428795794387424,
      "incr_op_margin_yoy": 0.2280493786788751,
      "rev_growth_yoy": 0.11948025308480685,
      "rev_growth_yoy_accel": 0.05720543835512912,
      "op_leverage_ratio": Infinity,
      "fcf_margin_change": 0.6931307193222114
    },
    {
      "date": "2023-03-31T00:00:00",
      "quarter_label": "2023-03 (Q1)",
      "revenue": 470284000,
      "gross_profit": 175252000,
      "operating_income": 72199000,
      "net_income": 55462000,
      "opex": 103053000,
      "cogs": 295032000,
      "rd": null,
      "sga": 103053000,
      "fcf": 84282000,
      "ocf": 85038000,
      "capex": -756000,
      "gross_margin": 0.3726514191424756,
      "op_margin": 0.15352212705514115,
      "fcf_margin": 0.1792151125702767,
      "incr_op_margin_yoy": 0.2389728594374202,
      "rev_growth_yoy": 0.11515168760463054,
      "rev_growth_yoy_accel": -0.004328565480176308,
      "op_leverage_ratio": 2.5402157982696973,
      "fcf_margin_change": -0.17507284537359755
    },
    {
      "date": "2023-06-30T00:00:00",
      "quarter_label": "2023-06 (Q2)",
      "revenue": 483489000,
      "gross_profit": 172081000,
      "operating_income": 53946000,
      "net_income": 43372000,
      "opex": 118135000,
      "cogs": 311408000,
      "rd": null,
      "sga": 118135000,
      "fcf": 96173000,
      "ocf": 96930000,
      "capex": -757000,
      "gross_margin": 0.35591502598818175,
      "op_margin": 0.11157647847210587,
      "fcf_margin": 0.198914556484222,
      "incr_op_margin_yoy": 0.2776009618784921,
      "rev_growth_yoy": 0.06212064295458589,
      "rev_growth_yoy_accel": -0.05303104465004465,
      "op_leverage_ratio": 0.19185799642045162,
      "fcf_margin_change": 0.01969944391394529
    },
    {
      "date": "2023-09-30T00:00:00",
      "quarter_label": "2023-09 (Q3)",
      "revenue": 480181000,
      "gross_profit": 172888000,
      "operating_income": 3320000,
      "net_income": 4878000,
      "opex": 169568000,
      "cogs": 307293000,
      "rd": null,
      "sga": 169568000,
      "fcf": -136999000,
      "ocf": -135305000,
      "capex": -1694000,
      "gross_margin": 0.3600475653972148,
      "op_margin": 0.006914059490067287,
      "fcf_margin": -0.28530699881919525,
      "incr_op_margin_yoy": 0.5821991241300358,
      "rev_growth_yoy": 0.12943902152181583,
      "rev_growth_yoy_accel": 0.06731837856722994,
      "fcf_margin_change": -0.48422155530341726
    },
    {
      "date": "2023-12-31T00:00:00",
      "quarter_label": "2023-12 (Q4)",
      "revenue": 504868000,
      "gross_profit": 201174000,
      "operating_income": 84289000,
      "net_income": 66836000,
      "opex": 116885000,
      "cogs": 303694000,
      "rd": null,
      "sga": 116885000,
      "fcf": 173325000,
      "ocf": 173334000,
      "capex": -9000,
      "gross_margin": 0.39846851058098354,
      "op_margin": 0.1669525499734584,
      "fcf_margin": 0.3433075576190212,
      "incr_op_margin_yoy": 0.3492343807206082,
      "rev_growth_yoy": 0.10128589658293978,
      "rev_growth_yoy_accel": -0.028153124938876048,
      "op_leverage_ratio": Infinity,
      "fcf_margin_change": 0.6286145564382164
    },
    {
      "date": "2024-03-31T00:00:00",
      "quarter_label": "2024-03 (Q1)",
      "revenue": 520837000,
      "gross_profit": 201329000,
      "operating_income": 88313000,
      "net_income": 69687000,
      "opex": 113016000,
      "cogs": 319508000,
      "rd": null,
      "sga": 113016000,
      "fcf": 68769000,
      "ocf": 68566000,
      "capex": 203000,
      "gross_margin": 0.3865489586953308,
      "op_margin": 0.16955976629924524,
      "fcf_margin": 0.1320355504697247,
      "incr_op_margin_yoy": 0.31875457440705796,
      "rev_growth_yoy": 0.10749462027200585,
      "rev_growth_yoy_accel": 0.006208723689066067,
      "op_leverage_ratio": Infinity,
      "fcf_margin_change": -0.2112720071492965
    },
    {
      "date": "2024-06-30T00:00:00",
      "quarter_label": "2024-06 (Q2)",
      "revenue": 534183000,
      "gross_profit": 188212000,
      "operating_income": 73678000,
      "net_income": 62782000,
      "opex": 114534000,
      "cogs": 345971000,
      "rd": null,
      "sga": 114534000,
      "fcf": 171432000,
      "ocf": 172202000,
      "capex": -770000,
      "gross_margin": 0.35233618441620196,
      "op_margin": 0.1379265158194851,
      "fcf_margin": 0.3209237283852163,
      "incr_op_margin_yoy": 0.38923738509488304,
      "rev_growth_yoy": 0.10485036888119481,
      "rev_growth_yoy_accel": -0.0026442513908110366,
      "op_leverage_ratio": 1.9077323858485886,
      "fcf_margin_change": 0.18888817791549162
    },
    {
      "date": "2024-09-30T00:00:00",
      "quarter_label": "2024-09 (Q3)",
      "revenue": 551084000,
      "gross_profit": 215853000,
      "operating_income": 47344000,
      "net_income": 40882000,
      "opex": 168509000,
      "cogs": 335231000,
      "rd": null,
      "sga": 168509000,
      "fcf": -142673000,
      "ocf": -142004000,
      "capex": -669000,
      "gross_margin": 0.3916880185234919,
      "op_margin": 0.0859106778639917,
      "fcf_margin": -0.2588951956507538,
      "incr_op_margin_yoy": 0.6209046161657475,
      "rev_growth_yoy": 0.1476589036217593,
      "rev_growth_yoy_accel": 0.04280853474056448,
      "op_leverage_ratio": 0.06713733782219752,
      "fcf_margin_change": -0.5798189240359701
    },
    {
      "date": "2024-12-31T00:00:00",
      "quarter_label": "2024-12 (Q4)",
      "revenue": 587211000,
      "gross_profit": 239858000,
      "operating_income": 125100000,
      "net_income": 96393000,
      "opex": 114758000,
      "cogs": 347353000,
      "rd": null,
      "sga": 114758000,
      "fcf": 222880000,
      "ocf": 223364000,
      "capex": -484000,
      "gross_margin": 0.4084698685821621,
      "op_margin": 0.21304096823799282,
      "fcf_margin": 0.37955692246909545,
      "incr_op_margin_yoy": 0.49562197150941795,
      "rev_growth_yoy": 0.1630980771211485,
      "rev_growth_yoy_accel": 0.015439173499389197,
      "op_leverage_ratio": Infinity,
      "fcf_margin_change": 0.6384521181198493
    },
    {
      "date": "2025-03-31T00:00:00",
      "quarter_label": "2025-03 (Q1)",
      "revenue": 613376000,
      "gross_profit": 249290000,
      "operating_income": 130786000,
      "net_income": 99346000,
      "opex": 118504000,
      "cogs": 364086000,
      "rd": null,
      "sga": 118504000,
      "fcf": 52935000,
      "ocf": 53132000,
      "capex": -197000,
      "gross_margin": 0.4064228140651085,
      "op_margin": 0.21322321055926544,
      "fcf_margin": 0.08630106166527546,
      "incr_op_margin_yoy": 0.4589740541825609,
      "rev_growth_yoy": 0.1776736291776506,
      "rev_growth_yoy_accel": 0.0145755520565021,
      "op_leverage_ratio": 1.3650286111866496,
      "fcf_margin_change": -0.29325586080382
    },
    {
      "date": "2025-06-30T00:00:00",
      "quarter_label": "2025-06 (Q2)",
      "revenue": 653647000,
      "gross_profit": 238919000,
      "operating_income": 56865000,
      "net_income": 51320000,
      "opex": 182054000,
      "cogs": 414728000,
      "rd": null,
      "sga": 122576000,
      "fcf": 297893000,
      "ocf": 298324000,
      "capex": -431000,
      "gross_margin": 0.3655168615475937,
      "op_margin": 0.08699649810983605,
      "fcf_margin": 0.45573987182684234,
      "incr_op_margin_yoy": -0.14073695841425032,
      "rev_growth_yoy": 0.22363871557125553,
      "rev_growth_yoy_accel": 0.04596508639360494,
      "op_leverage_ratio": 0.12242865826567752,
      "fcf_margin_change": 0.3694388101615669
    },
    {
      "date": "2025-09-30T00:00:00",
      "quarter_label": "2025-09 (Q3)",
      "revenue": 620884000,
      "gross_profit": 242123000,
      "operating_income": 68983000,
      "net_income": 68800000,
      "opex": 173140000,
      "cogs": 378761000,
      "rd": null,
      "sga": 173140000,
      "fcf": -196086000,
      "ocf": -195780000,
      "capex": -306000,
      "gross_margin": 0.389964953195766,
      "op_margin": 0.11110448972754976,
      "fcf_margin": -0.31581744738147544,
      "incr_op_margin_yoy": 0.31001432664756445,
      "rev_growth_yoy": 0.12665945663456024,
      "rev_growth_yoy_accel": -0.09697925893669529,
      "fcf_margin_change": -0.7715573192083178
    },
    {
      "date": "2025-12-31T00:00:00",
      "quarter_label": "2025-12 (Q4)",
      "revenue": 631261000,
      "gross_profit": 259631000,
      "operating_income": 146852000,
      "net_income": 99477000,
      "opex": 112779000,
      "cogs": 371630000,
      "rd": null,
      "sga": 112779000,
      "fcf": 92090000,
      "ocf": 91836000,
      "capex": 254000,
      "gross_margin": 0.4112894666389972,
      "op_margin": 0.23263277788426656,
      "fcf_margin": 0.14588260640210626,
      "incr_op_margin_yoy": 0.49380249716231556,
      "rev_growth_yoy": 0.07501562470730283,
      "rev_growth_yoy_accel": -0.05164383192725741,
      "op_leverage_ratio": Infinity,
      "fcf_margin_change": 0.4617000537835817
    }
  ],
  "signals": [
    {
      "quarter": "2025-12 (Q4)",
      "signal": "FCF TURNED POSITIVE",
      "detail": "FCF margin: -31.6% -> +14.6%",
      "severity": "HIGH"
    },
    {
      "quarter": "2025-12 (Q4)",
      "signal": "YoY REVENUE GROWTH DECELERATION",
      "detail": "YoY growth: +7.5% vs prior quarter YoY: +12.7% (decel: -5.2%)",
      "severity": "WARNING"
    },
    {
      "quarter": "2025-12 (Q4)",
      "signal": "INCREMENTAL MARGIN (YoY)",
      "detail": "YoY Incr OPM: +49.4% vs year-ago OPM: +21.3%",
      "severity": "HIGH"
    },
    {
      "quarter": "2025-09 (Q3)",
      "signal": "GROSS MARGIN INFLECTION",
      "detail": "GM: +40.6% -> +36.6% -> +39.0% (reversal +2.4%)",
      "severity": "MEDIUM"
    },
    {
      "quarter": "2025-09 (Q3)",
      "signal": "YoY REVENUE GROWTH DECELERATION",
      "detail": "YoY growth: +12.7% vs prior quarter YoY: +22.4% (decel: -9.7%)",
      "severity": "WARNING"
    },
    {
      "quarter": "2025-09 (Q3)",
      "signal": "INCREMENTAL MARGIN (YoY)",
      "detail": "YoY Incr OPM: +31.0% vs year-ago OPM: +8.6%",
      "severity": "HIGH"
    },
    {
      "quarter": "2025-06 (Q2)",
      "signal": "FCF MARGIN EXPANSION",
      "detail": "FCF margin: +8.6% -> +45.6% (+36.9%)",
      "severity": "MEDIUM"
    },
    {
      "quarter": "2025-03 (Q1)",
      "signal": "INCREMENTAL MARGIN (YoY)",
      "detail": "YoY Incr OPM: +45.9% vs year-ago OPM: +17.0%",
      "severity": "HIGH"
    },
    {
      "quarter": "2024-12 (Q4)",
      "signal": "FCF TURNED POSITIVE",
      "detail": "FCF margin: -25.9% -> +38.0%",
      "severity": "HIGH"
    },
    {
      "quarter": "2024-12 (Q4)",
      "signal": "INCREMENTAL MARGIN (YoY)",
      "detail": "YoY Incr OPM: +49.6% vs year-ago OPM: +16.7%",
      "severity": "HIGH"
    },
    {
      "quarter": "2024-09 (Q3)",
      "signal": "GROSS MARGIN INFLECTION",
      "detail": "GM: +38.7% -> +35.2% -> +39.2% (reversal +3.9%)",
      "severity": "MEDIUM"
    },
    {
      "quarter": "2024-09 (Q3)",
      "signal": "INCREMENTAL MARGIN (YoY)",
      "detail": "YoY Incr OPM: +62.1% vs year-ago OPM: +0.7%",
      "severity": "HIGH"
    },
    {
      "quarter": "2024-06 (Q2)",
      "signal": "FCF MARGIN EXPANSION",
      "detail": "FCF margin: +13.2% -> +32.1% (+18.9%)",
      "severity": "MEDIUM"
    },
    {
      "quarter": "2024-06 (Q2)",
      "signal": "OPERATING LEVERAGE",
      "detail": "Rev growth +2.6% vs OpEx growth +1.3% (leverage: 1.9x)",
      "severity": "MEDIUM"
    },
    {
      "quarter": "2024-06 (Q2)",
      "signal": "INCREMENTAL MARGIN (YoY)",
      "detail": "YoY Incr OPM: +38.9% vs year-ago OPM: +11.2%",
      "severity": "HIGH"
    },
    {
      "quarter": "2024-03 (Q1)",
      "signal": "INCREMENTAL MARGIN (YoY)",
      "detail": "YoY Incr OPM: +31.9% vs year-ago OPM: +15.4%",
      "severity": "MEDIUM"
    },
    {
      "quarter": "2023-12 (Q4)",
      "signal": "FCF TURNED POSITIVE",
      "detail": "FCF margin: -28.5% -> +34.3%",
      "severity": "HIGH"
    },
    {
      "quarter": "2023-12 (Q4)",
      "signal": "INCREMENTAL MARGIN (YoY)",
      "detail": "YoY Incr OPM: +34.9% vs year-ago OPM: +14.8%",
      "severity": "HIGH"
    },
    {
      "quarter": "2023-09 (Q3)",
      "signal": "YoY REVENUE GROWTH ACCELERATION",
      "detail": "YoY growth: +12.9% vs prior quarter YoY: +6.2% (accel: +6.7%)",
      "severity": "MEDIUM"
    },
    {
      "quarter": "2023-09 (Q3)",
      "signal": "OP MARGIN TURNED POSITIVE (YoY)",
      "detail": "Op margin: -6.8% (year-ago) -> +0.7%",
      "severity": "HIGH"
    },
    {
      "quarter": "2023-06 (Q2)",
      "signal": "YoY REVENUE GROWTH DECELERATION",
      "detail": "YoY growth: +6.2% vs prior quarter YoY: +11.5% (decel: -5.3%)",
      "severity": "WARNING"
    },
    {
      "quarter": "2023-06 (Q2)",
      "signal": "INCREMENTAL MARGIN (YoY)",
      "detail": "YoY Incr OPM: +27.8% vs year-ago OPM: +10.1%",
      "severity": "MEDIUM"
    },
    {
      "quarter": "2023-03 (Q1)",
      "signal": "OPERATING LEVERAGE",
      "detail": "Rev growth +2.6% vs OpEx growth +1.0% (leverage: 2.5x)",
      "severity": "MEDIUM"
    },
    {
      "quarter": "2022-12 (Q4)",
      "signal": "FCF TURNED POSITIVE",
      "detail": "FCF margin: -33.9% -> +35.4%",
      "severity": "HIGH"
    },
    {
      "quarter": "2022-12 (Q4)",
      "signal": "GROSS MARGIN INFLECTION",
      "detail": "GM: +36.8% -> +30.5% -> +37.1% (reversal +6.6%)",
      "severity": "HIGH"
    },
    {
      "quarter": "2022-12 (Q4)",
      "signal": "YoY REVENUE GROWTH ACCELERATION",
      "detail": "YoY growth: +11.9% vs prior quarter YoY: +6.2% (accel: +5.7%)",
      "severity": "MEDIUM"
    },
    {
      "quarter": "2022-12 (Q4)",
      "signal": "OP MARGIN TURNED POSITIVE (QoQ)",
      "detail": "Op margin: -6.8% -> +14.8%",
      "severity": "HIGH"
    },
    {
      "quarter": "2022-09 (Q3)",
      "signal": "YoY REVENUE GROWTH DECELERATION",
      "detail": "YoY growth: +6.2% vs prior quarter YoY: +14.5% (decel: -8.3%)",
      "severity": "WARNING"
    },
    {
      "quarter": "2022-06 (Q2)",
      "signal": "YoY REVENUE GROWTH ACCELERATION",
      "detail": "YoY growth: +14.5% vs prior quarter YoY: +7.5% (accel: +7.0%)",
      "severity": "MEDIUM"
    },
    {
      "quarter": "2022-06 (Q2)",
      "signal": "INCREMENTAL MARGIN (YoY)",
      "detail": "YoY Incr OPM: +42.8% vs year-ago OPM: +5.4%",
      "severity": "HIGH"
    },
    {
      "quarter": "2022-03 (Q1)",
      "signal": "INCREMENTAL MARGIN (YoY)",
      "detail": "YoY Incr OPM: +74.5% vs year-ago OPM: +9.8%",
      "severity": "HIGH"
    },
    {
      "quarter": "2021-12 (Q4)",
      "signal": "FCF TURNED POSITIVE",
      "detail": "FCF margin: -33.2% -> +28.9%",
      "severity": "HIGH"
    },
    {
      "quarter": "2021-12 (Q4)",
      "signal": "GROSS MARGIN INFLECTION",
      "detail": "GM: +34.4% -> +31.6% -> +36.0% (reversal +4.5%)",
      "severity": "MEDIUM"
    },
    {
      "quarter": "2021-12 (Q4)",
      "signal": "OP MARGIN TURNED POSITIVE (QoQ)",
      "detail": "Op margin: -1.7% -> +13.9%",
      "severity": "HIGH"
    },
    {
      "quarter": "2021-06 (Q2)",
      "signal": "FCF MARGIN EXPANSION",
      "detail": "FCF margin: +23.0% -> +30.8% (+7.8%)",
      "severity": "MEDIUM"
    }
  ],
  "data_quality": {
    "n_quarters": 20,
    "coverage": {
      "revenue": [
        20,
        20
      ],
      "gross_profit": [
        20,
        20
      ],
      "op_income": [
        20,
        20
      ],
      "fcf": [
        20,
        20
      ]
    },
    "gaps": [],
    "warnings": []
  },
  "market_cap": null,
  "source": "SEC EDGAR",
  "last_updated": "2026-02-02T21:20:32.932742",
  "sector": "Consumer Defensive",
  "industry": "Education & Training Services"
}