{
  "ticker": "LSAK",
  "name": "LESAKA TECHNOLOGIES, INC.",
  "quarters": [
    {
      "date": "2020-12-31T00:00:00",
      "quarter_label": "2020-12 (Q4)",
      "revenue": 32305000,
      "gross_profit": 7966000,
      "operating_income": -15205000,
      "net_income": -4534000,
      "opex": 23171000,
      "cogs": 24339000,
      "rd": null,
      "sga": 22097000,
      "fcf": -15002000,
      "ocf": -11979000,
      "capex": -3023000,
      "gross_margin": 0.24658721560130012,
      "op_margin": -0.470670174895527,
      "fcf_margin": -0.46438631790744467
    },
    {
      "date": "2021-03-31T00:00:00",
      "quarter_label": "2021-03 (Q1)",
      "revenue": 28828000,
      "gross_profit": 5732000,
      "operating_income": -14292000,
      "net_income": -6204000,
      "opex": 20024000,
      "cogs": 23096000,
      "rd": null,
      "sga": 18892000,
      "fcf": -8903000,
      "ocf": -8254000,
      "capex": -649000,
      "gross_margin": 0.1988344664909116,
      "op_margin": -0.49576800333009574,
      "fcf_margin": -0.3088316914111281,
      "fcf_margin_change": 0.15555462649631657
    },
    {
      "date": "2021-06-30T00:00:00",
      "quarter_label": "2021-06 (Q2)",
      "revenue": 34517000,
      "gross_profit": 12164000,
      "operating_income": -13600000,
      "net_income": 1639000,
      "opex": 25764000,
      "cogs": 22353000,
      "rd": null,
      "sga": 24546000,
      "fcf": -8596000,
      "ocf": -8258000,
      "capex": -338000,
      "gross_margin": 0.3524060607816438,
      "op_margin": -0.39400874931193325,
      "fcf_margin": -0.24903670655039545,
      "op_leverage_ratio": 0.6884309147755593,
      "fcf_margin_change": 0.05979498486073265
    },
    {
      "date": "2021-09-30T00:00:00",
      "quarter_label": "2021-09 (Q3)",
      "revenue": 34504000,
      "gross_profit": 10297000,
      "operating_income": -11225000,
      "net_income": null,
      "opex": 21522000,
      "cogs": 24207000,
      "rd": null,
      "sga": 20627000,
      "fcf": -8646000,
      "ocf": -7948000,
      "capex": -698000,
      "gross_margin": 0.29842916763273825,
      "op_margin": -0.3253246000463714,
      "fcf_margin": -0.250579642939949,
      "fcf_margin_change": -0.0015429363895535508
    },
    {
      "date": "2021-12-31T00:00:00",
      "quarter_label": "2021-12 (Q4)",
      "revenue": 31114000,
      "gross_profit": 10534000,
      "operating_income": -9427000,
      "net_income": -12406,
      "opex": 19961000,
      "cogs": 20580000,
      "rd": null,
      "sga": 17746000,
      "fcf": -13974000,
      "ocf": -13785000,
      "capex": -189000,
      "gross_margin": 0.3385614192967796,
      "op_margin": -0.30298258018898244,
      "fcf_margin": -0.44912258147457734,
      "incr_op_margin_yoy": -4.851385390428211,
      "rev_growth_yoy": -0.036867357994118555,
      "fcf_margin_change": -0.19854293853462834
    },
    {
      "date": "2022-03-31T00:00:00",
      "quarter_label": "2022-03 (Q1)",
      "revenue": 35202000,
      "gross_profit": 12194000,
      "operating_income": -9421000,
      "net_income": null,
      "opex": 21615000,
      "cogs": 23008000,
      "rd": null,
      "sga": 15184000,
      "fcf": -9609000,
      "ocf": -8775000,
      "capex": -834000,
      "gross_margin": 0.3464007726833703,
      "op_margin": -0.2676268393841259,
      "fcf_margin": -0.2729674450315323,
      "incr_op_margin_yoy": 0.7641983056165673,
      "rev_growth_yoy": 0.22110448175385042,
      "rev_growth_yoy_accel": 0.257971839747969,
      "op_leverage_ratio": 1.5856299092489692,
      "fcf_margin_change": 0.17615513644304504
    },
    {
      "date": "2022-06-30T00:00:00",
      "quarter_label": "2022-06 (Q2)",
      "revenue": 121789000,
      "gross_profit": 21267000,
      "operating_income": -10122000,
      "net_income": null,
      "opex": 31389000,
      "cogs": 100522000,
      "rd": null,
      "sga": 21621000,
      "fcf": -9527000,
      "ocf": -6690000,
      "capex": -2837000,
      "gross_margin": 0.1746216817610786,
      "op_margin": -0.08311095419126523,
      "fcf_margin": -0.0782254555009073,
      "incr_op_margin_yoy": 0.0398524154367953,
      "rev_growth_yoy": 2.528377321319929,
      "rev_growth_yoy_accel": 2.3072728395660786,
      "op_leverage_ratio": 5.439616210976907,
      "fcf_margin_change": 0.194741989530625
    },
    {
      "date": "2022-09-30T00:00:00",
      "quarter_label": "2022-09 (Q3)",
      "revenue": 124786000,
      "gross_profit": 24258000,
      "operating_income": -4671000,
      "net_income": -10696000,
      "opex": 28929000,
      "cogs": 100528000,
      "rd": null,
      "sga": 22931000,
      "fcf": -12161000,
      "ocf": -7660000,
      "capex": -4501000,
      "gross_margin": 0.19439680733415607,
      "op_margin": -0.037432083727341206,
      "fcf_margin": -0.09745484269068645,
      "incr_op_margin_yoy": 0.07259475864513414,
      "rev_growth_yoy": 2.6165661952237422,
      "rev_growth_yoy_accel": 0.08818887390381303,
      "op_leverage_ratio": Infinity,
      "fcf_margin_change": -0.01922938718977915
    },
    {
      "date": "2022-12-31T00:00:00",
      "quarter_label": "2022-12 (Q4)",
      "revenue": 136068000,
      "gross_profit": 27244000,
      "operating_income": -2192000,
      "net_income": -6649,
      "opex": 29436000,
      "cogs": 108824000,
      "rd": null,
      "sga": 23517000,
      "fcf": -572000,
      "ocf": 3420000,
      "capex": -3992000,
      "gross_margin": 0.20022341770291324,
      "op_margin": -0.016109592262692183,
      "fcf_margin": -0.004203780462709822,
      "incr_op_margin_yoy": 0.06893496198334509,
      "rev_growth_yoy": 3.37320820209552,
      "rev_growth_yoy_accel": 0.7566420068717776,
      "op_leverage_ratio": 5.15876439636255,
      "fcf_margin_change": 0.09325106222797663
    },
    {
      "date": "2023-03-31T00:00:00",
      "quarter_label": "2023-03 (Q1)",
      "revenue": 133968000,
      "gross_profit": 28669000,
      "operating_income": -1853000,
      "net_income": -5820000,
      "opex": 30522000,
      "cogs": 105299000,
      "rd": null,
      "sga": 24547000,
      "fcf": -9824000,
      "ocf": -5107000,
      "capex": -4717000,
      "gross_margin": 0.2139988654006927,
      "op_margin": -0.013831661292248896,
      "fcf_margin": -0.0733309447032127,
      "incr_op_margin_yoy": 0.07662555940303344,
      "rev_growth_yoy": 2.8056928583603202,
      "rev_growth_yoy_accel": -0.5675153437351996,
      "fcf_margin_change": -0.06912716424050289
    },
    {
      "date": "2023-06-30T00:00:00",
      "quarter_label": "2023-06 (Q2)",
      "revenue": 133149000,
      "gross_profit": 30256000,
      "operating_income": -6631000,
      "net_income": -11909000,
      "opex": 36887000,
      "cogs": 102893000,
      "rd": null,
      "sga": 24055000,
      "fcf": 6811000,
      "ocf": 9757000,
      "capex": -2946000,
      "gross_margin": 0.22723415121405344,
      "op_margin": -0.04980135036688221,
      "fcf_margin": 0.05115321932571781,
      "incr_op_margin_yoy": 0.30730633802816903,
      "rev_growth_yoy": 0.09327607583607715,
      "rev_growth_yoy_accel": -2.712416782524243,
      "fcf_margin_change": 0.1244841640289305
    },
    {
      "date": "2023-09-30T00:00:00",
      "quarter_label": "2023-09 (Q3)",
      "revenue": 136089000,
      "gross_profit": 28599000,
      "operating_income": 228000,
      "net_income": -5651000,
      "opex": 28371000,
      "cogs": 107490000,
      "rd": null,
      "sga": 22515000,
      "fcf": 565000,
      "ocf": 3374000,
      "capex": -2809000,
      "gross_margin": 0.21014924057050902,
      "op_margin": 0.0016753742036461432,
      "fcf_margin": 0.004151694846754698,
      "incr_op_margin_yoy": 0.43342475448995843,
      "rev_growth_yoy": 0.09057907137018575,
      "rev_growth_yoy_accel": -0.0026970044658913978,
      "op_leverage_ratio": Infinity,
      "fcf_margin_change": -0.04700152447896311
    },
    {
      "date": "2023-12-31T00:00:00",
      "quarter_label": "2023-12 (Q4)",
      "revenue": 143893000,
      "gross_profit": 29627000,
      "operating_income": 2273000,
      "net_income": -2707000,
      "opex": 27354000,
      "cogs": 114266000,
      "rd": null,
      "sga": 21541000,
      "fcf": -1615000,
      "ocf": 583000,
      "capex": -2198000,
      "gross_margin": 0.20589604775770887,
      "op_margin": 0.015796459869486353,
      "fcf_margin": -0.011223617549151105,
      "incr_op_margin_yoy": 0.5706070287539936,
      "rev_growth_yoy": 0.05750801070053209,
      "rev_growth_yoy_accel": -0.033071060669653665,
      "op_leverage_ratio": Infinity,
      "fcf_margin_change": -0.015375312395905803
    },
    {
      "date": "2024-03-31T00:00:00",
      "quarter_label": "2024-03 (Q1)",
      "revenue": 138194000,
      "gross_profit": 30340000,
      "operating_income": 794000,
      "net_income": -4047000,
      "opex": 29546000,
      "cogs": 107854000,
      "rd": null,
      "sga": 23124000,
      "fcf": 16237000,
      "ocf": 19180000,
      "capex": -2943000,
      "gross_margin": 0.21954643472220212,
      "op_margin": 0.005745546116329219,
      "fcf_margin": 0.1174942472176795,
      "incr_op_margin_yoy": 0.626360624704212,
      "rev_growth_yoy": 0.03154484653051475,
      "rev_growth_yoy_accel": -0.025963164170017337,
      "fcf_margin_change": 0.12871786476683061
    },
    {
      "date": "2024-06-30T00:00:00",
      "quarter_label": "2024-06 (Q2)",
      "revenue": 146046000,
      "gross_profit": 32983000,
      "operating_income": 295000,
      "net_income": -5035000,
      "opex": 32688000,
      "cogs": 113063000,
      "rd": null,
      "sga": 24855000,
      "fcf": 937000,
      "ocf": 5652000,
      "capex": -4715000,
      "gross_margin": 0.22583980389740219,
      "op_margin": 0.002019911534721937,
      "fcf_margin": 0.006415786806896457,
      "incr_op_margin_yoy": 0.5370241141350701,
      "rev_growth_yoy": 0.09686141090057004,
      "rev_growth_yoy_accel": 0.06531656437005529,
      "op_leverage_ratio": 0.5342980831741929,
      "fcf_margin_change": -0.11107846041078304
    },
    {
      "date": "2024-09-30T00:00:00",
      "quarter_label": "2024-09 (Q3)",
      "revenue": 145546000,
      "gross_profit": 34659000,
      "operating_income": -45000,
      "net_income": -4542000,
      "opex": 34704000,
      "cogs": 110887000,
      "rd": null,
      "sga": 26726000,
      "fcf": -8102000,
      "ocf": -4137000,
      "capex": -3965000,
      "gross_margin": 0.23813090019650146,
      "op_margin": -0.00030918060269605484,
      "fcf_margin": -0.0556662498454097,
      "incr_op_margin_yoy": -0.028867505551443375,
      "rev_growth_yoy": 0.06949128878895429,
      "rev_growth_yoy_accel": -0.027370122111615755,
      "fcf_margin_change": -0.06208203665230616
    },
    {
      "date": "2024-12-31T00:00:00",
      "quarter_label": "2024-12 (Q4)",
      "revenue": 146818000,
      "gross_profit": 45520000,
      "operating_income": 777000,
      "net_income": -32134000,
      "opex": 44743000,
      "cogs": 101298000,
      "rd": null,
      "sga": 36520000,
      "fcf": -15484000,
      "ocf": -9166000,
      "capex": -6318000,
      "gross_margin": 0.3100437276083314,
      "op_margin": 0.005292266615810051,
      "fcf_margin": -0.10546390769524172,
      "incr_op_margin_yoy": -0.5114529914529915,
      "rev_growth_yoy": 0.0203276045394842,
      "rev_growth_yoy_accel": -0.04916368424947009,
      "fcf_margin_change": -0.04979765784983202
    },
    {
      "date": "2025-03-31T00:00:00",
      "quarter_label": "2025-03 (Q1)",
      "revenue": 135670000,
      "gross_profit": 44437000,
      "operating_income": 569000,
      "net_income": -22058000,
      "opex": 43868000,
      "cogs": 91233000,
      "rd": null,
      "sga": 34217000,
      "fcf": 7846000,
      "ocf": 10663000,
      "capex": -2817000,
      "gross_margin": 0.32753740694331834,
      "op_margin": 0.004194000147416525,
      "fcf_margin": 0.05783150291147637,
      "incr_op_margin_yoy": 0.08914421553090333,
      "rev_growth_yoy": -0.018264179342084318,
      "rev_growth_yoy_accel": -0.03859178388156852,
      "fcf_margin_change": 0.1632954106067181
    },
    {
      "date": "2025-06-30T00:00:00",
      "quarter_label": "2025-06 (Q2)",
      "revenue": 231667000,
      "gross_profit": 48539000,
      "operating_income": -28401000,
      "net_income": -28770000,
      "opex": 76940000,
      "cogs": 183128000,
      "rd": null,
      "sga": 34299000,
      "fcf": -10582000,
      "ocf": -6483000,
      "capex": -4099000,
      "gross_margin": 0.20952056184091822,
      "op_margin": -0.1225940682099738,
      "fcf_margin": -0.04567763211851494,
      "incr_op_margin_yoy": -0.3351514231321755,
      "rev_growth_yoy": 0.5862604932692439,
      "rev_growth_yoy_accel": 0.6045246726113283,
      "op_leverage_ratio": 0.9385582070085325,
      "fcf_margin_change": -0.10350913502999132
    },
    {
      "date": "2025-09-30T00:00:00",
      "quarter_label": "2025-09 (Q3)",
      "revenue": 171448000,
      "gross_profit": 53008000,
      "operating_income": 383000,
      "net_income": -4297000,
      "opex": 52625000,
      "cogs": 118440000,
      "rd": null,
      "sga": 39637000,
      "fcf": 4943000,
      "ocf": 8923000,
      "capex": -3980000,
      "gross_margin": 0.30917829312677897,
      "op_margin": 0.0022339134898044888,
      "fcf_margin": 0.028830899164761326,
      "incr_op_margin_yoy": 0.016523820554397346,
      "rev_growth_yoy": 0.17796435491184917,
      "rev_growth_yoy_accel": -0.40829613835739476,
      "fcf_margin_change": 0.07450853128327627
    }
  ],
  "signals": [
    {
      "quarter": "2025-09 (Q3)",
      "signal": "FCF TURNED POSITIVE",
      "detail": "FCF margin: -4.6% -> +2.9%",
      "severity": "HIGH"
    },
    {
      "quarter": "2025-09 (Q3)",
      "signal": "GROSS MARGIN INFLECTION",
      "detail": "GM: +32.8% -> +21.0% -> +30.9% (reversal +10.0%)",
      "severity": "HIGH"
    },
    {
      "quarter": "2025-09 (Q3)",
      "signal": "YoY REVENUE GROWTH DECELERATION",
      "detail": "YoY growth: +17.8% vs prior quarter YoY: +58.6% (decel: -40.8%)",
      "severity": "WARNING"
    },
    {
      "quarter": "2025-09 (Q3)",
      "signal": "OP MARGIN TURNED POSITIVE (YoY)",
      "detail": "Op margin: -0.0% (year-ago) -> +0.2%",
      "severity": "HIGH"
    },
    {
      "quarter": "2025-09 (Q3)",
      "signal": "OP MARGIN TURNED POSITIVE (QoQ)",
      "detail": "Op margin: -12.3% -> +0.2%",
      "severity": "HIGH"
    },
    {
      "quarter": "2025-06 (Q2)",
      "signal": "YoY REVENUE GROWTH ACCELERATION",
      "detail": "YoY growth: +58.6% vs prior quarter YoY: -1.8% (accel: +60.5%)",
      "severity": "HIGH"
    },
    {
      "quarter": "2025-03 (Q1)",
      "signal": "FCF TURNED POSITIVE",
      "detail": "FCF margin: -10.5% -> +5.8%",
      "severity": "HIGH"
    },
    {
      "quarter": "2024-12 (Q4)",
      "signal": "OP MARGIN TURNED POSITIVE (QoQ)",
      "detail": "Op margin: -0.0% -> +0.5%",
      "severity": "HIGH"
    },
    {
      "quarter": "2024-06 (Q2)",
      "signal": "YoY REVENUE GROWTH ACCELERATION",
      "detail": "YoY growth: +9.7% vs prior quarter YoY: +3.2% (accel: +6.5%)",
      "severity": "MEDIUM"
    },
    {
      "quarter": "2024-06 (Q2)",
      "signal": "OP MARGIN TURNED POSITIVE (YoY)",
      "detail": "Op margin: -5.0% (year-ago) -> +0.2%",
      "severity": "HIGH"
    },
    {
      "quarter": "2024-03 (Q1)",
      "signal": "FCF TURNED POSITIVE",
      "detail": "FCF margin: -1.1% -> +11.7%",
      "severity": "HIGH"
    },
    {
      "quarter": "2024-03 (Q1)",
      "signal": "OP MARGIN TURNED POSITIVE (YoY)",
      "detail": "Op margin: -1.4% (year-ago) -> +0.6%",
      "severity": "HIGH"
    },
    {
      "quarter": "2023-12 (Q4)",
      "signal": "OP MARGIN TURNED POSITIVE (YoY)",
      "detail": "Op margin: -1.6% (year-ago) -> +1.6%",
      "severity": "HIGH"
    },
    {
      "quarter": "2023-09 (Q3)",
      "signal": "OP MARGIN TURNED POSITIVE (YoY)",
      "detail": "Op margin: -3.7% (year-ago) -> +0.2%",
      "severity": "HIGH"
    },
    {
      "quarter": "2023-09 (Q3)",
      "signal": "OP MARGIN TURNED POSITIVE (QoQ)",
      "detail": "Op margin: -5.0% -> +0.2%",
      "severity": "HIGH"
    },
    {
      "quarter": "2023-06 (Q2)",
      "signal": "FCF TURNED POSITIVE",
      "detail": "FCF margin: -7.3% -> +5.1%",
      "severity": "HIGH"
    },
    {
      "quarter": "2023-06 (Q2)",
      "signal": "YoY REVENUE GROWTH DECELERATION",
      "detail": "YoY growth: +9.3% vs prior quarter YoY: +280.6% (decel: -271.2%)",
      "severity": "WARNING"
    },
    {
      "quarter": "2023-03 (Q1)",
      "signal": "YoY REVENUE GROWTH DECELERATION",
      "detail": "YoY growth: +280.6% vs prior quarter YoY: +337.3% (decel: -56.8%)",
      "severity": "WARNING"
    },
    {
      "quarter": "2022-12 (Q4)",
      "signal": "FCF MARGIN EXPANSION",
      "detail": "FCF margin: -9.7% -> -0.4% (+9.3%)",
      "severity": "MEDIUM"
    },
    {
      "quarter": "2022-12 (Q4)",
      "signal": "OPERATING LEVERAGE",
      "detail": "Rev growth +9.0% vs OpEx growth +1.8% (leverage: 5.2x)",
      "severity": "MEDIUM"
    },
    {
      "quarter": "2022-12 (Q4)",
      "signal": "YoY REVENUE GROWTH ACCELERATION",
      "detail": "YoY growth: +337.3% vs prior quarter YoY: +261.7% (accel: +75.7%)",
      "severity": "HIGH"
    },
    {
      "quarter": "2022-09 (Q3)",
      "signal": "YoY REVENUE GROWTH ACCELERATION",
      "detail": "YoY growth: +261.7% vs prior quarter YoY: +252.8% (accel: +8.8%)",
      "severity": "MEDIUM"
    },
    {
      "quarter": "2022-06 (Q2)",
      "signal": "FCF MARGIN EXPANSION",
      "detail": "FCF margin: -27.3% -> -7.8% (+19.5%)",
      "severity": "MEDIUM"
    },
    {
      "quarter": "2022-06 (Q2)",
      "signal": "OPERATING LEVERAGE",
      "detail": "Rev growth +246.0% vs OpEx growth +45.2% (leverage: 5.4x)",
      "severity": "MEDIUM"
    },
    {
      "quarter": "2022-06 (Q2)",
      "signal": "YoY REVENUE GROWTH ACCELERATION",
      "detail": "YoY growth: +252.8% vs prior quarter YoY: +22.1% (accel: +230.7%)",
      "severity": "HIGH"
    },
    {
      "quarter": "2022-03 (Q1)",
      "signal": "FCF MARGIN EXPANSION",
      "detail": "FCF margin: -44.9% -> -27.3% (+17.6%)",
      "severity": "MEDIUM"
    },
    {
      "quarter": "2022-03 (Q1)",
      "signal": "OPERATING LEVERAGE",
      "detail": "Rev growth +13.1% vs OpEx growth +8.3% (leverage: 1.6x)",
      "severity": "MEDIUM"
    },
    {
      "quarter": "2022-03 (Q1)",
      "signal": "YoY REVENUE GROWTH ACCELERATION",
      "detail": "YoY growth: +22.1% vs prior quarter YoY: -3.7% (accel: +25.8%)",
      "severity": "HIGH"
    },
    {
      "quarter": "2021-12 (Q4)",
      "signal": "GROSS MARGIN INFLECTION",
      "detail": "GM: +35.2% -> +29.8% -> +33.9% (reversal +4.0%)",
      "severity": "MEDIUM"
    },
    {
      "quarter": "2021-06 (Q2)",
      "signal": "FCF MARGIN EXPANSION",
      "detail": "FCF margin: -30.9% -> -24.9% (+6.0%)",
      "severity": "MEDIUM"
    },
    {
      "quarter": "2021-06 (Q2)",
      "signal": "GROSS MARGIN INFLECTION",
      "detail": "GM: +24.7% -> +19.9% -> +35.2% (reversal +15.4%)",
      "severity": "HIGH"
    },
    {
      "quarter": "2021-03 (Q1)",
      "signal": "FCF MARGIN EXPANSION",
      "detail": "FCF margin: -46.4% -> -30.9% (+15.6%)",
      "severity": "MEDIUM"
    }
  ],
  "data_quality": {
    "n_quarters": 20,
    "coverage": {
      "revenue": [
        20,
        20
      ],
      "gross_profit": [
        20,
        20
      ],
      "op_income": [
        20,
        20
      ],
      "fcf": [
        20,
        20
      ]
    },
    "gaps": [],
    "warnings": []
  },
  "market_cap": null,
  "source": "SEC EDGAR",
  "last_updated": "2026-02-02T22:35:15.642047",
  "sector": "Technology",
  "industry": "Software - Infrastructure"
}