{
  "ticker": "LSCC",
  "name": "Lattice Semiconductor Corp",
  "sector": "Technology",
  "industry": "Semiconductors",
  "quarters": [
    {
      "date": "2021-04-03T00:00:00",
      "quarter_label": "2021-04 (Q2)",
      "revenue": 115716000,
      "gross_profit": 70586000,
      "operating_income": 20649000,
      "net_income": 18813000,
      "opex": 49937000,
      "cogs": 45130000,
      "rd": 24066000,
      "sga": 25092000,
      "fcf": 28101000,
      "ocf": 29371000,
      "capex": -1270000,
      "gross_margin": 0.6099934321960663,
      "op_margin": 0.17844550451104427,
      "fcf_margin": 0.24284455045110442
    },
    {
      "date": "2021-07-03T00:00:00",
      "quarter_label": "2021-07 (Q3)",
      "revenue": 125905000,
      "gross_profit": 77184000,
      "operating_income": 23316000,
      "net_income": 21838000,
      "opex": 53868000,
      "cogs": 48721000,
      "rd": 27454000,
      "sga": 25607000,
      "fcf": 38190000,
      "ocf": 41333000,
      "capex": -3143000,
      "gross_margin": 0.6130336364719431,
      "op_margin": 0.18518724435089948,
      "fcf_margin": 0.3033239347126802,
      "op_leverage_ratio": 1.1185555418933322,
      "fcf_margin_change": 0.060479384261575786
    },
    {
      "date": "2021-10-02T00:00:00",
      "quarter_label": "2021-10 (Q4)",
      "revenue": 131911000,
      "gross_profit": 82825000,
      "operating_income": 27015000,
      "net_income": 26739000,
      "opex": 55810000,
      "cogs": 49086000,
      "rd": 28769000,
      "sga": 26272000,
      "fcf": 42654000,
      "ocf": 45359000,
      "capex": -2705000,
      "gross_margin": 0.6278854682323688,
      "op_margin": 0.20479717385206692,
      "fcf_margin": 0.32335438287936563,
      "op_leverage_ratio": 1.3231953816060702,
      "fcf_margin_change": 0.02003044816668542
    },
    {
      "date": "2022-01-01T00:00:00",
      "quarter_label": "2022-01 (Q1)",
      "revenue": 141795000,
      "gross_profit": 91080000,
      "operating_income": 29836000,
      "net_income": 28532000,
      "opex": 61244000,
      "cogs": 50715000,
      "rd": 30229000,
      "sga": 28646000,
      "fcf": 48942000,
      "ocf": 51659000,
      "capex": -2717000,
      "gross_margin": 0.6423357664233577,
      "op_margin": 0.2104164462780775,
      "fcf_margin": 0.34516026658203747,
      "op_leverage_ratio": 0.7695628821595333,
      "fcf_margin_change": 0.021805883702671836
    },
    {
      "date": "2022-04-02T00:00:00",
      "quarter_label": "2022-04 (Q2)",
      "revenue": 150515000,
      "gross_profit": 100767000,
      "operating_income": 37763000,
      "net_income": 36078000,
      "opex": 63004000,
      "cogs": 49748000,
      "rd": 32555000,
      "sga": 28771000,
      "fcf": 38779000,
      "ocf": 43205000,
      "capex": -4426000,
      "gross_margin": 0.6694814470318573,
      "op_margin": 0.25089193768062984,
      "fcf_margin": 0.25764209547221206,
      "incr_op_margin_yoy": 0.49179574125693265,
      "rev_growth_yoy": 0.30072764354108333,
      "op_leverage_ratio": 2.139963904356161,
      "fcf_margin_change": -0.0875181711098254
    },
    {
      "date": "2022-07-02T00:00:00",
      "quarter_label": "2022-07 (Q3)",
      "revenue": 161372000,
      "gross_profit": 110485000,
      "operating_income": 46786000,
      "net_income": 44532000,
      "opex": 63699000,
      "cogs": 50887000,
      "rd": 33613000,
      "sga": 29024000,
      "fcf": 45222000,
      "ocf": 49713000,
      "capex": -4491000,
      "gross_margin": 0.6846602880301416,
      "op_margin": 0.28992638128051956,
      "fcf_margin": 0.28023448925464145,
      "incr_op_margin_yoy": 0.6617419009219838,
      "rev_growth_yoy": 0.28169651721536076,
      "rev_growth_yoy_accel": -0.01903112632572257,
      "op_leverage_ratio": 6.539030651836368,
      "fcf_margin_change": 0.022592393782429387
    },
    {
      "date": "2022-10-01T00:00:00",
      "quarter_label": "2022-10 (Q4)",
      "revenue": 172509000,
      "gross_profit": 118732000,
      "operating_income": 48802000,
      "net_income": 46359000,
      "opex": 69930000,
      "cogs": 53777000,
      "rd": 34820000,
      "sga": 31926000,
      "fcf": 59744000,
      "ocf": 63907000,
      "capex": -4163000,
      "gross_margin": 0.6882655397689396,
      "op_margin": 0.28289538516831003,
      "fcf_margin": 0.34632395990933806,
      "incr_op_margin_yoy": 0.536652051825213,
      "rev_growth_yoy": 0.30776811638149965,
      "rev_growth_yoy_accel": 0.02607159916613888,
      "op_leverage_ratio": 0.7055290514316386,
      "fcf_margin_change": 0.06608947065469661
    },
    {
      "date": "2022-12-31T00:00:00",
      "quarter_label": "2022-12 (Q4)",
      "revenue": 175960000,
      "gross_profit": 122066000,
      "operating_income": 54016000,
      "net_income": 51913000,
      "opex": 68050000,
      "cogs": 53894000,
      "rd": 34779000,
      "sga": 32355000,
      "fcf": 71723000,
      "ocf": 81981000,
      "capex": -10258000,
      "gross_margin": 0.6937144805637645,
      "op_margin": 0.3069788588315526,
      "fcf_margin": 0.40760968401909525,
      "incr_op_margin_yoy": 0.7077418410654178,
      "rev_growth_yoy": 0.24094643675729047,
      "rev_growth_yoy_accel": -0.06682167962420918,
      "op_leverage_ratio": null,
      "fcf_margin_change": 0.06128572410975719
    },
    {
      "date": "2023-04-01T00:00:00",
      "quarter_label": "2023-04 (Q2)",
      "revenue": 184310000,
      "gross_profit": 128601000,
      "operating_income": 59134000,
      "net_income": 55923000,
      "opex": 69467000,
      "cogs": 55709000,
      "rd": 35989000,
      "sga": 32578000,
      "fcf": 36450000,
      "ocf": 44864000,
      "capex": -8414000,
      "gross_margin": 0.6977429331018393,
      "op_margin": 0.3208398893169117,
      "fcf_margin": 0.19776463566816777,
      "incr_op_margin_yoy": 0.632371652611333,
      "rev_growth_yoy": 0.2245291166993323,
      "rev_growth_yoy_accel": -0.01641732005795818,
      "op_leverage_ratio": 2.278929034201813,
      "fcf_margin_change": -0.2098450483509275
    },
    {
      "date": "2023-07-01T00:00:00",
      "quarter_label": "2023-07 (Q3)",
      "revenue": 190079000,
      "gross_profit": 132561000,
      "operating_income": 53070000,
      "net_income": 50644000,
      "opex": 79491000,
      "cogs": 57518000,
      "rd": 41946000,
      "sga": 36788000,
      "fcf": 67065000,
      "ocf": 70594000,
      "capex": -3529000,
      "gross_margin": 0.6973995023121965,
      "op_margin": 0.2791997011768791,
      "fcf_margin": 0.3528269824651855,
      "incr_op_margin_yoy": 0.2189013132685408,
      "rev_growth_yoy": 0.17789331482537243,
      "rev_growth_yoy_accel": -0.04663580187395985,
      "op_leverage_ratio": 0.2169147705103,
      "fcf_margin_change": 0.15506234679701775
    },
    {
      "date": "2023-09-30T00:00:00",
      "quarter_label": "2023-09 (Q3)",
      "revenue": 192169000,
      "gross_profit": 134561000,
      "operating_income": 56917000,
      "net_income": 53788000,
      "opex": 77644000,
      "cogs": 57608000,
      "rd": 42048000,
      "sga": 33217000,
      "fcf": 77733000,
      "ocf": 82160000,
      "capex": -4427000,
      "gross_margin": 0.7002222002508209,
      "op_margin": 0.29618200646306114,
      "fcf_margin": 0.40450332780000936,
      "incr_op_margin_yoy": 0.41276703967446593,
      "rev_growth_yoy": 0.11396506848918027,
      "rev_growth_yoy_accel": -0.06392824633619217,
      "op_leverage_ratio": null,
      "fcf_margin_change": 0.05167634533482385
    },
    {
      "date": "2023-12-30T00:00:00",
      "quarter_label": "2023-12 (Q4)",
      "revenue": 170596000,
      "gross_profit": 118947000,
      "operating_income": 43149000,
      "net_income": 98706000,
      "opex": 75798000,
      "cogs": 51649000,
      "rd": 39787000,
      "sga": 34661000,
      "fcf": 68242000,
      "ocf": 71970000,
      "capex": -3728000,
      "gross_margin": 0.6972437806279163,
      "op_margin": 0.2529309010762269,
      "fcf_margin": 0.40002110248774886,
      "incr_op_margin_yoy": 2.0259134973900075,
      "rev_growth_yoy": -0.030484200954762446,
      "rev_growth_yoy_accel": -0.1444492694439427,
      "fcf_margin_change": -0.004482225312260502
    },
    {
      "date": "2024-03-30T00:00:00",
      "quarter_label": "2024-03 (Q1)",
      "revenue": 140815000,
      "gross_profit": 96208000,
      "operating_income": 16574000,
      "net_income": 14796000,
      "opex": 79634000,
      "cogs": 44607000,
      "rd": 40591000,
      "sga": 36469000,
      "fcf": 26085000,
      "ocf": 29511000,
      "capex": -3426000,
      "gross_margin": 0.6832226680396265,
      "op_margin": 0.11770052906295494,
      "fcf_margin": 0.185243049391045,
      "incr_op_margin_yoy": 0.9785032762386481,
      "rev_growth_yoy": -0.23598828061418262,
      "rev_growth_yoy_accel": -0.20550407965942016,
      "fcf_margin_change": -0.21477805309670386
    },
    {
      "date": "2024-06-29T00:00:00",
      "quarter_label": "2024-06 (Q2)",
      "revenue": 124076000,
      "gross_profit": 84751000,
      "operating_income": 22565000,
      "net_income": 22631000,
      "opex": 62186000,
      "cogs": 39325000,
      "rd": 38733000,
      "sga": 20005000,
      "fcf": 14776000,
      "ocf": 21931000,
      "capex": -7155000,
      "gross_margin": 0.6830571585157484,
      "op_margin": 0.181864341210226,
      "fcf_margin": 0.11908830071891421,
      "incr_op_margin_yoy": 0.46217596169871067,
      "rev_growth_yoy": -0.3472398318593848,
      "rev_growth_yoy_accel": -0.11125155124520217,
      "fcf_margin_change": -0.06615474867213078
    },
    {
      "date": "2024-09-28T00:00:00",
      "quarter_label": "2024-09 (Q3)",
      "revenue": 127091000,
      "gross_profit": 87688000,
      "operating_income": 7527000,
      "net_income": 7190000,
      "opex": 80161000,
      "cogs": 39403000,
      "rd": 41398000,
      "sga": 30994000,
      "fcf": 39363000,
      "ocf": 44013000,
      "capex": -4650000,
      "gross_margin": 0.6899623104704503,
      "op_margin": 0.05922527952412051,
      "fcf_margin": 0.3097229544184875,
      "incr_op_margin_yoy": 0.7589354313285596,
      "rev_growth_yoy": -0.33864983426046863,
      "rev_growth_yoy_accel": 0.008589997598916155,
      "op_leverage_ratio": 0.08406655600423643,
      "fcf_margin_change": 0.1906346536995733
    },
    {
      "date": "2024-12-28T00:00:00",
      "quarter_label": "2024-12 (Q4)",
      "revenue": 117419000,
      "gross_profit": 71753000,
      "operating_income": -12209000,
      "net_income": 16514000,
      "opex": 83962000,
      "cogs": 45666000,
      "rd": 38580000,
      "sga": 29474000,
      "fcf": 39667000,
      "ocf": 45421000,
      "capex": -5754000,
      "gross_margin": 0.6110850884439486,
      "op_margin": -0.10397806147216379,
      "fcf_margin": 0.33782437254618075,
      "incr_op_margin_yoy": 1.041013972206029,
      "rev_growth_yoy": -0.3117130530610331,
      "rev_growth_yoy_accel": 0.026936781199435544,
      "fcf_margin_change": 0.028101418127693234
    },
    {
      "date": "2025-03-29T00:00:00",
      "quarter_label": "2025-03 (Q1)",
      "revenue": 120150000,
      "gross_profit": 81728000,
      "operating_income": 6974000,
      "net_income": 5022000,
      "opex": 74754000,
      "cogs": 38422000,
      "rd": 41387000,
      "sga": 33126000,
      "fcf": 23276000,
      "ocf": 31892000,
      "capex": -8616000,
      "gross_margin": 0.6802163961714524,
      "op_margin": 0.058044111527257594,
      "fcf_margin": 0.19372451102788182,
      "incr_op_margin_yoy": 0.4645535930316961,
      "rev_growth_yoy": -0.14675283172957426,
      "rev_growth_yoy_accel": 0.16496022133145882,
      "op_leverage_ratio": null,
      "fcf_margin_change": -0.14409986151829893
    },
    {
      "date": "2025-06-28T00:00:00",
      "quarter_label": "2025-06 (Q2)",
      "revenue": 123971000,
      "gross_profit": 84751000,
      "operating_income": 4706000,
      "net_income": 2913000,
      "opex": 80045000,
      "cogs": 39220000,
      "rd": 43530000,
      "sga": 34811000,
      "fcf": 31301000,
      "ocf": 38531000,
      "capex": -7230000,
      "gross_margin": 0.6836356889917803,
      "op_margin": 0.037960490759935794,
      "fcf_margin": 0.2524864686095942,
      "rev_growth_yoy": -0.0008462555208098262,
      "rev_growth_yoy_accel": 0.14590657620876443,
      "op_leverage_ratio": 0.44931398594319943,
      "fcf_margin_change": 0.05876195758171235
    },
    {
      "date": "2025-09-27T00:00:00",
      "quarter_label": "2025-09 (Q3)",
      "revenue": 133349000,
      "gross_profit": 90527000,
      "operating_income": -1534000,
      "net_income": 2794000,
      "opex": 92061000,
      "cogs": 42822000,
      "rd": 49633000,
      "sga": 41402000,
      "fcf": 34026000,
      "ocf": 47100000,
      "capex": -13074000,
      "gross_margin": 0.6788727324539366,
      "op_margin": -0.011503648321322245,
      "fcf_margin": 0.255165018110372,
      "incr_op_margin_yoy": -1.4479066794503037,
      "rev_growth_yoy": 0.04924030812567373,
      "rev_growth_yoy_accel": 0.050086563646483555,
      "op_leverage_ratio": 0.5039232697252196,
      "fcf_margin_change": 0.002678549500777838
    },
    {
      "date": "2026-01-03T00:00:00",
      "quarter_label": "2026-01 (Q1)",
      "revenue": 145792000,
      "gross_profit": 99937000,
      "operating_income": 1086000,
      "net_income": -7645000,
      "opex": 98851000,
      "cogs": 45855000,
      "rd": 53433000,
      "sga": 44293000,
      "fcf": 43977000,
      "ocf": 57584000,
      "capex": -13607000,
      "gross_margin": 0.685476569359087,
      "op_margin": 0.00744896839332748,
      "fcf_margin": 0.30164206540825284,
      "incr_op_margin_yoy": 0.4685792831212773,
      "rev_growth_yoy": 0.24163891704068335,
      "rev_growth_yoy_accel": 0.19239860891500962,
      "op_leverage_ratio": 1.265147762295515,
      "fcf_margin_change": 0.046477047297880825
    }
  ],
  "signals": [
    {
      "quarter": "2026-01 (Q1)",
      "signal": "YoY REVENUE GROWTH ACCELERATION",
      "detail": "YoY growth: +24.2% vs prior quarter YoY: +4.9% (accel: +19.2%)",
      "severity": "HIGH"
    },
    {
      "quarter": "2026-01 (Q1)",
      "signal": "OP MARGIN TURNED POSITIVE (YoY)",
      "detail": "Op margin: -10.4% (year-ago) -> +0.7%",
      "severity": "HIGH"
    },
    {
      "quarter": "2026-01 (Q1)",
      "signal": "OP MARGIN TURNED POSITIVE (QoQ)",
      "detail": "Op margin: -1.2% -> +0.7%",
      "severity": "HIGH"
    },
    {
      "quarter": "2025-09 (Q3)",
      "signal": "YoY REVENUE GROWTH ACCELERATION",
      "detail": "YoY growth: +4.9% vs prior quarter YoY: -0.1% (accel: +5.0%)",
      "severity": "MEDIUM"
    },
    {
      "quarter": "2025-06 (Q2)",
      "signal": "FCF MARGIN EXPANSION",
      "detail": "FCF margin: +19.4% -> +25.2% (+5.9%)",
      "severity": "MEDIUM"
    },
    {
      "quarter": "2025-06 (Q2)",
      "signal": "YoY REVENUE GROWTH ACCELERATION",
      "detail": "YoY growth: -0.1% vs prior quarter YoY: -14.7% (accel: +14.6%)",
      "severity": "MEDIUM"
    },
    {
      "quarter": "2025-03 (Q1)",
      "signal": "GROSS MARGIN INFLECTION",
      "detail": "GM: +69.0% -> +61.1% -> +68.0% (reversal +6.9%)",
      "severity": "HIGH"
    },
    {
      "quarter": "2025-03 (Q1)",
      "signal": "YoY REVENUE GROWTH ACCELERATION",
      "detail": "YoY growth: -14.7% vs prior quarter YoY: -31.2% (accel: +16.5%)",
      "severity": "HIGH"
    },
    {
      "quarter": "2025-03 (Q1)",
      "signal": "INCREMENTAL MARGIN (YoY)",
      "detail": "YoY Incr OPM: +46.5% vs year-ago OPM: +11.8%",
      "severity": "HIGH"
    },
    {
      "quarter": "2025-03 (Q1)",
      "signal": "OP MARGIN TURNED POSITIVE (QoQ)",
      "detail": "Op margin: -10.4% -> +5.8%",
      "severity": "HIGH"
    },
    {
      "quarter": "2024-09 (Q3)",
      "signal": "FCF MARGIN EXPANSION",
      "detail": "FCF margin: +11.9% -> +31.0% (+19.1%)",
      "severity": "MEDIUM"
    },
    {
      "quarter": "2024-09 (Q3)",
      "signal": "INCREMENTAL MARGIN (YoY)",
      "detail": "YoY Incr OPM: +75.9% vs year-ago OPM: +29.6%",
      "severity": "HIGH"
    },
    {
      "quarter": "2024-06 (Q2)",
      "signal": "YoY REVENUE GROWTH DECELERATION",
      "detail": "YoY growth: -34.7% vs prior quarter YoY: -23.6% (decel: -11.1%)",
      "severity": "WARNING"
    },
    {
      "quarter": "2024-06 (Q2)",
      "signal": "INCREMENTAL MARGIN (YoY)",
      "detail": "YoY Incr OPM: +46.2% vs year-ago OPM: +27.9%",
      "severity": "MEDIUM"
    },
    {
      "quarter": "2024-03 (Q1)",
      "signal": "YoY REVENUE GROWTH DECELERATION",
      "detail": "YoY growth: -23.6% vs prior quarter YoY: -3.0% (decel: -20.6%)",
      "severity": "WARNING"
    },
    {
      "quarter": "2024-03 (Q1)",
      "signal": "INCREMENTAL MARGIN (YoY)",
      "detail": "YoY Incr OPM: +97.9% vs year-ago OPM: +32.1%",
      "severity": "HIGH"
    },
    {
      "quarter": "2023-12 (Q4)",
      "signal": "YoY REVENUE GROWTH DECELERATION",
      "detail": "YoY growth: -3.0% vs prior quarter YoY: +11.4% (decel: -14.4%)",
      "severity": "WARNING"
    },
    {
      "quarter": "2023-12 (Q4)",
      "signal": "INCREMENTAL MARGIN (YoY)",
      "detail": "YoY Incr OPM: +202.6% vs year-ago OPM: +30.7%",
      "severity": "HIGH"
    },
    {
      "quarter": "2023-09 (Q3)",
      "signal": "FCF MARGIN EXPANSION",
      "detail": "FCF margin: +35.3% -> +40.5% (+5.2%)",
      "severity": "MEDIUM"
    },
    {
      "quarter": "2023-09 (Q3)",
      "signal": "YoY REVENUE GROWTH DECELERATION",
      "detail": "YoY growth: +11.4% vs prior quarter YoY: +17.8% (decel: -6.4%)",
      "severity": "WARNING"
    },
    {
      "quarter": "2023-09 (Q3)",
      "signal": "INCREMENTAL MARGIN (YoY)",
      "detail": "YoY Incr OPM: +41.3% vs year-ago OPM: +28.3%",
      "severity": "MEDIUM"
    },
    {
      "quarter": "2023-07 (Q3)",
      "signal": "FCF MARGIN EXPANSION",
      "detail": "FCF margin: +19.8% -> +35.3% (+15.5%)",
      "severity": "MEDIUM"
    },
    {
      "quarter": "2023-04 (Q2)",
      "signal": "OPERATING LEVERAGE",
      "detail": "Rev growth +4.7% vs OpEx growth +2.1% (leverage: 2.3x)",
      "severity": "MEDIUM"
    },
    {
      "quarter": "2023-04 (Q2)",
      "signal": "INCREMENTAL MARGIN (YoY)",
      "detail": "YoY Incr OPM: +63.2% vs year-ago OPM: +25.1%",
      "severity": "HIGH"
    },
    {
      "quarter": "2022-12 (Q4)",
      "signal": "FCF MARGIN EXPANSION",
      "detail": "FCF margin: +34.6% -> +40.8% (+6.1%)",
      "severity": "MEDIUM"
    },
    {
      "quarter": "2022-12 (Q4)",
      "signal": "YoY REVENUE GROWTH DECELERATION",
      "detail": "YoY growth: +24.1% vs prior quarter YoY: +30.8% (decel: -6.7%)",
      "severity": "WARNING"
    },
    {
      "quarter": "2022-12 (Q4)",
      "signal": "INCREMENTAL MARGIN (YoY)",
      "detail": "YoY Incr OPM: +70.8% vs year-ago OPM: +21.0%",
      "severity": "HIGH"
    },
    {
      "quarter": "2022-10 (Q4)",
      "signal": "FCF MARGIN EXPANSION",
      "detail": "FCF margin: +28.0% -> +34.6% (+6.6%)",
      "severity": "MEDIUM"
    },
    {
      "quarter": "2022-10 (Q4)",
      "signal": "INCREMENTAL MARGIN (YoY)",
      "detail": "YoY Incr OPM: +53.7% vs year-ago OPM: +20.5%",
      "severity": "HIGH"
    },
    {
      "quarter": "2022-07 (Q3)",
      "signal": "OPERATING LEVERAGE",
      "detail": "Rev growth +7.2% vs OpEx growth +1.1% (leverage: 6.5x)",
      "severity": "MEDIUM"
    },
    {
      "quarter": "2022-07 (Q3)",
      "signal": "INCREMENTAL MARGIN (YoY)",
      "detail": "YoY Incr OPM: +66.2% vs year-ago OPM: +18.5%",
      "severity": "HIGH"
    },
    {
      "quarter": "2022-04 (Q2)",
      "signal": "OPERATING LEVERAGE",
      "detail": "Rev growth +6.1% vs OpEx growth +2.9% (leverage: 2.1x)",
      "severity": "MEDIUM"
    },
    {
      "quarter": "2022-04 (Q2)",
      "signal": "INCREMENTAL MARGIN (YoY)",
      "detail": "YoY Incr OPM: +49.2% vs year-ago OPM: +17.8%",
      "severity": "HIGH"
    },
    {
      "quarter": "2021-07 (Q3)",
      "signal": "FCF MARGIN EXPANSION",
      "detail": "FCF margin: +24.3% -> +30.3% (+6.0%)",
      "severity": "MEDIUM"
    }
  ],
  "data_quality": {
    "n_quarters": 20,
    "coverage": {
      "revenue": [
        20,
        20
      ],
      "gross_profit": [
        20,
        20
      ],
      "op_income": [
        20,
        20
      ],
      "fcf": [
        20,
        20
      ]
    },
    "gaps": [],
    "warnings": []
  },
  "market_cap": null,
  "source": "SEC EDGAR",
  "last_updated": "2026-02-24T10:41:47.125253"
}