{
  "ticker": "LSF",
  "name": "Laird Superfood, Inc.",
  "quarters": [
    {
      "date": "2020-12-31T00:00:00",
      "quarter_label": "2020-12 (Q4)",
      "revenue": 7301270,
      "gross_profit": 1481508,
      "operating_income": -4507020,
      "net_income": -4493597,
      "opex": 5988528,
      "cogs": 5819762,
      "rd": 144180,
      "sga": null,
      "fcf": -7771170,
      "ocf": -7586076,
      "capex": -185094,
      "gross_margin": 0.2029110004149963,
      "op_margin": -0.6172926079983345,
      "fcf_margin": -1.0643586663690014
    },
    {
      "date": "2021-03-31T00:00:00",
      "quarter_label": "2021-03 (Q1)",
      "revenue": 7426254,
      "gross_profit": 1866755,
      "operating_income": -5344405,
      "net_income": -5330504,
      "opex": 7211160,
      "cogs": 5559499,
      "rd": 240687,
      "sga": null,
      "fcf": -5265973,
      "ocf": -5143385,
      "capex": -122588,
      "gross_margin": 0.2513723608160992,
      "op_margin": -0.7196636419923154,
      "fcf_margin": -0.7091021933804041,
      "op_leverage_ratio": 0.08384561159362076,
      "fcf_margin_change": 0.3552564729885973
    },
    {
      "date": "2021-06-30T00:00:00",
      "quarter_label": "2021-06 (Q2)",
      "revenue": 9195786,
      "gross_profit": 2197091,
      "operating_income": -6277164,
      "net_income": -6302259,
      "opex": 8474255,
      "cogs": 6998695,
      "rd": 374852,
      "sga": null,
      "fcf": -6209833,
      "ocf": -5809857,
      "capex": -399976,
      "gross_margin": 0.23892367656228625,
      "op_margin": -0.6826131012618171,
      "fcf_margin": -0.6752911605380987,
      "op_leverage_ratio": 1.3603721652936474,
      "fcf_margin_change": 0.033811032842305466
    },
    {
      "date": "2021-09-30T00:00:00",
      "quarter_label": "2021-09 (Q3)",
      "revenue": 10865914,
      "gross_profit": 3198839,
      "operating_income": -5312642,
      "net_income": -5351698,
      "opex": 8511481,
      "cogs": 7667075,
      "rd": 242604,
      "sga": null,
      "fcf": -3806543,
      "ocf": -3289757,
      "capex": -516786,
      "gross_margin": 0.29439207783164856,
      "op_margin": -0.4889273005473815,
      "fcf_margin": -0.3503196325684153,
      "op_leverage_ratio": 41.344339323962124,
      "fcf_margin_change": 0.32497152796968337
    },
    {
      "date": "2021-12-31T00:00:00",
      "quarter_label": "2021-12 (Q4)",
      "revenue": 9367559,
      "gross_profit": 2213745,
      "operating_income": -7018204,
      "net_income": -6886085,
      "opex": 9231949,
      "cogs": 7153814,
      "rd": 171984,
      "sga": null,
      "fcf": -8369677,
      "ocf": -7853836,
      "capex": -515841,
      "gross_margin": 0.23632036905238601,
      "op_margin": -0.7492030741412998,
      "fcf_margin": -0.893474703495329,
      "incr_op_margin_yoy": -1.2153111205644516,
      "rev_growth_yoy": 0.28300405271959533,
      "fcf_margin_change": -0.5431550709269137
    },
    {
      "date": "2022-03-31T00:00:00",
      "quarter_label": "2022-03 (Q1)",
      "revenue": 9340013,
      "gross_profit": 1949810,
      "operating_income": -13954307,
      "net_income": -14139402,
      "opex": 15904117,
      "cogs": 7390203,
      "rd": 103833,
      "sga": null,
      "fcf": -4303859,
      "ocf": -3601973,
      "capex": -701886,
      "gross_margin": 0.208758810078744,
      "op_margin": -1.4940350725421903,
      "fcf_margin": -0.46079796676942525,
      "incr_op_margin_yoy": -4.4989478821523505,
      "rev_growth_yoy": 0.2577017968951776,
      "rev_growth_yoy_accel": -0.025302255824417752,
      "fcf_margin_change": 0.43267673672590373
    },
    {
      "date": "2022-06-30T00:00:00",
      "quarter_label": "2022-06 (Q2)",
      "revenue": 8674006,
      "gross_profit": 1577938,
      "operating_income": -4927056,
      "net_income": -4904520,
      "opex": 6504994,
      "cogs": 7096068,
      "rd": 116467,
      "sga": null,
      "fcf": -4354630,
      "ocf": -3934685,
      "capex": -419945,
      "gross_margin": 0.18191571460752967,
      "op_margin": -0.568025431386605,
      "fcf_margin": -0.5020321636853836,
      "rev_growth_yoy": -0.05674120733127108,
      "rev_growth_yoy_accel": -0.31444300422644866,
      "fcf_margin_change": -0.041234196915958365
    },
    {
      "date": "2022-09-30T00:00:00",
      "quarter_label": "2022-09 (Q3)",
      "revenue": 8844845,
      "gross_profit": 2071816,
      "operating_income": -5817986,
      "net_income": -5738209,
      "opex": 7889802,
      "cogs": 6773029,
      "rd": 115077,
      "sga": null,
      "fcf": -3614107,
      "ocf": -3596719,
      "capex": -17388,
      "gross_margin": 0.23423994428393036,
      "op_margin": -0.6577826971529744,
      "fcf_margin": -0.40861168285029303,
      "incr_op_margin_yoy": 0.2500379749528591,
      "rev_growth_yoy": -0.18600082791010494,
      "rev_growth_yoy_accel": -0.12925962057883386,
      "op_leverage_ratio": 0.09251765980590232,
      "fcf_margin_change": 0.09342048083509058
    },
    {
      "date": "2022-12-31T00:00:00",
      "quarter_label": "2022-12 (Q4)",
      "revenue": 8969528,
      "gross_profit": -412297,
      "operating_income": -15664788,
      "net_income": -15555187,
      "opex": 15252491,
      "cogs": 9381825,
      "rd": 92160,
      "sga": null,
      "fcf": -3194062,
      "ocf": -3179062,
      "capex": -15000,
      "gross_margin": -0.04596640982669322,
      "op_margin": -1.7464450749247897,
      "fcf_margin": -0.35610145818152306,
      "rev_growth_yoy": -0.04249036488587902,
      "rev_growth_yoy_accel": 0.14351046302422593,
      "op_leverage_ratio": 0.015105902069512591,
      "fcf_margin_change": 0.05251022466876998
    },
    {
      "date": "2023-03-31T00:00:00",
      "quarter_label": "2023-03 (Q1)",
      "revenue": 8112938,
      "gross_profit": 1873876,
      "operating_income": -4302482,
      "net_income": -4143910,
      "opex": 6176358,
      "cogs": 6239062,
      "rd": 83866,
      "sga": null,
      "fcf": -6054262,
      "ocf": -6054262,
      "capex": null,
      "gross_margin": 0.2309737853290633,
      "op_margin": -0.5303235400048663,
      "fcf_margin": -0.7462477834786855,
      "incr_op_margin_yoy": -7.86571725444655,
      "rev_growth_yoy": -0.13137829679680318,
      "rev_growth_yoy_accel": -0.08888793191092417,
      "fcf_margin_change": -0.3901463252971624
    },
    {
      "date": "2023-06-30T00:00:00",
      "quarter_label": "2023-06 (Q2)",
      "revenue": 7724091,
      "gross_profit": 1876068,
      "operating_income": -3655605,
      "net_income": -3507246,
      "opex": 5531673,
      "cogs": 5848023,
      "rd": 82324,
      "sga": null,
      "fcf": -1405814,
      "ocf": -1405814,
      "capex": null,
      "gross_margin": 0.24288527931636228,
      "op_margin": -0.4732731657356186,
      "fcf_margin": -0.18200381119279926,
      "rev_growth_yoy": -0.10951283639877583,
      "rev_growth_yoy_accel": 0.02186546039802735,
      "fcf_margin_change": 0.5642439722858862
    },
    {
      "date": "2023-09-30T00:00:00",
      "quarter_label": "2023-09 (Q3)",
      "revenue": 9179781,
      "gross_profit": 2847157,
      "operating_income": -2787069,
      "net_income": -2654884,
      "opex": 5634226,
      "cogs": 6332624,
      "rd": 40123,
      "sga": null,
      "fcf": -3469069,
      "ocf": -3469069,
      "capex": null,
      "gross_margin": 0.3101552204785713,
      "op_margin": -0.3036095305541603,
      "fcf_margin": -0.3779032419182985,
      "rev_growth_yoy": 0.03786793324247061,
      "rev_growth_yoy_accel": 0.14738076964124644,
      "op_leverage_ratio": 10.165521114718418,
      "fcf_margin_change": -0.19589943072549923
    },
    {
      "date": "2023-12-31T00:00:00",
      "quarter_label": "2023-12 (Q4)",
      "revenue": 9207388,
      "gross_profit": 3716176,
      "operating_income": 46170,
      "net_income": 142923,
      "opex": 3670006,
      "cogs": 5491212,
      "rd": 13410,
      "sga": null,
      "fcf": 163264,
      "ocf": 163264,
      "capex": null,
      "gross_margin": 0.40360805909341496,
      "op_margin": 0.005014451438344947,
      "fcf_margin": 0.017731847512019696,
      "rev_growth_yoy": 0.026518675230179336,
      "rev_growth_yoy_accel": -0.011349258012291277,
      "fcf_margin_change": 0.39563508943031817
    },
    {
      "date": "2024-03-31T00:00:00",
      "quarter_label": "2024-03 (Q1)",
      "revenue": 9908938,
      "gross_profit": 3964101,
      "operating_income": -1088562,
      "net_income": -1016522,
      "opex": 5052663,
      "cogs": 5944837,
      "rd": null,
      "sga": null,
      "fcf": -422311,
      "ocf": -422311,
      "capex": null,
      "gross_margin": 0.40005306320414963,
      "op_margin": -0.1098565759519335,
      "fcf_margin": -0.0426191989494737,
      "incr_op_margin_yoy": 1.7894877505567928,
      "rev_growth_yoy": 0.22137479665196505,
      "rev_growth_yoy_accel": 0.1948561214217857,
      "op_leverage_ratio": 0.2022434670713086,
      "fcf_margin_change": -0.06035104646149339
    },
    {
      "date": "2024-06-30T00:00:00",
      "quarter_label": "2024-06 (Q2)",
      "revenue": 10003654,
      "gross_profit": 4177281,
      "operating_income": -338621,
      "net_income": -239076,
      "opex": 4515902,
      "cogs": 5826373,
      "rd": null,
      "sga": null,
      "fcf": 642725,
      "ocf": 642725,
      "capex": null,
      "gross_margin": 0.41757551790575725,
      "op_margin": -0.03384973130817999,
      "fcf_margin": 0.06424902340684714,
      "incr_op_margin_yoy": 1.4550964373434734,
      "rev_growth_yoy": 0.2951237886762339,
      "rev_growth_yoy_accel": 0.07374899202426885,
      "fcf_margin_change": 0.10686822235632085
    },
    {
      "date": "2024-09-30T00:00:00",
      "quarter_label": "2024-09 (Q3)",
      "revenue": 11776346,
      "gross_profit": 5064132,
      "operating_income": -268590,
      "net_income": -166120,
      "opex": 5332722,
      "cogs": 6712214,
      "rd": null,
      "sga": null,
      "fcf": 305844,
      "ocf": 305844,
      "capex": null,
      "gross_margin": 0.4300257482244492,
      "op_margin": -0.02280758394836565,
      "fcf_margin": 0.02597104398936648,
      "incr_op_margin_yoy": 0.9699271922713277,
      "rev_growth_yoy": 0.2828569657598585,
      "rev_growth_yoy_accel": -0.012266822916375375,
      "op_leverage_ratio": 0.9796992334658221,
      "fcf_margin_change": -0.038277979417480665
    },
    {
      "date": "2024-12-31T00:00:00",
      "quarter_label": "2024-12 (Q4)",
      "revenue": 11606199,
      "gross_profit": 4482067,
      "operating_income": -477319,
      "net_income": -398443,
      "opex": 4959386,
      "cogs": 7124132,
      "rd": null,
      "sga": null,
      "fcf": 339244,
      "ocf": 339244,
      "capex": null,
      "gross_margin": 0.38617871363398126,
      "op_margin": -0.04112621194932122,
      "fcf_margin": 0.02922955224186661,
      "incr_op_margin_yoy": -0.2182285307179265,
      "rev_growth_yoy": 0.26053110827956855,
      "rev_growth_yoy_accel": -0.02232585748028998,
      "fcf_margin_change": 0.0032585082525001287
    },
    {
      "date": "2025-03-31T00:00:00",
      "quarter_label": "2025-03 (Q1)",
      "revenue": 11654159,
      "gross_profit": 4881540,
      "operating_income": -218019,
      "net_income": -156182,
      "opex": 5099559,
      "cogs": 6772619,
      "rd": null,
      "sga": null,
      "fcf": -1274744,
      "ocf": -1274744,
      "capex": null,
      "gross_margin": 0.4188667753717793,
      "op_margin": -0.018707398792139354,
      "fcf_margin": -0.10938103727604884,
      "incr_op_margin_yoy": 0.49881533628119307,
      "rev_growth_yoy": 0.1761259380167683,
      "rev_growth_yoy_accel": -0.08440517026280026,
      "fcf_margin_change": -0.13861058951791544
    },
    {
      "date": "2025-06-30T00:00:00",
      "quarter_label": "2025-06 (Q2)",
      "revenue": 11990842,
      "gross_profit": 4781003,
      "operating_income": -399477,
      "net_income": -362178,
      "opex": 5180480,
      "cogs": 7209839,
      "rd": null,
      "sga": null,
      "fcf": -2827622,
      "ocf": -2827622,
      "capex": null,
      "gross_margin": 0.39872120740144856,
      "op_margin": -0.033315175031077886,
      "fcf_margin": -0.23581513291560344,
      "incr_op_margin_yoy": -0.03062417848739022,
      "rev_growth_yoy": 0.19864621467315843,
      "rev_growth_yoy_accel": 0.022520276656390142,
      "op_leverage_ratio": 1.820587803907893,
      "fcf_margin_change": -0.1264340956395546
    },
    {
      "date": "2025-09-30T00:00:00",
      "quarter_label": "2025-09 (Q3)",
      "revenue": 12895662,
      "gross_profit": 4702182,
      "operating_income": -995582,
      "net_income": -975066,
      "opex": 5697764,
      "cogs": 8193480,
      "rd": null,
      "sga": null,
      "fcf": 1248535,
      "ocf": 1248535,
      "capex": null,
      "gross_margin": 0.364632850954065,
      "op_margin": -0.07720286093106349,
      "fcf_margin": 0.0968182168546291,
      "incr_op_margin_yoy": -0.6494966568868845,
      "rev_growth_yoy": 0.09504781873766277,
      "rev_growth_yoy_accel": -0.10359839593549566,
      "op_leverage_ratio": 0.7557070382084089,
      "fcf_margin_change": 0.3326333497702325
    }
  ],
  "signals": [
    {
      "quarter": "2025-09 (Q3)",
      "signal": "FCF TURNED POSITIVE",
      "detail": "FCF margin: -23.6% -> +9.7%",
      "severity": "HIGH"
    },
    {
      "quarter": "2025-09 (Q3)",
      "signal": "YoY REVENUE GROWTH DECELERATION",
      "detail": "YoY growth: +9.5% vs prior quarter YoY: +19.9% (decel: -10.4%)",
      "severity": "WARNING"
    },
    {
      "quarter": "2025-06 (Q2)",
      "signal": "OPERATING LEVERAGE",
      "detail": "Rev growth +2.9% vs OpEx growth +1.6% (leverage: 1.8x)",
      "severity": "MEDIUM"
    },
    {
      "quarter": "2025-03 (Q1)",
      "signal": "GROSS MARGIN INFLECTION",
      "detail": "GM: +43.0% -> +38.6% -> +41.9% (reversal +3.3%)",
      "severity": "MEDIUM"
    },
    {
      "quarter": "2025-03 (Q1)",
      "signal": "YoY REVENUE GROWTH DECELERATION",
      "detail": "YoY growth: +17.6% vs prior quarter YoY: +26.1% (decel: -8.4%)",
      "severity": "WARNING"
    },
    {
      "quarter": "2024-06 (Q2)",
      "signal": "FCF TURNED POSITIVE",
      "detail": "FCF margin: -4.3% -> +6.4%",
      "severity": "HIGH"
    },
    {
      "quarter": "2024-06 (Q2)",
      "signal": "YoY REVENUE GROWTH ACCELERATION",
      "detail": "YoY growth: +29.5% vs prior quarter YoY: +22.1% (accel: +7.4%)",
      "severity": "MEDIUM"
    },
    {
      "quarter": "2024-03 (Q1)",
      "signal": "YoY REVENUE GROWTH ACCELERATION",
      "detail": "YoY growth: +22.1% vs prior quarter YoY: +2.7% (accel: +19.5%)",
      "severity": "HIGH"
    },
    {
      "quarter": "2023-12 (Q4)",
      "signal": "FCF TURNED POSITIVE",
      "detail": "FCF margin: -37.8% -> +1.8%",
      "severity": "HIGH"
    },
    {
      "quarter": "2023-12 (Q4)",
      "signal": "OP MARGIN TURNED POSITIVE (YoY)",
      "detail": "Op margin: -174.6% (year-ago) -> +0.5%",
      "severity": "HIGH"
    },
    {
      "quarter": "2023-12 (Q4)",
      "signal": "OP MARGIN TURNED POSITIVE (QoQ)",
      "detail": "Op margin: -30.4% -> +0.5%",
      "severity": "HIGH"
    },
    {
      "quarter": "2023-09 (Q3)",
      "signal": "OPERATING LEVERAGE",
      "detail": "Rev growth +18.8% vs OpEx growth +1.9% (leverage: 10.2x)",
      "severity": "MEDIUM"
    },
    {
      "quarter": "2023-09 (Q3)",
      "signal": "YoY REVENUE GROWTH ACCELERATION",
      "detail": "YoY growth: +3.8% vs prior quarter YoY: -11.0% (accel: +14.7%)",
      "severity": "MEDIUM"
    },
    {
      "quarter": "2023-06 (Q2)",
      "signal": "FCF MARGIN EXPANSION",
      "detail": "FCF margin: -74.6% -> -18.2% (+56.4%)",
      "severity": "MEDIUM"
    },
    {
      "quarter": "2023-03 (Q1)",
      "signal": "GROSS MARGIN INFLECTION",
      "detail": "GM: +23.4% -> -4.6% -> +23.1% (reversal +27.7%)",
      "severity": "HIGH"
    },
    {
      "quarter": "2023-03 (Q1)",
      "signal": "YoY REVENUE GROWTH DECELERATION",
      "detail": "YoY growth: -13.1% vs prior quarter YoY: -4.2% (decel: -8.9%)",
      "severity": "WARNING"
    },
    {
      "quarter": "2022-12 (Q4)",
      "signal": "FCF MARGIN EXPANSION",
      "detail": "FCF margin: -40.9% -> -35.6% (+5.3%)",
      "severity": "MEDIUM"
    },
    {
      "quarter": "2022-12 (Q4)",
      "signal": "YoY REVENUE GROWTH ACCELERATION",
      "detail": "YoY growth: -4.2% vs prior quarter YoY: -18.6% (accel: +14.4%)",
      "severity": "MEDIUM"
    },
    {
      "quarter": "2022-09 (Q3)",
      "signal": "FCF MARGIN EXPANSION",
      "detail": "FCF margin: -50.2% -> -40.9% (+9.3%)",
      "severity": "MEDIUM"
    },
    {
      "quarter": "2022-09 (Q3)",
      "signal": "GROSS MARGIN INFLECTION",
      "detail": "GM: +20.9% -> +18.2% -> +23.4% (reversal +5.2%)",
      "severity": "HIGH"
    },
    {
      "quarter": "2022-09 (Q3)",
      "signal": "YoY REVENUE GROWTH DECELERATION",
      "detail": "YoY growth: -18.6% vs prior quarter YoY: -5.7% (decel: -12.9%)",
      "severity": "WARNING"
    },
    {
      "quarter": "2022-06 (Q2)",
      "signal": "YoY REVENUE GROWTH DECELERATION",
      "detail": "YoY growth: -5.7% vs prior quarter YoY: +25.8% (decel: -31.4%)",
      "severity": "WARNING"
    },
    {
      "quarter": "2022-03 (Q1)",
      "signal": "FCF MARGIN EXPANSION",
      "detail": "FCF margin: -89.3% -> -46.1% (+43.3%)",
      "severity": "MEDIUM"
    },
    {
      "quarter": "2021-09 (Q3)",
      "signal": "FCF MARGIN EXPANSION",
      "detail": "FCF margin: -67.5% -> -35.0% (+32.5%)",
      "severity": "MEDIUM"
    },
    {
      "quarter": "2021-09 (Q3)",
      "signal": "OPERATING LEVERAGE",
      "detail": "Rev growth +18.2% vs OpEx growth +0.4% (leverage: 41.3x)",
      "severity": "MEDIUM"
    },
    {
      "quarter": "2021-09 (Q3)",
      "signal": "GROSS MARGIN INFLECTION",
      "detail": "GM: +25.1% -> +23.9% -> +29.4% (reversal +5.5%)",
      "severity": "HIGH"
    },
    {
      "quarter": "2021-03 (Q1)",
      "signal": "FCF MARGIN EXPANSION",
      "detail": "FCF margin: -106.4% -> -70.9% (+35.5%)",
      "severity": "MEDIUM"
    }
  ],
  "data_quality": {
    "n_quarters": 20,
    "coverage": {
      "revenue": [
        20,
        20
      ],
      "gross_profit": [
        20,
        20
      ],
      "op_income": [
        20,
        20
      ],
      "fcf": [
        20,
        20
      ]
    },
    "gaps": [],
    "warnings": []
  },
  "market_cap": null,
  "source": "SEC EDGAR",
  "last_updated": "2026-02-02T23:48:41.648188",
  "sector": "Consumer Defensive",
  "industry": "Packaged Foods"
}