{
  "ticker": "LTCH",
  "name": "Latch,\u00a0Inc.",
  "sector": "Technology",
  "industry": "Software - Application",
  "quarters": [
    {
      "date": "2020-12-31T00:00:00",
      "quarter_label": "2020-12 (Q4)",
      "revenue": 7488000,
      "gross_profit": -360000,
      "operating_income": -15895000,
      "net_income": -19193000,
      "opex": 15535000,
      "cogs": 7848000,
      "rd": 5803000,
      "sga": null,
      "fcf": -13604000,
      "ocf": -13458000,
      "capex": -146000,
      "gross_margin": -0.04807692307692308,
      "op_margin": -2.122729700854701,
      "fcf_margin": -1.8167735042735043
    },
    {
      "date": "2021-03-31T00:00:00",
      "quarter_label": "2021-03 (Q1)",
      "revenue": 6629000,
      "gross_profit": 467000,
      "operating_income": -2478975,
      "net_income": -9085902,
      "opex": 31714000,
      "cogs": 6162000,
      "rd": 9615000,
      "sga": null,
      "fcf": -14629000,
      "ocf": -14330000,
      "capex": -299000,
      "gross_margin": 0.07044803137728164,
      "op_margin": -0.37395911902247697,
      "fcf_margin": -2.2068185246643535,
      "fcf_margin_change": -0.3900450203908492
    },
    {
      "date": "2021-06-30T00:00:00",
      "quarter_label": "2021-06 (Q2)",
      "revenue": 9012000,
      "gross_profit": 770000,
      "operating_income": -21956000,
      "net_income": -40071000,
      "opex": 22726000,
      "cogs": 8242000,
      "rd": 6989000,
      "sga": null,
      "fcf": -19182000,
      "ocf": -18857000,
      "capex": -325000,
      "gross_margin": 0.0854416333777186,
      "op_margin": -2.4363071460275187,
      "fcf_margin": -2.1284953395472703,
      "op_leverage_ratio": null,
      "fcf_margin_change": 0.07832318511708314
    },
    {
      "date": "2021-09-30T00:00:00",
      "quarter_label": "2021-09 (Q3)",
      "revenue": 11197000,
      "gross_profit": 44000,
      "operating_income": -34347000,
      "net_income": -34239000,
      "opex": 34391000,
      "cogs": 11153000,
      "rd": 11798000,
      "sga": null,
      "fcf": -31295000,
      "ocf": -30864000,
      "capex": -431000,
      "gross_margin": 0.003929624006430293,
      "op_margin": -3.0675180852013932,
      "fcf_margin": -2.7949450745735467,
      "op_leverage_ratio": 0.47235500068585035,
      "fcf_margin_change": -0.6664497350262764
    },
    {
      "date": "2021-12-31T00:00:00",
      "quarter_label": "2021-12 (Q4)",
      "revenue": 9044000,
      "gross_profit": -4538000,
      "operating_income": -60703000,
      "net_income": -53655000,
      "opex": 56165000,
      "cogs": 13582000,
      "rd": 17600000,
      "sga": null,
      "fcf": -42957000,
      "ocf": -42471000,
      "capex": -486000,
      "gross_margin": -0.5017691287041133,
      "op_margin": -6.711963732861566,
      "fcf_margin": -4.749778858911986,
      "incr_op_margin_yoy": -28.796915167095115,
      "rev_growth_yoy": 0.2077991452991453,
      "fcf_margin_change": -1.9548337843384394
    },
    {
      "date": "2022-03-31T00:00:00",
      "quarter_label": "2022-03 (Q1)",
      "revenue": 13655000,
      "gross_profit": 622000,
      "operating_income": -50615000,
      "net_income": -44231000,
      "opex": 51237000,
      "cogs": 13033000,
      "rd": 18257000,
      "sga": null,
      "fcf": -44918000,
      "ocf": -43699000,
      "capex": -1219000,
      "gross_margin": 0.04555108019040644,
      "op_margin": -3.7067008421823506,
      "fcf_margin": -3.289491028927133,
      "incr_op_margin_yoy": -6.851127953316254,
      "rev_growth_yoy": 1.0598883692864685,
      "rev_growth_yoy_accel": 0.8520892239873231,
      "op_leverage_ratio": null,
      "fcf_margin_change": 1.460287829984853
    },
    {
      "date": "2022-06-30T00:00:00",
      "quarter_label": "2022-06 (Q2)",
      "revenue": 9830000,
      "gross_profit": -3250000,
      "operating_income": -50506000,
      "net_income": -51616000,
      "opex": 47256000,
      "cogs": 13080000,
      "rd": 16710000,
      "sga": null,
      "fcf": -40502000,
      "ocf": -39765000,
      "capex": -737000,
      "gross_margin": -0.3306205493387589,
      "op_margin": -5.13794506612411,
      "fcf_margin": -4.120244150559512,
      "rev_growth_yoy": 0.09076786506879717,
      "rev_growth_yoy_accel": -0.9691205042176713,
      "fcf_margin_change": -0.8307531216323789
    },
    {
      "date": "2022-09-30T00:00:00",
      "quarter_label": "2022-09 (Q3)",
      "revenue": 8839000,
      "gross_profit": 2034000,
      "operating_income": -32448000,
      "net_income": -34809000,
      "opex": 34482000,
      "cogs": 6805000,
      "rd": 10991000,
      "sga": null,
      "fcf": -30298000,
      "ocf": -30094000,
      "capex": -204000,
      "gross_margin": 0.2301165290191198,
      "op_margin": -3.6710035071840705,
      "fcf_margin": -3.4277633216427197,
      "incr_op_margin_yoy": -0.8053435114503816,
      "rev_growth_yoy": -0.21059212289005982,
      "rev_growth_yoy_accel": -0.301359987958857,
      "fcf_margin_change": 0.6924808289167923
    },
    {
      "date": "2022-12-31T00:00:00",
      "quarter_label": "2022-12 (Q4)",
      "revenue": 10730000,
      "gross_profit": -2320000,
      "operating_income": -29045000,
      "net_income": -29079000,
      "opex": 26725000,
      "cogs": 13050000,
      "rd": 8410000,
      "sga": null,
      "fcf": -21760000,
      "ocf": -21681000,
      "capex": -79000,
      "gross_margin": -0.21621621621621623,
      "op_margin": -2.706896551724138,
      "fcf_margin": -2.027958993476235,
      "incr_op_margin_yoy": 18.776986951364176,
      "rev_growth_yoy": 0.186421937195931,
      "rev_growth_yoy_accel": 0.3970140600859908,
      "op_leverage_ratio": null,
      "fcf_margin_change": 1.3998043281664847
    },
    {
      "date": "2023-03-31T00:00:00",
      "quarter_label": "2023-03 (Q1)",
      "revenue": 11150000,
      "gross_profit": -2491000,
      "operating_income": -33127000,
      "net_income": -32924000,
      "opex": 30636000,
      "cogs": 13641000,
      "rd": 9063000,
      "sga": null,
      "fcf": -25741000,
      "ocf": -25731000,
      "capex": -10000,
      "gross_margin": -0.22340807174887892,
      "op_margin": -2.971031390134529,
      "fcf_margin": -2.308609865470852,
      "incr_op_margin_yoy": -6.9812375249500995,
      "rev_growth_yoy": -0.18344928597583302,
      "rev_growth_yoy_accel": -0.369871223171764,
      "op_leverage_ratio": 0.2674727028671253,
      "fcf_margin_change": -0.280650871994617
    },
    {
      "date": "2023-06-30T00:00:00",
      "quarter_label": "2023-06 (Q2)",
      "revenue": 10178000,
      "gross_profit": 3900000,
      "operating_income": -31351000,
      "net_income": -30876000,
      "opex": 35251000,
      "cogs": 6278000,
      "rd": 8660000,
      "sga": null,
      "fcf": -19627000,
      "ocf": -19554000,
      "capex": -73000,
      "gross_margin": 0.38317940656317545,
      "op_margin": -3.080271173118491,
      "fcf_margin": -1.9283749263116525,
      "rev_growth_yoy": 0.035401831129196336,
      "rev_growth_yoy_accel": 0.21885111710502936,
      "fcf_margin_change": 0.3802349391591995
    },
    {
      "date": "2023-09-30T00:00:00",
      "quarter_label": "2023-09 (Q3)",
      "revenue": 9673000,
      "gross_profit": 6094000,
      "operating_income": -28608000,
      "net_income": -27278000,
      "opex": 34702000,
      "cogs": 3579000,
      "rd": 10236000,
      "sga": null,
      "fcf": -28702000,
      "ocf": -28649000,
      "capex": -53000,
      "gross_margin": 0.6300010338054378,
      "op_margin": -2.9575105965057378,
      "fcf_margin": -2.967228367621214,
      "rev_growth_yoy": 0.09435456499604028,
      "rev_growth_yoy_accel": 0.058952733866843944,
      "fcf_margin_change": -1.0388534413095614
    },
    {
      "date": "2023-12-31T00:00:00",
      "quarter_label": "2023-12 (Q4)",
      "revenue": 13960000,
      "gross_profit": 4822000,
      "operating_income": -17182000,
      "net_income": -16462000,
      "opex": 22004000,
      "cogs": 9138000,
      "rd": 5828000,
      "sga": null,
      "fcf": 8157000,
      "ocf": 8348000,
      "capex": -191000,
      "gross_margin": 0.3454154727793696,
      "op_margin": -1.2308022922636104,
      "fcf_margin": 0.5843123209169054,
      "incr_op_margin_yoy": 3.6727554179566564,
      "rev_growth_yoy": 0.30102516309412863,
      "rev_growth_yoy_accel": 0.20667059809808835,
      "op_leverage_ratio": null,
      "fcf_margin_change": 3.551540688538119
    },
    {
      "date": "2024-03-31T00:00:00",
      "quarter_label": "2024-03 (Q1)",
      "revenue": 12035000,
      "gross_profit": 6454000,
      "operating_income": -13991000,
      "net_income": -13637000,
      "opex": 20445000,
      "cogs": 5581000,
      "rd": 4201000,
      "sga": null,
      "fcf": -31110000,
      "ocf": -31100000,
      "capex": -10000,
      "gross_margin": 0.5362692147901953,
      "op_margin": -1.1625259659326963,
      "fcf_margin": -2.5849605317823015,
      "rev_growth_yoy": 0.07937219730941704,
      "rev_growth_yoy_accel": -0.2216529657847116,
      "fcf_margin_change": -3.1692728526992067
    },
    {
      "date": "2024-06-30T00:00:00",
      "quarter_label": "2024-06 (Q2)",
      "revenue": 12938000,
      "gross_profit": 5932000,
      "operating_income": -17800000,
      "net_income": -16937000,
      "opex": 23732000,
      "cogs": 7006000,
      "rd": 2940000,
      "sga": null,
      "fcf": -13413000,
      "ocf": -13383000,
      "capex": -30000,
      "gross_margin": 0.4584943577059824,
      "op_margin": -1.3757922399134332,
      "fcf_margin": -1.036713556963982,
      "incr_op_margin_yoy": 4.909782608695652,
      "rev_growth_yoy": 0.2711731184908626,
      "rev_growth_yoy_accel": 0.1918009211814456,
      "op_leverage_ratio": 0.46669061399232464,
      "fcf_margin_change": 1.5482469748183194
    },
    {
      "date": "2024-09-30T00:00:00",
      "quarter_label": "2024-09 (Q3)",
      "revenue": 14943000,
      "gross_profit": 6075000,
      "operating_income": -17386000,
      "net_income": -17056000,
      "opex": 23461000,
      "cogs": 8868000,
      "rd": 4875000,
      "sga": null,
      "fcf": -17679000,
      "ocf": -17489000,
      "capex": -190000,
      "gross_margin": 0.40654487050793015,
      "op_margin": -1.163487920765576,
      "fcf_margin": -1.1830957639028308,
      "incr_op_margin_yoy": 2.1294117647058823,
      "rev_growth_yoy": 0.5448154657293497,
      "rev_growth_yoy_accel": 0.27364234723848707,
      "op_leverage_ratio": null,
      "fcf_margin_change": -0.14638220693884874
    },
    {
      "date": "2024-12-31T00:00:00",
      "quarter_label": "2024-12 (Q4)",
      "revenue": 16714000,
      "gross_profit": 6533000,
      "operating_income": -10237000,
      "net_income": -9966000,
      "opex": 16770000,
      "cogs": 10181000,
      "rd": 5302000,
      "sga": null,
      "fcf": -13970000,
      "ocf": -13434000,
      "capex": -536000,
      "gross_margin": 0.3908699294005026,
      "op_margin": -0.6124805552231662,
      "fcf_margin": -0.8358262534402298,
      "incr_op_margin_yoy": 2.5217864923747277,
      "rev_growth_yoy": 0.19727793696275073,
      "rev_growth_yoy_accel": -0.34753752876659894,
      "op_leverage_ratio": null,
      "fcf_margin_change": 0.347269510462601
    },
    {
      "date": "2025-03-31T00:00:00",
      "quarter_label": "2025-03 (Q1)",
      "revenue": 15774000,
      "gross_profit": 7479000,
      "operating_income": -11142000,
      "net_income": -11250000,
      "opex": 18621000,
      "cogs": 8295000,
      "rd": 5633000,
      "sga": null,
      "fcf": -10137000,
      "ocf": -10137000,
      "capex": null,
      "gross_margin": 0.47413465195891974,
      "op_margin": -0.7063522251806771,
      "fcf_margin": -0.6426397869912515,
      "incr_op_margin_yoy": 0.7619684407595614,
      "rev_growth_yoy": 0.31067719152471956,
      "rev_growth_yoy_accel": 0.11339925456196884,
      "fcf_margin_change": 0.1931864664489783
    },
    {
      "date": "2025-06-30T00:00:00",
      "quarter_label": "2025-06 (Q2)",
      "revenue": 19055000,
      "gross_profit": 8196000,
      "operating_income": -7584000,
      "net_income": -7849000,
      "opex": 15780000,
      "cogs": 10859000,
      "rd": 4454000,
      "sga": null,
      "fcf": -13184000,
      "ocf": -13107000,
      "capex": -77000,
      "gross_margin": 0.43012332721070584,
      "op_margin": -0.3980057727630543,
      "fcf_margin": -0.6918918918918919,
      "incr_op_margin_yoy": 1.67009972208599,
      "rev_growth_yoy": 0.4727933219972175,
      "rev_growth_yoy_accel": 0.16211613047249795,
      "op_leverage_ratio": null,
      "fcf_margin_change": -0.04925210490064047
    },
    {
      "date": "2025-09-30T00:00:00",
      "quarter_label": "2025-09 (Q3)",
      "revenue": 17426000,
      "gross_profit": 7718000,
      "operating_income": -6326000,
      "net_income": -6582000,
      "opex": 14044000,
      "cogs": 9708000,
      "rd": 3759000,
      "sga": null,
      "fcf": -4892000,
      "ocf": -4895000,
      "capex": 3000,
      "gross_margin": 0.442901411683691,
      "op_margin": -0.3630207735567543,
      "fcf_margin": -0.2807299437621944,
      "incr_op_margin_yoy": 4.454289166331051,
      "rev_growth_yoy": 0.166164759419126,
      "rev_growth_yoy_accel": -0.3066285625780915,
      "fcf_margin_change": 0.41116194812969753
    }
  ],
  "signals": [
    {
      "quarter": "2025-09 (Q3)",
      "signal": "FCF MARGIN EXPANSION",
      "detail": "FCF margin: -69.2% -> -28.1% (+41.1%)",
      "severity": "MEDIUM"
    },
    {
      "quarter": "2025-09 (Q3)",
      "signal": "YoY REVENUE GROWTH DECELERATION",
      "detail": "YoY growth: +16.6% vs prior quarter YoY: +47.3% (decel: -30.7%)",
      "severity": "WARNING"
    },
    {
      "quarter": "2025-06 (Q2)",
      "signal": "YoY REVENUE GROWTH ACCELERATION",
      "detail": "YoY growth: +47.3% vs prior quarter YoY: +31.1% (accel: +16.2%)",
      "severity": "HIGH"
    },
    {
      "quarter": "2025-03 (Q1)",
      "signal": "FCF MARGIN EXPANSION",
      "detail": "FCF margin: -83.6% -> -64.3% (+19.3%)",
      "severity": "MEDIUM"
    },
    {
      "quarter": "2025-03 (Q1)",
      "signal": "GROSS MARGIN INFLECTION",
      "detail": "GM: +40.7% -> +39.1% -> +47.4% (reversal +8.3%)",
      "severity": "HIGH"
    },
    {
      "quarter": "2025-03 (Q1)",
      "signal": "YoY REVENUE GROWTH ACCELERATION",
      "detail": "YoY growth: +31.1% vs prior quarter YoY: +19.7% (accel: +11.3%)",
      "severity": "MEDIUM"
    },
    {
      "quarter": "2024-12 (Q4)",
      "signal": "FCF MARGIN EXPANSION",
      "detail": "FCF margin: -118.3% -> -83.6% (+34.7%)",
      "severity": "MEDIUM"
    },
    {
      "quarter": "2024-12 (Q4)",
      "signal": "YoY REVENUE GROWTH DECELERATION",
      "detail": "YoY growth: +19.7% vs prior quarter YoY: +54.5% (decel: -34.8%)",
      "severity": "WARNING"
    },
    {
      "quarter": "2024-09 (Q3)",
      "signal": "YoY REVENUE GROWTH ACCELERATION",
      "detail": "YoY growth: +54.5% vs prior quarter YoY: +27.1% (accel: +27.4%)",
      "severity": "HIGH"
    },
    {
      "quarter": "2024-06 (Q2)",
      "signal": "FCF MARGIN EXPANSION",
      "detail": "FCF margin: -258.5% -> -103.7% (+154.8%)",
      "severity": "MEDIUM"
    },
    {
      "quarter": "2024-06 (Q2)",
      "signal": "YoY REVENUE GROWTH ACCELERATION",
      "detail": "YoY growth: +27.1% vs prior quarter YoY: +7.9% (accel: +19.2%)",
      "severity": "HIGH"
    },
    {
      "quarter": "2024-03 (Q1)",
      "signal": "GROSS MARGIN INFLECTION",
      "detail": "GM: +63.0% -> +34.5% -> +53.6% (reversal +19.1%)",
      "severity": "HIGH"
    },
    {
      "quarter": "2024-03 (Q1)",
      "signal": "YoY REVENUE GROWTH DECELERATION",
      "detail": "YoY growth: +7.9% vs prior quarter YoY: +30.1% (decel: -22.2%)",
      "severity": "WARNING"
    },
    {
      "quarter": "2023-12 (Q4)",
      "signal": "FCF TURNED POSITIVE",
      "detail": "FCF margin: -296.7% -> +58.4%",
      "severity": "HIGH"
    },
    {
      "quarter": "2023-12 (Q4)",
      "signal": "YoY REVENUE GROWTH ACCELERATION",
      "detail": "YoY growth: +30.1% vs prior quarter YoY: +9.4% (accel: +20.7%)",
      "severity": "HIGH"
    },
    {
      "quarter": "2023-09 (Q3)",
      "signal": "YoY REVENUE GROWTH ACCELERATION",
      "detail": "YoY growth: +9.4% vs prior quarter YoY: +3.5% (accel: +5.9%)",
      "severity": "MEDIUM"
    },
    {
      "quarter": "2023-06 (Q2)",
      "signal": "FCF MARGIN EXPANSION",
      "detail": "FCF margin: -230.9% -> -192.8% (+38.0%)",
      "severity": "MEDIUM"
    },
    {
      "quarter": "2023-06 (Q2)",
      "signal": "GROSS MARGIN INFLECTION",
      "detail": "GM: -21.6% -> -22.3% -> +38.3% (reversal +60.7%)",
      "severity": "HIGH"
    },
    {
      "quarter": "2023-06 (Q2)",
      "signal": "YoY REVENUE GROWTH ACCELERATION",
      "detail": "YoY growth: +3.5% vs prior quarter YoY: -18.3% (accel: +21.9%)",
      "severity": "HIGH"
    },
    {
      "quarter": "2023-03 (Q1)",
      "signal": "YoY REVENUE GROWTH DECELERATION",
      "detail": "YoY growth: -18.3% vs prior quarter YoY: +18.6% (decel: -37.0%)",
      "severity": "WARNING"
    },
    {
      "quarter": "2022-12 (Q4)",
      "signal": "FCF MARGIN EXPANSION",
      "detail": "FCF margin: -342.8% -> -202.8% (+140.0%)",
      "severity": "MEDIUM"
    },
    {
      "quarter": "2022-12 (Q4)",
      "signal": "YoY REVENUE GROWTH ACCELERATION",
      "detail": "YoY growth: +18.6% vs prior quarter YoY: -21.1% (accel: +39.7%)",
      "severity": "HIGH"
    },
    {
      "quarter": "2022-09 (Q3)",
      "signal": "FCF MARGIN EXPANSION",
      "detail": "FCF margin: -412.0% -> -342.8% (+69.2%)",
      "severity": "MEDIUM"
    },
    {
      "quarter": "2022-09 (Q3)",
      "signal": "GROSS MARGIN INFLECTION",
      "detail": "GM: +4.6% -> -33.1% -> +23.0% (reversal +56.1%)",
      "severity": "HIGH"
    },
    {
      "quarter": "2022-09 (Q3)",
      "signal": "YoY REVENUE GROWTH DECELERATION",
      "detail": "YoY growth: -21.1% vs prior quarter YoY: +9.1% (decel: -30.1%)",
      "severity": "WARNING"
    },
    {
      "quarter": "2022-06 (Q2)",
      "signal": "YoY REVENUE GROWTH DECELERATION",
      "detail": "YoY growth: +9.1% vs prior quarter YoY: +106.0% (decel: -96.9%)",
      "severity": "WARNING"
    },
    {
      "quarter": "2022-03 (Q1)",
      "signal": "FCF MARGIN EXPANSION",
      "detail": "FCF margin: -475.0% -> -328.9% (+146.0%)",
      "severity": "MEDIUM"
    },
    {
      "quarter": "2022-03 (Q1)",
      "signal": "GROSS MARGIN INFLECTION",
      "detail": "GM: +0.4% -> -50.2% -> +4.6% (reversal +54.7%)",
      "severity": "HIGH"
    },
    {
      "quarter": "2022-03 (Q1)",
      "signal": "YoY REVENUE GROWTH ACCELERATION",
      "detail": "YoY growth: +106.0% vs prior quarter YoY: +20.8% (accel: +85.2%)",
      "severity": "HIGH"
    },
    {
      "quarter": "2021-06 (Q2)",
      "signal": "FCF MARGIN EXPANSION",
      "detail": "FCF margin: -220.7% -> -212.8% (+7.8%)",
      "severity": "MEDIUM"
    }
  ],
  "data_quality": {
    "n_quarters": 20,
    "coverage": {
      "revenue": [
        20,
        20
      ],
      "gross_profit": [
        20,
        20
      ],
      "op_income": [
        20,
        20
      ],
      "fcf": [
        20,
        20
      ]
    },
    "gaps": [],
    "warnings": []
  },
  "market_cap": null,
  "source": "SEC EDGAR",
  "last_updated": "2026-02-24T10:57:32.811721"
}