{
  "ticker": "LTH",
  "name": "Life Time Group Holdings, Inc.",
  "quarters": [
    {
      "date": "2020-12-31T00:00:00",
      "quarter_label": "2020-12 (Q4)",
      "revenue": 228469000,
      "gross_profit": null,
      "operating_income": -79679000,
      "net_income": -83888000,
      "opex": 308148000,
      "cogs": null,
      "rd": null,
      "sga": 30233000,
      "fcf": -91557000,
      "ocf": -39816000,
      "capex": -51741000,
      "gross_margin": null,
      "op_margin": -0.348751909449422,
      "fcf_margin": -0.4007414572655371
    },
    {
      "date": "2021-03-31T00:00:00",
      "quarter_label": "2021-03 (Q1)",
      "revenue": 249298000,
      "gross_profit": null,
      "operating_income": -82244000,
      "net_income": -152801000,
      "opex": 331542000,
      "cogs": null,
      "rd": null,
      "sga": 38270000,
      "fcf": -81485000,
      "ocf": -38156000,
      "capex": -43329000,
      "gross_margin": null,
      "op_margin": -0.32990236584328797,
      "fcf_margin": -0.32685781674943243,
      "op_leverage_ratio": 1.200870031714201,
      "fcf_margin_change": 0.07388364051610469
    },
    {
      "date": "2021-06-30T00:00:00",
      "quarter_label": "2021-06 (Q2)",
      "revenue": 323187000,
      "gross_profit": null,
      "operating_income": -57120000,
      "net_income": -76356000,
      "opex": 380307000,
      "cogs": null,
      "rd": null,
      "sga": 43322000,
      "fcf": -53527000,
      "ocf": 25117000,
      "capex": -78644000,
      "gross_margin": null,
      "op_margin": -0.17673978223133974,
      "fcf_margin": -0.16562237961304135,
      "op_leverage_ratio": 2.0150754826165223,
      "fcf_margin_change": 0.16123543713639107
    },
    {
      "date": "2021-09-30T00:00:00",
      "quarter_label": "2021-09 (Q3)",
      "revenue": 385040000,
      "gross_profit": null,
      "operating_income": -17546000,
      "net_income": -45442000,
      "opex": 402586000,
      "cogs": null,
      "rd": null,
      "sga": 45304000,
      "fcf": -82051000,
      "ocf": -2283000,
      "capex": -79768000,
      "gross_margin": null,
      "op_margin": -0.04556929150218159,
      "fcf_margin": -0.2130973405360482,
      "op_leverage_ratio": 3.266972743406574,
      "fcf_margin_change": -0.04747496092300685
    },
    {
      "date": "2021-12-31T00:00:00",
      "quarter_label": "2021-12 (Q4)",
      "revenue": 360528000,
      "gross_profit": null,
      "operating_income": -338278000,
      "net_income": -304770000,
      "opex": 698806000,
      "cogs": null,
      "rd": null,
      "sga": 353647000,
      "fcf": -131875000,
      "ocf": -4707000,
      "capex": -127168000,
      "gross_margin": null,
      "op_margin": -0.938284959836684,
      "fcf_margin": -0.36578296276572136,
      "incr_op_margin_yoy": -1.9582080736640441,
      "rev_growth_yoy": 0.5780171489348664,
      "fcf_margin_change": -0.15268562222967316
    },
    {
      "date": "2022-03-31T00:00:00",
      "quarter_label": "2022-03 (Q1)",
      "revenue": 392254000,
      "gross_profit": null,
      "operating_income": -10916000,
      "net_income": -37966000,
      "opex": 403170000,
      "cogs": null,
      "rd": null,
      "sga": 66561000,
      "fcf": -101692000,
      "ocf": 9062000,
      "capex": -110754000,
      "gross_margin": null,
      "op_margin": -0.027828906779790646,
      "fcf_margin": -0.25925038367996245,
      "incr_op_margin_yoy": 0.4989507260975405,
      "rev_growth_yoy": 0.5734342032427056,
      "rev_growth_yoy_accel": -0.004582945692160889,
      "op_leverage_ratio": Infinity,
      "fcf_margin_change": 0.10653257908575892
    },
    {
      "date": "2022-06-30T00:00:00",
      "quarter_label": "2022-06 (Q2)",
      "revenue": 461267000,
      "gross_profit": null,
      "operating_income": 20810000,
      "net_income": -2285000,
      "opex": 440457000,
      "cogs": null,
      "rd": null,
      "sga": 51950000,
      "fcf": -70623000,
      "ocf": 71263000,
      "capex": -141886000,
      "gross_margin": null,
      "op_margin": 0.04511486839509438,
      "fcf_margin": -0.15310655217043492,
      "incr_op_margin_yoy": 0.564382966396292,
      "rev_growth_yoy": 0.42724490774690815,
      "rev_growth_yoy_accel": -0.1461892954957974,
      "op_leverage_ratio": 1.902366946753391,
      "fcf_margin_change": 0.10614383150952753
    },
    {
      "date": "2022-09-30T00:00:00",
      "quarter_label": "2022-09 (Q3)",
      "revenue": 496381000,
      "gross_profit": null,
      "operating_income": 55734000,
      "net_income": 24732000,
      "opex": 440647000,
      "cogs": null,
      "rd": null,
      "sga": 57139000,
      "fcf": -112311000,
      "ocf": 44995000,
      "capex": -157306000,
      "gross_margin": null,
      "op_margin": 0.11228068761697164,
      "fcf_margin": -0.2262596674731708,
      "incr_op_margin_yoy": 0.6581582705382564,
      "rev_growth_yoy": 0.2891673592354041,
      "rev_growth_yoy_accel": -0.13807754851150406,
      "op_leverage_ratio": Infinity,
      "fcf_margin_change": -0.07315311530273588
    },
    {
      "date": "2022-12-31T00:00:00",
      "quarter_label": "2022-12 (Q4)",
      "revenue": 472655000,
      "gross_profit": null,
      "operating_income": 44991000,
      "net_income": 13726000,
      "opex": 427664000,
      "cogs": null,
      "rd": null,
      "sga": 38326000,
      "fcf": -105583000,
      "ocf": 75649000,
      "capex": -181232000,
      "gross_margin": null,
      "op_margin": 0.0951878219843226,
      "fcf_margin": -0.22338280564047772,
      "incr_op_margin_yoy": 3.418168683724705,
      "rev_growth_yoy": 0.31100774419739935,
      "rev_growth_yoy_accel": 0.02184038496199525,
      "fcf_margin_change": 0.0028768618326930895
    },
    {
      "date": "2023-03-31T00:00:00",
      "quarter_label": "2023-03 (Q1)",
      "revenue": 510851000,
      "gross_profit": null,
      "operating_income": 67384000,
      "net_income": 27460000,
      "opex": 443467000,
      "cogs": null,
      "rd": null,
      "sga": 42497000,
      "fcf": -96466000,
      "ocf": 74348000,
      "capex": -170814000,
      "gross_margin": null,
      "op_margin": 0.13190538924265588,
      "fcf_margin": -0.18883392613501784,
      "incr_op_margin_yoy": 0.660219061190418,
      "rev_growth_yoy": 0.302347458534521,
      "rev_growth_yoy_accel": -0.008660285662878353,
      "op_leverage_ratio": 2.186939565366501,
      "fcf_margin_change": 0.03454887950545987
    },
    {
      "date": "2023-06-30T00:00:00",
      "quarter_label": "2023-06 (Q2)",
      "revenue": 561731000,
      "gross_profit": 259128000,
      "operating_income": 52408000,
      "net_income": 17004000,
      "opex": 509323000,
      "cogs": 302603000,
      "rd": null,
      "sga": 52840000,
      "fcf": -24319000,
      "ocf": 141943000,
      "capex": -166262000,
      "gross_margin": 0.46130265198110837,
      "op_margin": 0.0932973255882264,
      "fcf_margin": -0.043292964069990794,
      "incr_op_margin_yoy": 0.314520624303233,
      "rev_growth_yoy": 0.21780010276044026,
      "rev_growth_yoy_accel": -0.08454735577408073,
      "op_leverage_ratio": 0.6706853406725837,
      "fcf_margin_change": 0.14554096206502704
    },
    {
      "date": "2023-09-30T00:00:00",
      "quarter_label": "2023-09 (Q3)",
      "revenue": 585177000,
      "gross_profit": 265776000,
      "operating_income": 46749000,
      "net_income": 7915000,
      "opex": 538428000,
      "cogs": 319401000,
      "rd": null,
      "sga": 51668000,
      "fcf": -78234000,
      "ocf": 114655000,
      "capex": -192889000,
      "gross_margin": 0.4541805299934891,
      "op_margin": 0.07988864907540795,
      "fcf_margin": -0.13369288266627022,
      "incr_op_margin_yoy": -0.1011869904049732,
      "rev_growth_yoy": 0.17888678253196638,
      "rev_growth_yoy_accel": -0.03891332022847388,
      "op_leverage_ratio": 0.7304088955251141,
      "fcf_margin_change": -0.09039991859627942
    },
    {
      "date": "2023-12-31T00:00:00",
      "quarter_label": "2023-12 (Q4)",
      "revenue": 558834000,
      "gross_profit": null,
      "operating_income": 58669000,
      "net_income": 23684000,
      "opex": 500165000,
      "cogs": null,
      "rd": null,
      "sga": 54126000,
      "fcf": -35970000,
      "ocf": 132058000,
      "capex": -168028000,
      "gross_margin": null,
      "op_margin": 0.1049846644978652,
      "fcf_margin": -0.06436616240243077,
      "incr_op_margin_yoy": 0.15871616054955384,
      "rev_growth_yoy": 0.1823296061609419,
      "rev_growth_yoy_accel": 0.003442823628975522,
      "fcf_margin_change": 0.06932672026383944
    },
    {
      "date": "2024-03-31T00:00:00",
      "quarter_label": "2024-03 (Q1)",
      "revenue": 596717000,
      "gross_profit": 274817000,
      "operating_income": 72057000,
      "net_income": 24917000,
      "opex": 524660000,
      "cogs": 321900000,
      "rd": null,
      "sga": 48853000,
      "fcf": -66394000,
      "ocf": 90407000,
      "capex": -156801000,
      "gross_margin": 0.4605483001154651,
      "op_margin": 0.12075573513072362,
      "fcf_margin": -0.11126547425328925,
      "incr_op_margin_yoy": 0.054422006382037126,
      "rev_growth_yoy": 0.16808423591223273,
      "rev_growth_yoy_accel": -0.014245370248709172,
      "op_leverage_ratio": 1.3841953849694786,
      "fcf_margin_change": -0.04689931185085848
    },
    {
      "date": "2024-06-30T00:00:00",
      "quarter_label": "2024-06 (Q2)",
      "revenue": 667761000,
      "gross_profit": 312251000,
      "operating_income": 104756000,
      "net_income": 52805000,
      "opex": 563005000,
      "cogs": 355510000,
      "rd": null,
      "sga": 53246000,
      "fcf": 26117000,
      "ocf": 170423000,
      "capex": -144306000,
      "gross_margin": 0.4676089199578891,
      "op_margin": 0.1568764872461854,
      "fcf_margin": 0.03911129880301485,
      "incr_op_margin_yoy": 0.4937093275488069,
      "rev_growth_yoy": 0.18875582796747908,
      "rev_growth_yoy_accel": 0.02067159205524635,
      "op_leverage_ratio": 1.6290267193473171,
      "fcf_margin_change": 0.1503767730563041
    },
    {
      "date": "2024-09-30T00:00:00",
      "quarter_label": "2024-09 (Q3)",
      "revenue": 693234000,
      "gross_profit": 322100000,
      "operating_income": 93695000,
      "net_income": 41355000,
      "opex": 599539000,
      "cogs": 371134000,
      "rd": null,
      "sga": 57737000,
      "fcf": 64040000,
      "ocf": 151146000,
      "capex": -87106000,
      "gross_margin": 0.4646338754302299,
      "op_margin": 0.13515638298179258,
      "fcf_margin": 0.09237861962915841,
      "incr_op_margin_yoy": 0.4344558890215349,
      "rev_growth_yoy": 0.18465694994847712,
      "rev_growth_yoy_accel": -0.004098878019001967,
      "op_leverage_ratio": 0.5878602189844507,
      "fcf_margin_change": 0.05326732082614356
    },
    {
      "date": "2024-12-31T00:00:00",
      "quarter_label": "2024-12 (Q4)",
      "revenue": 663283000,
      "gross_profit": null,
      "operating_income": 86975000,
      "net_income": 37163000,
      "opex": 576308000,
      "cogs": null,
      "rd": null,
      "sga": 61211000,
      "fcf": 26819000,
      "ocf": 163141000,
      "capex": -136322000,
      "gross_margin": null,
      "op_margin": 0.1311280403688923,
      "fcf_margin": 0.04043372135272576,
      "incr_op_margin_yoy": 0.27100307327020845,
      "rev_growth_yoy": 0.18690523482823163,
      "rev_growth_yoy_accel": 0.0022482848797545085,
      "fcf_margin_change": -0.05194489827643266
    },
    {
      "date": "2025-03-31T00:00:00",
      "quarter_label": "2025-03 (Q1)",
      "revenue": 706041000,
      "gross_profit": 335054000,
      "operating_income": 107670000,
      "net_income": 76142000,
      "opex": 598371000,
      "cogs": 370987000,
      "rd": null,
      "sga": 57847000,
      "fcf": 41374000,
      "ocf": 183856000,
      "capex": -142482000,
      "gross_margin": 0.4745531775066887,
      "op_margin": 0.15249822602370117,
      "fcf_margin": 0.05859999631749431,
      "incr_op_margin_yoy": 0.32575646701547695,
      "rev_growth_yoy": 0.18320912593406924,
      "rev_growth_yoy_accel": -0.0036961088941623865,
      "op_leverage_ratio": 1.6838701559129263,
      "fcf_margin_change": 0.018166274964768553
    },
    {
      "date": "2025-06-30T00:00:00",
      "quarter_label": "2025-06 (Q2)",
      "revenue": 761469000,
      "gross_profit": 357544000,
      "operating_income": 108449000,
      "net_income": 72102000,
      "opex": 653020000,
      "cogs": 403925000,
      "rd": null,
      "sga": 61674000,
      "fcf": -26306000,
      "ocf": 195698000,
      "capex": -222004000,
      "gross_margin": 0.4695450504222759,
      "op_margin": 0.14242076827815708,
      "fcf_margin": -0.0345463833721399,
      "incr_op_margin_yoy": 0.039409655525675505,
      "rev_growth_yoy": 0.14033164560374145,
      "rev_growth_yoy_accel": -0.04287748033032779,
      "op_leverage_ratio": 0.859582578417872,
      "fcf_margin_change": -0.09314637968963421
    },
    {
      "date": "2025-09-30T00:00:00",
      "quarter_label": "2025-09 (Q3)",
      "revenue": 782649000,
      "gross_profit": 368321000,
      "operating_income": 135645000,
      "net_income": 102427000,
      "opex": 647004000,
      "cogs": 414328000,
      "rd": null,
      "sga": 59840000,
      "fcf": 28618000,
      "ocf": 251112000,
      "capex": -222494000,
      "gross_margin": 0.4706081525690316,
      "op_margin": 0.17331524093175868,
      "fcf_margin": 0.036565561318036566,
      "incr_op_margin_yoy": 0.46916065537102275,
      "rev_growth_yoy": 0.12898242152000622,
      "rev_growth_yoy_accel": -0.011349224083735232,
      "op_leverage_ratio": Infinity,
      "fcf_margin_change": 0.07111194469017647
    }
  ],
  "signals": [
    {
      "quarter": "2025-09 (Q3)",
      "signal": "FCF TURNED POSITIVE",
      "detail": "FCF margin: -3.5% -> +3.7%",
      "severity": "HIGH"
    },
    {
      "quarter": "2025-09 (Q3)",
      "signal": "INCREMENTAL MARGIN (YoY)",
      "detail": "YoY Incr OPM: +46.9% vs year-ago OPM: +13.5%",
      "severity": "HIGH"
    },
    {
      "quarter": "2025-03 (Q1)",
      "signal": "OPERATING LEVERAGE",
      "detail": "Rev growth +6.4% vs OpEx growth +3.8% (leverage: 1.7x)",
      "severity": "MEDIUM"
    },
    {
      "quarter": "2025-03 (Q1)",
      "signal": "INCREMENTAL MARGIN (YoY)",
      "detail": "YoY Incr OPM: +32.6% vs year-ago OPM: +12.1%",
      "severity": "HIGH"
    },
    {
      "quarter": "2024-12 (Q4)",
      "signal": "INCREMENTAL MARGIN (YoY)",
      "detail": "YoY Incr OPM: +27.1% vs year-ago OPM: +10.5%",
      "severity": "MEDIUM"
    },
    {
      "quarter": "2024-09 (Q3)",
      "signal": "FCF MARGIN EXPANSION",
      "detail": "FCF margin: +3.9% -> +9.2% (+5.3%)",
      "severity": "MEDIUM"
    },
    {
      "quarter": "2024-09 (Q3)",
      "signal": "INCREMENTAL MARGIN (YoY)",
      "detail": "YoY Incr OPM: +43.4% vs year-ago OPM: +8.0%",
      "severity": "HIGH"
    },
    {
      "quarter": "2024-06 (Q2)",
      "signal": "FCF TURNED POSITIVE",
      "detail": "FCF margin: -11.1% -> +3.9%",
      "severity": "HIGH"
    },
    {
      "quarter": "2024-06 (Q2)",
      "signal": "OPERATING LEVERAGE",
      "detail": "Rev growth +11.9% vs OpEx growth +7.3% (leverage: 1.6x)",
      "severity": "MEDIUM"
    },
    {
      "quarter": "2024-06 (Q2)",
      "signal": "INCREMENTAL MARGIN (YoY)",
      "detail": "YoY Incr OPM: +49.4% vs year-ago OPM: +9.3%",
      "severity": "HIGH"
    },
    {
      "quarter": "2023-12 (Q4)",
      "signal": "FCF MARGIN EXPANSION",
      "detail": "FCF margin: -13.4% -> -6.4% (+6.9%)",
      "severity": "MEDIUM"
    },
    {
      "quarter": "2023-06 (Q2)",
      "signal": "FCF MARGIN EXPANSION",
      "detail": "FCF margin: -18.9% -> -4.3% (+14.6%)",
      "severity": "MEDIUM"
    },
    {
      "quarter": "2023-06 (Q2)",
      "signal": "YoY REVENUE GROWTH DECELERATION",
      "detail": "YoY growth: +21.8% vs prior quarter YoY: +30.2% (decel: -8.5%)",
      "severity": "WARNING"
    },
    {
      "quarter": "2023-06 (Q2)",
      "signal": "INCREMENTAL MARGIN (YoY)",
      "detail": "YoY Incr OPM: +31.5% vs year-ago OPM: +4.5%",
      "severity": "HIGH"
    },
    {
      "quarter": "2023-03 (Q1)",
      "signal": "OPERATING LEVERAGE",
      "detail": "Rev growth +8.1% vs OpEx growth +3.7% (leverage: 2.2x)",
      "severity": "MEDIUM"
    },
    {
      "quarter": "2023-03 (Q1)",
      "signal": "OP MARGIN TURNED POSITIVE (YoY)",
      "detail": "Op margin: -2.8% (year-ago) -> +13.2%",
      "severity": "HIGH"
    },
    {
      "quarter": "2022-12 (Q4)",
      "signal": "OP MARGIN TURNED POSITIVE (YoY)",
      "detail": "Op margin: -93.8% (year-ago) -> +9.5%",
      "severity": "HIGH"
    },
    {
      "quarter": "2022-09 (Q3)",
      "signal": "OPERATING LEVERAGE",
      "detail": "Rev growth +7.6% vs OpEx growth +0.0% (leverage: 176.5x)",
      "severity": "MEDIUM"
    },
    {
      "quarter": "2022-09 (Q3)",
      "signal": "YoY REVENUE GROWTH DECELERATION",
      "detail": "YoY growth: +28.9% vs prior quarter YoY: +42.7% (decel: -13.8%)",
      "severity": "WARNING"
    },
    {
      "quarter": "2022-09 (Q3)",
      "signal": "OP MARGIN TURNED POSITIVE (YoY)",
      "detail": "Op margin: -4.6% (year-ago) -> +11.2%",
      "severity": "HIGH"
    },
    {
      "quarter": "2022-06 (Q2)",
      "signal": "FCF MARGIN EXPANSION",
      "detail": "FCF margin: -25.9% -> -15.3% (+10.6%)",
      "severity": "MEDIUM"
    },
    {
      "quarter": "2022-06 (Q2)",
      "signal": "OPERATING LEVERAGE",
      "detail": "Rev growth +17.6% vs OpEx growth +9.2% (leverage: 1.9x)",
      "severity": "MEDIUM"
    },
    {
      "quarter": "2022-06 (Q2)",
      "signal": "YoY REVENUE GROWTH DECELERATION",
      "detail": "YoY growth: +42.7% vs prior quarter YoY: +57.3% (decel: -14.6%)",
      "severity": "WARNING"
    },
    {
      "quarter": "2022-06 (Q2)",
      "signal": "OP MARGIN TURNED POSITIVE (YoY)",
      "detail": "Op margin: -17.7% (year-ago) -> +4.5%",
      "severity": "HIGH"
    },
    {
      "quarter": "2022-06 (Q2)",
      "signal": "OP MARGIN TURNED POSITIVE (QoQ)",
      "detail": "Op margin: -2.8% -> +4.5%",
      "severity": "HIGH"
    },
    {
      "quarter": "2022-03 (Q1)",
      "signal": "FCF MARGIN EXPANSION",
      "detail": "FCF margin: -36.6% -> -25.9% (+10.7%)",
      "severity": "MEDIUM"
    },
    {
      "quarter": "2021-09 (Q3)",
      "signal": "OPERATING LEVERAGE",
      "detail": "Rev growth +19.1% vs OpEx growth +5.9% (leverage: 3.3x)",
      "severity": "MEDIUM"
    },
    {
      "quarter": "2021-06 (Q2)",
      "signal": "FCF MARGIN EXPANSION",
      "detail": "FCF margin: -32.7% -> -16.6% (+16.1%)",
      "severity": "MEDIUM"
    },
    {
      "quarter": "2021-06 (Q2)",
      "signal": "OPERATING LEVERAGE",
      "detail": "Rev growth +29.6% vs OpEx growth +14.7% (leverage: 2.0x)",
      "severity": "MEDIUM"
    },
    {
      "quarter": "2021-03 (Q1)",
      "signal": "FCF MARGIN EXPANSION",
      "detail": "FCF margin: -40.1% -> -32.7% (+7.4%)",
      "severity": "MEDIUM"
    }
  ],
  "data_quality": {
    "n_quarters": 20,
    "coverage": {
      "revenue": [
        20,
        20
      ],
      "gross_profit": [
        8,
        20
      ],
      "op_income": [
        20,
        20
      ],
      "fcf": [
        20,
        20
      ]
    },
    "gaps": [],
    "warnings": [
      "gross_profit: 8/20Q"
    ]
  },
  "market_cap": null,
  "source": "SEC EDGAR",
  "last_updated": "2026-02-02T20:53:54.276528",
  "sector": "Consumer Cyclical",
  "industry": "Leisure"
}