{
  "ticker": "LTRX",
  "name": "LANTRONIX, INC.",
  "quarters": [
    {
      "date": "2020-12-31T00:00:00",
      "quarter_label": "2020-12 (Q4)",
      "revenue": 16585000,
      "gross_profit": 6996000,
      "operating_income": -1322000,
      "net_income": -1459000,
      "opex": 8318000,
      "cogs": 9589000,
      "rd": 2449000,
      "sga": 4853000,
      "fcf": 107000,
      "ocf": 283000,
      "capex": -176000,
      "gross_margin": 0.4218269520651191,
      "op_margin": -0.07971058185107024,
      "fcf_margin": 0.0064516129032258064
    },
    {
      "date": "2021-03-31T00:00:00",
      "quarter_label": "2021-03 (Q1)",
      "revenue": 17108000,
      "gross_profit": 7718000,
      "operating_income": -848000,
      "net_income": -1187000,
      "opex": 8566000,
      "cogs": 9390000,
      "rd": 2519000,
      "sga": 4995000,
      "fcf": 1095000,
      "ocf": 1471000,
      "capex": -376000,
      "gross_margin": 0.45113397241056813,
      "op_margin": -0.04956745382277297,
      "fcf_margin": 0.06400514379237783,
      "op_leverage_ratio": 1.057677944508738,
      "fcf_margin_change": 0.05755353088915202
    },
    {
      "date": "2021-06-30T00:00:00",
      "quarter_label": "2021-06 (Q2)",
      "revenue": 20638000,
      "gross_profit": 10072000,
      "operating_income": -961000,
      "net_income": -1096000,
      "opex": 11033000,
      "cogs": 10566000,
      "rd": 3573000,
      "sga": 6061000,
      "fcf": 1602000,
      "ocf": 1720000,
      "capex": -118000,
      "gross_margin": 0.4880317860257777,
      "op_margin": -0.04656458959201473,
      "fcf_margin": 0.07762380075588719,
      "op_leverage_ratio": 0.7164475211202652,
      "fcf_margin_change": 0.013618656963509362
    },
    {
      "date": "2021-09-30T00:00:00",
      "quarter_label": "2021-09 (Q3)",
      "revenue": 27705000,
      "gross_profit": 12463000,
      "operating_income": -1760000,
      "net_income": -2283000,
      "opex": 14223000,
      "cogs": 15242000,
      "rd": 4041000,
      "sga": 7906000,
      "fcf": -633000,
      "ocf": -516000,
      "capex": -117000,
      "gross_margin": 0.4498465980869879,
      "op_margin": -0.06352643927088973,
      "fcf_margin": -0.02284786139685977,
      "op_leverage_ratio": 1.1843236948247458,
      "fcf_margin_change": -0.10047166215274697
    },
    {
      "date": "2021-12-31T00:00:00",
      "quarter_label": "2021-12 (Q4)",
      "revenue": 33681000,
      "gross_profit": 14440000,
      "operating_income": -1739000,
      "net_income": -2395000,
      "opex": 16179000,
      "cogs": 19241000,
      "rd": 4310000,
      "sga": 8935000,
      "fcf": -5332000,
      "ocf": -4889000,
      "capex": -443000,
      "gross_margin": 0.4287283631721148,
      "op_margin": -0.051631483625783084,
      "fcf_margin": -0.1583088388111992,
      "incr_op_margin_yoy": -0.02439167056621432,
      "rev_growth_yoy": 1.0308109737714803,
      "op_leverage_ratio": 1.5684648626025957,
      "fcf_margin_change": -0.13546097741433943
    },
    {
      "date": "2022-03-31T00:00:00",
      "quarter_label": "2022-03 (Q1)",
      "revenue": 32324000,
      "gross_profit": 13616000,
      "operating_income": -2080000,
      "net_income": -3190000,
      "opex": 15696000,
      "cogs": 18708000,
      "rd": 4483000,
      "sga": 8326000,
      "fcf": -1239000,
      "ocf": -661000,
      "capex": -578000,
      "gross_margin": 0.42123499566885286,
      "op_margin": -0.06434847172379655,
      "fcf_margin": -0.03833065214701151,
      "incr_op_margin_yoy": -0.08096740273396424,
      "rev_growth_yoy": 0.889408463876549,
      "rev_growth_yoy_accel": -0.1414025098949313,
      "fcf_margin_change": 0.11997818666418769
    },
    {
      "date": "2022-06-30T00:00:00",
      "quarter_label": "2022-06 (Q2)",
      "revenue": 35945000,
      "gross_profit": 15067000,
      "operating_income": 568000,
      "net_income": 2506000,
      "opex": 14499000,
      "cogs": 20878000,
      "rd": 4853000,
      "sga": 9362000,
      "fcf": -4330000,
      "ocf": -3350000,
      "capex": -980000,
      "gross_margin": 0.41916817359855335,
      "op_margin": 0.015801919599387954,
      "fcf_margin": -0.12046181666434831,
      "incr_op_margin_yoy": 0.09988893970079049,
      "rev_growth_yoy": 0.7416900862486675,
      "rev_growth_yoy_accel": -0.14771837762788154,
      "op_leverage_ratio": Infinity,
      "fcf_margin_change": -0.0821311645173368
    },
    {
      "date": "2022-09-30T00:00:00",
      "quarter_label": "2022-09 (Q3)",
      "revenue": 31795000,
      "gross_profit": 14036000,
      "operating_income": -1371000,
      "net_income": -1653000,
      "opex": 15407000,
      "cogs": 17759000,
      "rd": 4526000,
      "sga": 9157000,
      "fcf": -5622000,
      "ocf": -4666000,
      "capex": -956000,
      "gross_margin": 0.44145305865702156,
      "op_margin": -0.043119987419405564,
      "fcf_margin": -0.17682025475703728,
      "incr_op_margin_yoy": 0.09511002444987775,
      "rev_growth_yoy": 0.14762678216928352,
      "rev_growth_yoy_accel": -0.594063304079384,
      "fcf_margin_change": -0.056358438092688964
    },
    {
      "date": "2022-12-31T00:00:00",
      "quarter_label": "2022-12 (Q4)",
      "revenue": 31506000,
      "gross_profit": 13794000,
      "operating_income": -2111000,
      "net_income": -2609000,
      "opex": 15905000,
      "cogs": 17712000,
      "rd": 5084000,
      "sga": 9813000,
      "fcf": -6323000,
      "ocf": -5285000,
      "capex": -1038000,
      "gross_margin": 0.43782136735859833,
      "op_margin": -0.06700311051863138,
      "fcf_margin": -0.20069193169555005,
      "incr_op_margin_yoy": 0.17103448275862068,
      "rev_growth_yoy": -0.06457646744455331,
      "rev_growth_yoy_accel": -0.21220324961383683,
      "fcf_margin_change": -0.023871676938512776
    },
    {
      "date": "2023-03-31T00:00:00",
      "quarter_label": "2023-03 (Q1)",
      "revenue": 32964000,
      "gross_profit": 14636000,
      "operating_income": -2431000,
      "net_income": -3065000,
      "opex": 17067000,
      "cogs": 18328000,
      "rd": 5067000,
      "sga": 9946000,
      "fcf": 8664000,
      "ocf": 8995000,
      "capex": -331000,
      "gross_margin": 0.44399951462201187,
      "op_margin": -0.0737471180681956,
      "fcf_margin": 0.2628321805606116,
      "rev_growth_yoy": 0.019799529761168173,
      "rev_growth_yoy_accel": 0.08437599720572148,
      "op_leverage_ratio": 0.6334200419492263,
      "fcf_margin_change": 0.46352411225616164
    },
    {
      "date": "2023-06-30T00:00:00",
      "quarter_label": "2023-06 (Q2)",
      "revenue": 34924000,
      "gross_profit": 13798000,
      "operating_income": -761000,
      "net_income": -1653000,
      "opex": 14559000,
      "cogs": 21126000,
      "rd": 4948000,
      "sga": 8032000,
      "fcf": 845000,
      "ocf": 1193000,
      "capex": -348000,
      "gross_margin": 0.3950864734852823,
      "op_margin": -0.021790172946970564,
      "fcf_margin": 0.02419539571641278,
      "incr_op_margin_yoy": 1.3016650342801175,
      "rev_growth_yoy": -0.028404506885519543,
      "rev_growth_yoy_accel": -0.048204036646687716,
      "op_leverage_ratio": Infinity,
      "fcf_margin_change": -0.2386367848441988
    },
    {
      "date": "2023-09-30T00:00:00",
      "quarter_label": "2023-09 (Q3)",
      "revenue": 33031000,
      "gross_profit": 14097000,
      "operating_income": -1574000,
      "net_income": -1886000,
      "opex": 15671000,
      "cogs": 18934000,
      "rd": 5106000,
      "sga": 9170000,
      "fcf": 7012000,
      "ocf": 7498000,
      "capex": -486000,
      "gross_margin": 0.4267809027882898,
      "op_margin": -0.04765220550392056,
      "fcf_margin": 0.21228542883957494,
      "incr_op_margin_yoy": -0.16423948220064724,
      "rev_growth_yoy": 0.03887403679823872,
      "rev_growth_yoy_accel": 0.06727854368375827,
      "fcf_margin_change": 0.18809003312316216
    },
    {
      "date": "2023-12-31T00:00:00",
      "quarter_label": "2023-12 (Q4)",
      "revenue": 37038000,
      "gross_profit": 15031000,
      "operating_income": -1758000,
      "net_income": -2593000,
      "opex": 16789000,
      "cogs": 22007000,
      "rd": 4725000,
      "sga": 10224000,
      "fcf": 4551000,
      "ocf": 5254000,
      "capex": -703000,
      "gross_margin": 0.4058264485123387,
      "op_margin": -0.047464765916086185,
      "fcf_margin": 0.12287380528106269,
      "incr_op_margin_yoy": 0.06381055676066522,
      "rev_growth_yoy": 0.17558560274233478,
      "rev_growth_yoy_accel": 0.13671156594409606,
      "op_leverage_ratio": 1.7004056036913122,
      "fcf_margin_change": -0.08941162355851225
    },
    {
      "date": "2024-03-31T00:00:00",
      "quarter_label": "2024-03 (Q1)",
      "revenue": 41183000,
      "gross_profit": 16504000,
      "operating_income": -95000,
      "net_income": -423000,
      "opex": 16599000,
      "cogs": 24679000,
      "rd": 5186000,
      "sga": 9753000,
      "fcf": 3460000,
      "ocf": 3596000,
      "capex": -136000,
      "gross_margin": 0.4007478814073768,
      "op_margin": -0.0023067770682077557,
      "fcf_margin": 0.08401524901051405,
      "incr_op_margin_yoy": 0.2842194914223142,
      "rev_growth_yoy": 0.24933260526635118,
      "rev_growth_yoy_accel": 0.07374700252401639,
      "op_leverage_ratio": Infinity,
      "fcf_margin_change": -0.03885855627054864
    },
    {
      "date": "2024-06-30T00:00:00",
      "quarter_label": "2024-06 (Q2)",
      "revenue": 49075000,
      "gross_profit": 18722000,
      "operating_income": 565000,
      "net_income": 386000,
      "opex": 18157000,
      "cogs": -65244000,
      "rd": 5265000,
      "sga": 11059000,
      "fcf": 2121000,
      "ocf": 2275000,
      "capex": -154000,
      "gross_margin": 0.38149770759042284,
      "op_margin": 0.011512990320937342,
      "fcf_margin": 0.043219561895058586,
      "incr_op_margin_yoy": 0.09370362518549925,
      "rev_growth_yoy": 0.40519413583781927,
      "rev_growth_yoy_accel": 0.1558615305714681,
      "op_leverage_ratio": 2.0416606962062342,
      "fcf_margin_change": -0.04079568711545546
    },
    {
      "date": "2024-09-30T00:00:00",
      "quarter_label": "2024-09 (Q3)",
      "revenue": 34423000,
      "gross_profit": 14475000,
      "operating_income": -2128000,
      "net_income": -2502000,
      "opex": 16603000,
      "cogs": 19948000,
      "rd": 4956000,
      "sga": 9496000,
      "fcf": 2506000,
      "ocf": 2663000,
      "capex": -157000,
      "gross_margin": 0.4205037329692357,
      "op_margin": -0.0618191325567208,
      "fcf_margin": 0.07280016268192778,
      "incr_op_margin_yoy": -0.39798850574712646,
      "rev_growth_yoy": 0.04214223002633889,
      "rev_growth_yoy_accel": -0.3630519058114804,
      "fcf_margin_change": 0.029580600786869193
    },
    {
      "date": "2024-12-31T00:00:00",
      "quarter_label": "2024-12 (Q4)",
      "revenue": 31161000,
      "gross_profit": 13284000,
      "operating_income": -2160000,
      "net_income": -2372000,
      "opex": 15444000,
      "cogs": 17877000,
      "rd": 4984000,
      "sga": 8811000,
      "fcf": 256000,
      "ocf": 340000,
      "capex": -84000,
      "gross_margin": 0.4263021084047367,
      "op_margin": -0.0693174160007702,
      "fcf_margin": 0.008215397451943133,
      "incr_op_margin_yoy": 0.06840224604389995,
      "rev_growth_yoy": -0.15867487445326423,
      "rev_growth_yoy_accel": -0.2008171044796031,
      "fcf_margin_change": -0.06458476522998464
    },
    {
      "date": "2025-03-31T00:00:00",
      "quarter_label": "2025-03 (Q1)",
      "revenue": 28500000,
      "gross_profit": 12403000,
      "operating_income": -3579000,
      "net_income": -3868000,
      "opex": 15982000,
      "cogs": 16097000,
      "rd": 4463000,
      "sga": 8959000,
      "fcf": 3109000,
      "ocf": 3230000,
      "capex": -121000,
      "gross_margin": 0.43519298245614035,
      "op_margin": -0.12557894736842104,
      "fcf_margin": 0.10908771929824561,
      "incr_op_margin_yoy": 0.2746984152014508,
      "rev_growth_yoy": -0.3079668795376733,
      "rev_growth_yoy_accel": -0.1492920050844091,
      "fcf_margin_change": 0.10087232184630247
    },
    {
      "date": "2025-06-30T00:00:00",
      "quarter_label": "2025-06 (Q2)",
      "revenue": 28839000,
      "gross_profit": 11537000,
      "operating_income": -3134000,
      "net_income": -2631000,
      "opex": 14671000,
      "cogs": -57000,
      "rd": 4194000,
      "sga": 9009000,
      "fcf": 909000,
      "ocf": 1052000,
      "capex": -143000,
      "gross_margin": 0.4000485453725857,
      "op_margin": -0.10867228405978016,
      "fcf_margin": 0.03151981691459482,
      "incr_op_margin_yoy": 0.18279304210318245,
      "rev_growth_yoy": -0.412348446255731,
      "rev_growth_yoy_accel": -0.1043815667180577,
      "op_leverage_ratio": Infinity,
      "fcf_margin_change": -0.07756790238365079
    },
    {
      "date": "2025-09-30T00:00:00",
      "quarter_label": "2025-09 (Q3)",
      "revenue": 29794000,
      "gross_profit": 13346000,
      "operating_income": -1527000,
      "net_income": -1401000,
      "opex": 14873000,
      "cogs": 77000,
      "rd": 4598000,
      "sga": 9542000,
      "fcf": 3531000,
      "ocf": 3605000,
      "capex": -74000,
      "gross_margin": 0.44794253876619455,
      "op_margin": -0.05125192991877559,
      "fcf_margin": 0.11851379472376988,
      "incr_op_margin_yoy": -0.12983365737740332,
      "rev_growth_yoy": -0.13447404351741568,
      "rev_growth_yoy_accel": 0.2778744027383153,
      "op_leverage_ratio": 2.4050910500391556,
      "fcf_margin_change": 0.08699397780917506
    }
  ],
  "signals": [
    {
      "quarter": "2025-09 (Q3)",
      "signal": "FCF MARGIN EXPANSION",
      "detail": "FCF margin: +3.2% -> +11.9% (+8.7%)",
      "severity": "MEDIUM"
    },
    {
      "quarter": "2025-09 (Q3)",
      "signal": "OPERATING LEVERAGE",
      "detail": "Rev growth +3.3% vs OpEx growth +1.4% (leverage: 2.4x)",
      "severity": "MEDIUM"
    },
    {
      "quarter": "2025-09 (Q3)",
      "signal": "GROSS MARGIN INFLECTION",
      "detail": "GM: +43.5% -> +40.0% -> +44.8% (reversal +4.8%)",
      "severity": "MEDIUM"
    },
    {
      "quarter": "2025-09 (Q3)",
      "signal": "YoY REVENUE GROWTH ACCELERATION",
      "detail": "YoY growth: -13.4% vs prior quarter YoY: -41.2% (accel: +27.8%)",
      "severity": "HIGH"
    },
    {
      "quarter": "2025-06 (Q2)",
      "signal": "YoY REVENUE GROWTH DECELERATION",
      "detail": "YoY growth: -41.2% vs prior quarter YoY: -30.8% (decel: -10.4%)",
      "severity": "WARNING"
    },
    {
      "quarter": "2025-03 (Q1)",
      "signal": "FCF MARGIN EXPANSION",
      "detail": "FCF margin: +0.8% -> +10.9% (+10.1%)",
      "severity": "MEDIUM"
    },
    {
      "quarter": "2025-03 (Q1)",
      "signal": "YoY REVENUE GROWTH DECELERATION",
      "detail": "YoY growth: -30.8% vs prior quarter YoY: -15.9% (decel: -14.9%)",
      "severity": "WARNING"
    },
    {
      "quarter": "2024-12 (Q4)",
      "signal": "YoY REVENUE GROWTH DECELERATION",
      "detail": "YoY growth: -15.9% vs prior quarter YoY: +4.2% (decel: -20.1%)",
      "severity": "WARNING"
    },
    {
      "quarter": "2024-09 (Q3)",
      "signal": "GROSS MARGIN INFLECTION",
      "detail": "GM: +40.1% -> +38.1% -> +42.1% (reversal +3.9%)",
      "severity": "MEDIUM"
    },
    {
      "quarter": "2024-09 (Q3)",
      "signal": "YoY REVENUE GROWTH DECELERATION",
      "detail": "YoY growth: +4.2% vs prior quarter YoY: +40.5% (decel: -36.3%)",
      "severity": "WARNING"
    },
    {
      "quarter": "2024-06 (Q2)",
      "signal": "OPERATING LEVERAGE",
      "detail": "Rev growth +19.2% vs OpEx growth +9.4% (leverage: 2.0x)",
      "severity": "MEDIUM"
    },
    {
      "quarter": "2024-06 (Q2)",
      "signal": "YoY REVENUE GROWTH ACCELERATION",
      "detail": "YoY growth: +40.5% vs prior quarter YoY: +24.9% (accel: +15.6%)",
      "severity": "HIGH"
    },
    {
      "quarter": "2024-06 (Q2)",
      "signal": "OP MARGIN TURNED POSITIVE (YoY)",
      "detail": "Op margin: -2.2% (year-ago) -> +1.2%",
      "severity": "HIGH"
    },
    {
      "quarter": "2024-06 (Q2)",
      "signal": "OP MARGIN TURNED POSITIVE (QoQ)",
      "detail": "Op margin: -0.2% -> +1.2%",
      "severity": "HIGH"
    },
    {
      "quarter": "2024-03 (Q1)",
      "signal": "YoY REVENUE GROWTH ACCELERATION",
      "detail": "YoY growth: +24.9% vs prior quarter YoY: +17.6% (accel: +7.4%)",
      "severity": "MEDIUM"
    },
    {
      "quarter": "2023-12 (Q4)",
      "signal": "OPERATING LEVERAGE",
      "detail": "Rev growth +12.1% vs OpEx growth +7.1% (leverage: 1.7x)",
      "severity": "MEDIUM"
    },
    {
      "quarter": "2023-12 (Q4)",
      "signal": "YoY REVENUE GROWTH ACCELERATION",
      "detail": "YoY growth: +17.6% vs prior quarter YoY: +3.9% (accel: +13.7%)",
      "severity": "MEDIUM"
    },
    {
      "quarter": "2023-09 (Q3)",
      "signal": "FCF MARGIN EXPANSION",
      "detail": "FCF margin: +2.4% -> +21.2% (+18.8%)",
      "severity": "MEDIUM"
    },
    {
      "quarter": "2023-09 (Q3)",
      "signal": "GROSS MARGIN INFLECTION",
      "detail": "GM: +44.4% -> +39.5% -> +42.7% (reversal +3.2%)",
      "severity": "MEDIUM"
    },
    {
      "quarter": "2023-09 (Q3)",
      "signal": "YoY REVENUE GROWTH ACCELERATION",
      "detail": "YoY growth: +3.9% vs prior quarter YoY: -2.8% (accel: +6.7%)",
      "severity": "MEDIUM"
    },
    {
      "quarter": "2023-03 (Q1)",
      "signal": "FCF TURNED POSITIVE",
      "detail": "FCF margin: -20.1% -> +26.3%",
      "severity": "HIGH"
    },
    {
      "quarter": "2023-03 (Q1)",
      "signal": "YoY REVENUE GROWTH ACCELERATION",
      "detail": "YoY growth: +2.0% vs prior quarter YoY: -6.5% (accel: +8.4%)",
      "severity": "MEDIUM"
    },
    {
      "quarter": "2022-12 (Q4)",
      "signal": "YoY REVENUE GROWTH DECELERATION",
      "detail": "YoY growth: -6.5% vs prior quarter YoY: +14.8% (decel: -21.2%)",
      "severity": "WARNING"
    },
    {
      "quarter": "2022-09 (Q3)",
      "signal": "GROSS MARGIN INFLECTION",
      "detail": "GM: +42.1% -> +41.9% -> +44.1% (reversal +2.2%)",
      "severity": "MEDIUM"
    },
    {
      "quarter": "2022-09 (Q3)",
      "signal": "YoY REVENUE GROWTH DECELERATION",
      "detail": "YoY growth: +14.8% vs prior quarter YoY: +74.2% (decel: -59.4%)",
      "severity": "WARNING"
    },
    {
      "quarter": "2022-06 (Q2)",
      "signal": "YoY REVENUE GROWTH DECELERATION",
      "detail": "YoY growth: +74.2% vs prior quarter YoY: +88.9% (decel: -14.8%)",
      "severity": "WARNING"
    },
    {
      "quarter": "2022-06 (Q2)",
      "signal": "OP MARGIN TURNED POSITIVE (YoY)",
      "detail": "Op margin: -4.7% (year-ago) -> +1.6%",
      "severity": "HIGH"
    },
    {
      "quarter": "2022-06 (Q2)",
      "signal": "OP MARGIN TURNED POSITIVE (QoQ)",
      "detail": "Op margin: -6.4% -> +1.6%",
      "severity": "HIGH"
    },
    {
      "quarter": "2022-03 (Q1)",
      "signal": "FCF MARGIN EXPANSION",
      "detail": "FCF margin: -15.8% -> -3.8% (+12.0%)",
      "severity": "MEDIUM"
    },
    {
      "quarter": "2022-03 (Q1)",
      "signal": "YoY REVENUE GROWTH DECELERATION",
      "detail": "YoY growth: +88.9% vs prior quarter YoY: +103.1% (decel: -14.1%)",
      "severity": "WARNING"
    },
    {
      "quarter": "2021-12 (Q4)",
      "signal": "OPERATING LEVERAGE",
      "detail": "Rev growth +21.6% vs OpEx growth +13.8% (leverage: 1.6x)",
      "severity": "MEDIUM"
    },
    {
      "quarter": "2021-03 (Q1)",
      "signal": "FCF MARGIN EXPANSION",
      "detail": "FCF margin: +0.6% -> +6.4% (+5.8%)",
      "severity": "MEDIUM"
    }
  ],
  "data_quality": {
    "n_quarters": 20,
    "coverage": {
      "revenue": [
        20,
        20
      ],
      "gross_profit": [
        20,
        20
      ],
      "op_income": [
        20,
        20
      ],
      "fcf": [
        20,
        20
      ]
    },
    "gaps": [],
    "warnings": []
  },
  "market_cap": null,
  "source": "SEC EDGAR",
  "last_updated": "2026-02-02T22:50:28.371689",
  "sector": "Technology",
  "industry": "Communication Equipment"
}