{
  "ticker": "LUCK",
  "name": "LUCKY STRIKE ENTERTAINMENT CORPORATION",
  "quarters": [
    {
      "date": "2020-12-27T00:00:00",
      "quarter_label": "2020-12 (Q4)",
      "revenue": 73988000,
      "gross_profit": -12057000,
      "operating_income": null,
      "net_income": null,
      "opex": null,
      "cogs": 86045000,
      "rd": null,
      "sga": 16481000,
      "fcf": null,
      "ocf": null,
      "capex": null,
      "gross_margin": -0.16295885819322053,
      "op_margin": null,
      "fcf_margin": null
    },
    {
      "date": "2021-03-28T00:00:00",
      "quarter_label": "2021-03 (Q1)",
      "revenue": 112212000,
      "gross_profit": 18099000,
      "operating_income": null,
      "net_income": null,
      "opex": null,
      "cogs": 94113000,
      "rd": null,
      "sga": 17695000,
      "fcf": null,
      "ocf": null,
      "capex": null,
      "gross_margin": 0.161292909849214,
      "op_margin": null,
      "fcf_margin": null
    },
    {
      "date": "2021-06-27T00:00:00",
      "quarter_label": "2021-06 (Q2)",
      "revenue": 159103000,
      "gross_profit": 38502000,
      "operating_income": 8299000,
      "net_income": -13461000,
      "opex": 30203000,
      "cogs": 120601000,
      "rd": null,
      "sga": 29118000,
      "fcf": 24570000,
      "ocf": 41109000,
      "capex": -16539000,
      "gross_margin": 0.24199417987090124,
      "op_margin": 0.052161178607568685,
      "fcf_margin": 0.15442826345197766
    },
    {
      "date": "2021-09-26T00:00:00",
      "quarter_label": "2021-09 (Q3)",
      "revenue": 180978000,
      "gross_profit": 54110000,
      "operating_income": 32248000,
      "net_income": 15564000,
      "opex": 21862000,
      "cogs": 126868000,
      "rd": null,
      "sga": 21415000,
      "fcf": -28533000,
      "ocf": 31540000,
      "capex": -60073000,
      "gross_margin": 0.2989866171578866,
      "op_margin": 0.1781874039938556,
      "fcf_margin": -0.15766004707754533,
      "op_leverage_ratio": Infinity,
      "fcf_margin_change": -0.312088310529523
    },
    {
      "date": "2021-12-26T00:00:00",
      "quarter_label": "2021-12 (Q4)",
      "revenue": 205190000,
      "gross_profit": 63807000,
      "operating_income": -32684000,
      "net_income": -34454000,
      "opex": 96491000,
      "cogs": 141383000,
      "rd": null,
      "sga": 93283000,
      "fcf": -23705000,
      "ocf": 27745000,
      "capex": -51450000,
      "gross_margin": 0.3109654466591939,
      "op_margin": -0.1592865149373751,
      "fcf_margin": -0.11552707246941858,
      "rev_growth_yoy": 1.7732875601448883,
      "op_leverage_ratio": 0.039191072493635425,
      "fcf_margin_change": 0.04213297460812675
    },
    {
      "date": "2022-03-27T00:00:00",
      "quarter_label": "2022-03 (Q1)",
      "revenue": 257820000,
      "gross_profit": 101329000,
      "operating_income": 70716000,
      "net_income": -17987000,
      "opex": 30613000,
      "cogs": 156491000,
      "rd": null,
      "sga": 30315000,
      "fcf": 59551000,
      "ocf": 83576000,
      "capex": -24025000,
      "gross_margin": 0.393022263594756,
      "op_margin": 0.27428438445427045,
      "fcf_margin": 0.23097897758125824,
      "rev_growth_yoy": 1.297615228317827,
      "rev_growth_yoy_accel": -0.47567233182706126,
      "op_leverage_ratio": Infinity,
      "fcf_margin_change": 0.3465060500506768
    },
    {
      "date": "2022-07-03T00:00:00",
      "quarter_label": "2022-07 (Q3)",
      "revenue": 267717000,
      "gross_profit": 82488000,
      "operating_income": 46345000,
      "net_income": 6943000,
      "opex": 36143000,
      "cogs": 185229000,
      "rd": null,
      "sga": 35689000,
      "fcf": 7986000,
      "ocf": 34809000,
      "capex": -26823000,
      "gross_margin": 0.30811640650388283,
      "op_margin": 0.17311190548228167,
      "fcf_margin": 0.02983000705969363,
      "incr_op_margin_yoy": 0.3502863350949233,
      "rev_growth_yoy": 0.6826646889122141,
      "rev_growth_yoy_accel": -0.614950539405613,
      "op_leverage_ratio": 0.21250430196263762,
      "fcf_margin_change": -0.2011489705215646
    },
    {
      "date": "2022-10-02T00:00:00",
      "quarter_label": "2022-10 (Q4)",
      "revenue": 230260000,
      "gross_profit": 65058000,
      "operating_income": 31273000,
      "net_income": -33534000,
      "opex": 33785000,
      "cogs": 165202000,
      "rd": null,
      "sga": 32494000,
      "fcf": -9136000,
      "ocf": 35573000,
      "capex": -44709000,
      "gross_margin": 0.2825414748545123,
      "op_margin": 0.13581603404846695,
      "fcf_margin": -0.03967688699730739,
      "incr_op_margin_yoy": -0.019784099671279573,
      "rev_growth_yoy": 0.27230934146691865,
      "rev_growth_yoy_accel": -0.41035534744529545,
      "fcf_margin_change": -0.06950689405700103
    },
    {
      "date": "2023-01-01T00:00:00",
      "quarter_label": "2023-01 (Q1)",
      "revenue": 273385000,
      "gross_profit": 93679000,
      "operating_income": 60436000,
      "net_income": 1435000,
      "opex": 33243000,
      "cogs": 179706000,
      "rd": null,
      "sga": 34452000,
      "fcf": 46904000,
      "ocf": 80306000,
      "capex": -33402000,
      "gross_margin": 0.34266327706348193,
      "op_margin": 0.22106553029610257,
      "fcf_margin": 0.17156756954478117,
      "incr_op_margin_yoy": 1.3654960041058728,
      "rev_growth_yoy": 0.3323505044105463,
      "rev_growth_yoy_accel": 0.06004116294362766,
      "op_leverage_ratio": Infinity,
      "fcf_margin_change": 0.21124445654208857
    },
    {
      "date": "2023-04-02T00:00:00",
      "quarter_label": "2023-04 (Q2)",
      "revenue": 315725000,
      "gross_profit": 126421000,
      "operating_income": 89584000,
      "net_income": -32073000,
      "opex": 36837000,
      "cogs": 189304000,
      "rd": null,
      "sga": 35891000,
      "fcf": 58990000,
      "ocf": 92923000,
      "capex": -33933000,
      "gross_margin": 0.4004149180457677,
      "op_margin": 0.283740597038562,
      "fcf_margin": 0.18683981312851375,
      "incr_op_margin_yoy": 0.3258440549175373,
      "rev_growth_yoy": 0.22459467845783881,
      "rev_growth_yoy_accel": -0.1077558259527075,
      "op_leverage_ratio": 1.4325121308099167,
      "fcf_margin_change": 0.015272243583732581
    },
    {
      "date": "2023-07-02T00:00:00",
      "quarter_label": "2023-07 (Q3)",
      "revenue": 239420000,
      "gross_profit": 57248000,
      "operating_income": 19507000,
      "net_income": 146220000,
      "opex": 37741000,
      "cogs": 182172000,
      "rd": null,
      "sga": 35082000,
      "fcf": -28302000,
      "ocf": 8985000,
      "capex": -37287000,
      "gross_margin": 0.2391111853646312,
      "op_margin": 0.08147606716230892,
      "fcf_margin": -0.11821067579984963,
      "incr_op_margin_yoy": 0.9484397639325723,
      "rev_growth_yoy": -0.10569743423092295,
      "rev_growth_yoy_accel": -0.3302921126887618,
      "fcf_margin_change": -0.3050504889283634
    },
    {
      "date": "2023-10-01T00:00:00",
      "quarter_label": "2023-10 (Q4)",
      "revenue": 227405000,
      "gross_profit": 44484000,
      "operating_income": 5356000,
      "net_income": 18219000,
      "opex": 39128000,
      "cogs": 182921000,
      "rd": null,
      "sga": 37765000,
      "fcf": -34591000,
      "ocf": 16083000,
      "capex": -50674000,
      "gross_margin": 0.19561575163254985,
      "op_margin": 0.023552692333062158,
      "fcf_margin": -0.15211187089114137,
      "incr_op_margin_yoy": 9.077758318739054,
      "rev_growth_yoy": -0.01239902718665856,
      "rev_growth_yoy_accel": 0.0932984070442644,
      "fcf_margin_change": -0.03390119509129173
    },
    {
      "date": "2023-12-31T00:00:00",
      "quarter_label": "2023-12 (Q4)",
      "revenue": 305671000,
      "gross_profit": 90581000,
      "operating_income": 49477000,
      "net_income": -63469000,
      "opex": 41104000,
      "cogs": 215090000,
      "rd": null,
      "sga": 37512000,
      "fcf": -7797000,
      "ocf": 55116000,
      "capex": -62913000,
      "gross_margin": 0.29633494835951074,
      "op_margin": 0.16186357227214881,
      "fcf_margin": -0.02550781722832719,
      "incr_op_margin_yoy": -0.3394350492473518,
      "rev_growth_yoy": 0.11809718894599192,
      "rev_growth_yoy_accel": 0.13049621613265047,
      "op_leverage_ratio": 6.815125201990741,
      "fcf_margin_change": 0.1266040536628142
    },
    {
      "date": "2024-03-31T00:00:00",
      "quarter_label": "2024-03 (Q1)",
      "revenue": 337670000,
      "gross_profit": 111776000,
      "operating_income": 71012000,
      "net_income": 23846000,
      "opex": 40764000,
      "cogs": 225894000,
      "rd": null,
      "sga": 39488000,
      "fcf": 43423000,
      "ocf": 76899000,
      "capex": -33476000,
      "gross_margin": 0.331021411437202,
      "op_margin": 0.21029999703852875,
      "fcf_margin": 0.12859596647614535,
      "incr_op_margin_yoy": -0.8462975620870358,
      "rev_growth_yoy": 0.06950669094940216,
      "rev_growth_yoy_accel": -0.04859049799658975,
      "op_leverage_ratio": Infinity,
      "fcf_margin_change": 0.15410378370447253
    },
    {
      "date": "2024-06-30T00:00:00",
      "quarter_label": "2024-06 (Q2)",
      "revenue": 283868000,
      "gross_profit": 67338000,
      "operating_income": -34255000,
      "net_income": -62177000,
      "opex": 101593000,
      "cogs": 216530000,
      "rd": null,
      "sga": 40438000,
      "fcf": -40524000,
      "ocf": 6732000,
      "capex": -47256000,
      "gross_margin": 0.23721588907520397,
      "op_margin": -0.12067228430115405,
      "fcf_margin": -0.1427564924542393,
      "incr_op_margin_yoy": -1.2095482361411087,
      "rev_growth_yoy": 0.18564865090635702,
      "rev_growth_yoy_accel": 0.11614195995695485,
      "fcf_margin_change": -0.2713524589303846
    },
    {
      "date": "2024-09-29T00:00:00",
      "quarter_label": "2024-09 (Q3)",
      "revenue": 260195000,
      "gross_profit": null,
      "operating_income": 12946000,
      "net_income": 23095000,
      "opex": 247249000,
      "cogs": null,
      "rd": null,
      "sga": 34811000,
      "fcf": -12166000,
      "ocf": 29413000,
      "capex": -41579000,
      "gross_margin": null,
      "op_margin": 0.04975499144872115,
      "fcf_margin": -0.04675723976248583,
      "incr_op_margin_yoy": 0.23147301006404392,
      "rev_growth_yoy": 0.14419208020931817,
      "rev_growth_yoy_accel": -0.04145657069703884,
      "fcf_margin_change": 0.09599925269175347
    },
    {
      "date": "2024-12-29T00:00:00",
      "quarter_label": "2024-12 (Q4)",
      "revenue": 300074000,
      "gross_profit": null,
      "operating_income": 46873000,
      "net_income": 28307000,
      "opex": 253201000,
      "cogs": null,
      "rd": null,
      "sga": 34384000,
      "fcf": -11692000,
      "ocf": 38734000,
      "capex": -50426000,
      "gross_margin": null,
      "op_margin": 0.15620480281530555,
      "fcf_margin": -0.03896372228183715,
      "incr_op_margin_yoy": 0.4652492406646418,
      "rev_growth_yoy": -0.01831053649184908,
      "rev_growth_yoy_accel": -0.16250261670116725,
      "op_leverage_ratio": 6.366737348121043,
      "fcf_margin_change": 0.00779351748064868
    },
    {
      "date": "2025-03-30T00:00:00",
      "quarter_label": "2025-03 (Q1)",
      "revenue": 339882000,
      "gross_profit": null,
      "operating_income": 62185000,
      "net_income": 13292000,
      "opex": 277697000,
      "cogs": null,
      "rd": null,
      "sga": 41242000,
      "fcf": 61123000,
      "ocf": 86620000,
      "capex": -25497000,
      "gross_margin": null,
      "op_margin": 0.18296055689915913,
      "fcf_margin": 0.17983594306259232,
      "incr_op_margin_yoy": -3.990506329113924,
      "rev_growth_yoy": 0.0065507744247342075,
      "rev_growth_yoy_accel": 0.02486131091658329,
      "op_leverage_ratio": 1.3712360879134682,
      "fcf_margin_change": 0.21879966534442946
    },
    {
      "date": "2025-06-29T00:00:00",
      "quarter_label": "2025-06 (Q2)",
      "revenue": 301182000,
      "gross_profit": null,
      "operating_income": 15183000,
      "net_income": -74716000,
      "opex": 285999000,
      "cogs": null,
      "rd": null,
      "sga": 32736000,
      "fcf": -1110000,
      "ocf": 22454000,
      "capex": -23564000,
      "gross_margin": null,
      "op_margin": 0.050411379166085624,
      "fcf_margin": -0.003685479211905094,
      "incr_op_margin_yoy": 2.8553771514381427,
      "rev_growth_yoy": 0.060993137655530036,
      "rev_growth_yoy_accel": 0.05444236323079583,
      "fcf_margin_change": -0.18352142227449741
    },
    {
      "date": "2025-09-28T00:00:00",
      "quarter_label": "2025-09 (Q3)",
      "revenue": 292278000,
      "gross_profit": null,
      "operating_income": 28246000,
      "net_income": -13798000,
      "opex": 264032000,
      "cogs": null,
      "rd": null,
      "sga": 35345000,
      "fcf": -32306000,
      "ocf": -6408000,
      "capex": -25898000,
      "gross_margin": null,
      "op_margin": 0.09664086930935616,
      "fcf_margin": -0.1105317540150131,
      "incr_op_margin_yoy": 0.4768880715643799,
      "rev_growth_yoy": 0.12330367608908703,
      "rev_growth_yoy_accel": 0.062310538433556995,
      "fcf_margin_change": -0.106846274803108
    }
  ],
  "signals": [
    {
      "quarter": "2025-09 (Q3)",
      "signal": "YoY REVENUE GROWTH ACCELERATION",
      "detail": "YoY growth: +12.3% vs prior quarter YoY: +6.1% (accel: +6.2%)",
      "severity": "MEDIUM"
    },
    {
      "quarter": "2025-09 (Q3)",
      "signal": "INCREMENTAL MARGIN (YoY)",
      "detail": "YoY Incr OPM: +47.7% vs year-ago OPM: +5.0%",
      "severity": "HIGH"
    },
    {
      "quarter": "2025-06 (Q2)",
      "signal": "YoY REVENUE GROWTH ACCELERATION",
      "detail": "YoY growth: +6.1% vs prior quarter YoY: +0.7% (accel: +5.4%)",
      "severity": "MEDIUM"
    },
    {
      "quarter": "2025-06 (Q2)",
      "signal": "OP MARGIN TURNED POSITIVE (YoY)",
      "detail": "Op margin: -12.1% (year-ago) -> +5.0%",
      "severity": "HIGH"
    },
    {
      "quarter": "2025-03 (Q1)",
      "signal": "FCF TURNED POSITIVE",
      "detail": "FCF margin: -3.9% -> +18.0%",
      "severity": "HIGH"
    },
    {
      "quarter": "2024-12 (Q4)",
      "signal": "OPERATING LEVERAGE",
      "detail": "Rev growth +15.3% vs OpEx growth +2.4% (leverage: 6.4x)",
      "severity": "MEDIUM"
    },
    {
      "quarter": "2024-12 (Q4)",
      "signal": "YoY REVENUE GROWTH DECELERATION",
      "detail": "YoY growth: -1.8% vs prior quarter YoY: +14.4% (decel: -16.3%)",
      "severity": "WARNING"
    },
    {
      "quarter": "2024-12 (Q4)",
      "signal": "INCREMENTAL MARGIN (YoY)",
      "detail": "YoY Incr OPM: +46.5% vs year-ago OPM: +16.2%",
      "severity": "HIGH"
    },
    {
      "quarter": "2024-09 (Q3)",
      "signal": "FCF MARGIN EXPANSION",
      "detail": "FCF margin: -14.3% -> -4.7% (+9.6%)",
      "severity": "MEDIUM"
    },
    {
      "quarter": "2024-09 (Q3)",
      "signal": "INCREMENTAL MARGIN (YoY)",
      "detail": "YoY Incr OPM: +23.1% vs year-ago OPM: +2.4%",
      "severity": "HIGH"
    },
    {
      "quarter": "2024-09 (Q3)",
      "signal": "OP MARGIN TURNED POSITIVE (QoQ)",
      "detail": "Op margin: -12.1% -> +5.0%",
      "severity": "HIGH"
    },
    {
      "quarter": "2024-06 (Q2)",
      "signal": "YoY REVENUE GROWTH ACCELERATION",
      "detail": "YoY growth: +18.6% vs prior quarter YoY: +7.0% (accel: +11.6%)",
      "severity": "MEDIUM"
    },
    {
      "quarter": "2024-03 (Q1)",
      "signal": "FCF TURNED POSITIVE",
      "detail": "FCF margin: -2.6% -> +12.9%",
      "severity": "HIGH"
    },
    {
      "quarter": "2023-12 (Q4)",
      "signal": "FCF MARGIN EXPANSION",
      "detail": "FCF margin: -15.2% -> -2.6% (+12.7%)",
      "severity": "MEDIUM"
    },
    {
      "quarter": "2023-12 (Q4)",
      "signal": "OPERATING LEVERAGE",
      "detail": "Rev growth +34.4% vs OpEx growth +5.1% (leverage: 6.8x)",
      "severity": "MEDIUM"
    },
    {
      "quarter": "2023-12 (Q4)",
      "signal": "GROSS MARGIN INFLECTION",
      "detail": "GM: +23.9% -> +19.6% -> +29.6% (reversal +10.1%)",
      "severity": "HIGH"
    },
    {
      "quarter": "2023-12 (Q4)",
      "signal": "YoY REVENUE GROWTH ACCELERATION",
      "detail": "YoY growth: +11.8% vs prior quarter YoY: -1.2% (accel: +13.0%)",
      "severity": "MEDIUM"
    },
    {
      "quarter": "2023-10 (Q4)",
      "signal": "YoY REVENUE GROWTH ACCELERATION",
      "detail": "YoY growth: -1.2% vs prior quarter YoY: -10.6% (accel: +9.3%)",
      "severity": "MEDIUM"
    },
    {
      "quarter": "2023-10 (Q4)",
      "signal": "INCREMENTAL MARGIN (YoY)",
      "detail": "YoY Incr OPM: +907.8% vs year-ago OPM: +13.6%",
      "severity": "HIGH"
    },
    {
      "quarter": "2023-07 (Q3)",
      "signal": "YoY REVENUE GROWTH DECELERATION",
      "detail": "YoY growth: -10.6% vs prior quarter YoY: +22.5% (decel: -33.0%)",
      "severity": "WARNING"
    },
    {
      "quarter": "2023-07 (Q3)",
      "signal": "INCREMENTAL MARGIN (YoY)",
      "detail": "YoY Incr OPM: +94.8% vs year-ago OPM: +17.3%",
      "severity": "HIGH"
    },
    {
      "quarter": "2023-04 (Q2)",
      "signal": "YoY REVENUE GROWTH DECELERATION",
      "detail": "YoY growth: +22.5% vs prior quarter YoY: +33.2% (decel: -10.8%)",
      "severity": "WARNING"
    },
    {
      "quarter": "2023-01 (Q1)",
      "signal": "FCF TURNED POSITIVE",
      "detail": "FCF margin: -4.0% -> +17.2%",
      "severity": "HIGH"
    },
    {
      "quarter": "2023-01 (Q1)",
      "signal": "GROSS MARGIN INFLECTION",
      "detail": "GM: +30.8% -> +28.3% -> +34.3% (reversal +6.0%)",
      "severity": "HIGH"
    },
    {
      "quarter": "2023-01 (Q1)",
      "signal": "YoY REVENUE GROWTH ACCELERATION",
      "detail": "YoY growth: +33.2% vs prior quarter YoY: +27.2% (accel: +6.0%)",
      "severity": "MEDIUM"
    },
    {
      "quarter": "2023-01 (Q1)",
      "signal": "OP MARGIN TURNED POSITIVE (YoY)",
      "detail": "Op margin: -15.9% (year-ago) -> +22.1%",
      "severity": "HIGH"
    },
    {
      "quarter": "2022-10 (Q4)",
      "signal": "YoY REVENUE GROWTH DECELERATION",
      "detail": "YoY growth: +27.2% vs prior quarter YoY: +68.3% (decel: -41.0%)",
      "severity": "WARNING"
    },
    {
      "quarter": "2022-07 (Q3)",
      "signal": "YoY REVENUE GROWTH DECELERATION",
      "detail": "YoY growth: +68.3% vs prior quarter YoY: +129.8% (decel: -61.5%)",
      "severity": "WARNING"
    },
    {
      "quarter": "2022-07 (Q3)",
      "signal": "INCREMENTAL MARGIN (YoY)",
      "detail": "YoY Incr OPM: +35.0% vs year-ago OPM: +5.2%",
      "severity": "HIGH"
    },
    {
      "quarter": "2022-03 (Q1)",
      "signal": "FCF TURNED POSITIVE",
      "detail": "FCF margin: -11.6% -> +23.1%",
      "severity": "HIGH"
    },
    {
      "quarter": "2022-03 (Q1)",
      "signal": "YoY REVENUE GROWTH DECELERATION",
      "detail": "YoY growth: +129.8% vs prior quarter YoY: +177.3% (decel: -47.6%)",
      "severity": "WARNING"
    },
    {
      "quarter": "2022-03 (Q1)",
      "signal": "OP MARGIN TURNED POSITIVE (QoQ)",
      "detail": "Op margin: -15.9% -> +27.4%",
      "severity": "HIGH"
    }
  ],
  "data_quality": {
    "n_quarters": 20,
    "coverage": {
      "revenue": [
        20,
        20
      ],
      "gross_profit": [
        15,
        20
      ],
      "op_income": [
        18,
        20
      ],
      "fcf": [
        18,
        20
      ]
    },
    "gaps": [],
    "warnings": [
      "gross_profit: 15/20Q"
    ]
  },
  "market_cap": null,
  "source": "SEC EDGAR",
  "last_updated": "2026-02-02T21:55:42.338288",
  "sector": "Consumer Cyclical",
  "industry": "Leisure"
}