{
  "ticker": "LULU",
  "name": "lululemon athletica inc.",
  "quarters": [
    {
      "date": "2021-01-31T00:00:00",
      "quarter_label": "2021-01 (Q1)",
      "revenue": 1729549000,
      "gross_profit": 1012734000,
      "operating_income": 457906000,
      "net_income": 329837000,
      "opex": 554828000,
      "cogs": 716815000,
      "rd": null,
      "sga": 544831000,
      "fcf": 659536000,
      "ocf": 717932000,
      "capex": -58396000,
      "gross_margin": 0.5855480243693587,
      "op_margin": 0.2647545689656668,
      "fcf_margin": 0.38133409345442076
    },
    {
      "date": "2021-05-02T00:00:00",
      "quarter_label": "2021-05 (Q2)",
      "revenue": 1226465000,
      "gross_profit": 700314000,
      "operating_income": 193821000,
      "net_income": 144956000,
      "opex": 506493000,
      "cogs": 526151000,
      "rd": null,
      "sga": 496634000,
      "fcf": 149884000,
      "ocf": 214109000,
      "capex": -64225000,
      "gross_margin": 0.5710020261483206,
      "op_margin": 0.1580322308422988,
      "fcf_margin": 0.12220813476128549,
      "fcf_margin_change": -0.25912595869313526
    },
    {
      "date": "2021-08-01T00:00:00",
      "quarter_label": "2021-08 (Q3)",
      "revenue": 1450618000,
      "gross_profit": 842686000,
      "operating_income": 291031000,
      "net_income": 208074000,
      "opex": 551655000,
      "cogs": 607932000,
      "rd": null,
      "sga": 541317000,
      "fcf": 205394000,
      "ocf": 285663000,
      "capex": -80269000,
      "gross_margin": 0.5809151685695338,
      "op_margin": 0.2006255264997401,
      "fcf_margin": 0.14159068755523507,
      "op_leverage_ratio": 2.049697057863485,
      "fcf_margin_change": 0.019382552793949584
    },
    {
      "date": "2021-10-31T00:00:00",
      "quarter_label": "2021-10 (Q4)",
      "revenue": 1450421000,
      "gross_profit": 829393000,
      "operating_income": 257947000,
      "net_income": 187788000,
      "opex": 571446000,
      "cogs": 621028000,
      "rd": null,
      "sga": 545124000,
      "fcf": 35855000,
      "ocf": 158352000,
      "capex": -122497000,
      "gross_margin": 0.5718291447793433,
      "op_margin": 0.17784284700786876,
      "fcf_margin": 0.024720408764076086,
      "fcf_margin_change": -0.116870278791159
    },
    {
      "date": "2022-01-30T00:00:00",
      "quarter_label": "2022-01 (Q1)",
      "revenue": 2129113000,
      "gross_profit": 1236172000,
      "operating_income": 590556000,
      "net_income": 434504000,
      "opex": 645616000,
      "cogs": 892941000,
      "rd": null,
      "sga": 641959000,
      "fcf": 603473000,
      "ocf": 730984000,
      "capex": -127511000,
      "gross_margin": 0.5806042234489198,
      "op_margin": 0.2773718445192904,
      "fcf_margin": 0.28343869019634,
      "incr_op_margin_yoy": 0.33198686568359514,
      "rev_growth_yoy": 0.2310220756971904,
      "op_leverage_ratio": 3.6051685102752815,
      "fcf_margin_change": 0.2587182814322639
    },
    {
      "date": "2022-05-01T00:00:00",
      "quarter_label": "2022-05 (Q2)",
      "revenue": 1613463000,
      "gross_profit": 870393000,
      "operating_income": 260347000,
      "net_income": 189998000,
      "opex": 610046000,
      "cogs": 743070000,
      "rd": null,
      "sga": 607851000,
      "fcf": -354608000,
      "ocf": -243256000,
      "capex": -111352000,
      "gross_margin": 0.5394564362492353,
      "op_margin": 0.1613591386973237,
      "fcf_margin": -0.2197806829161871,
      "incr_op_margin_yoy": 0.17190269717156162,
      "rev_growth_yoy": 0.31553937535926424,
      "rev_growth_yoy_accel": 0.08451729966207383,
      "fcf_margin_change": -0.5032193731125271
    },
    {
      "date": "2022-07-31T00:00:00",
      "quarter_label": "2022-07 (Q3)",
      "revenue": 1868328000,
      "gross_profit": 1055476000,
      "operating_income": 401208000,
      "net_income": 289521000,
      "opex": 654268000,
      "cogs": 812852000,
      "rd": null,
      "sga": 662253000,
      "fcf": -47080000,
      "ocf": 97638000,
      "capex": -144718000,
      "gross_margin": 0.5649307830316732,
      "op_margin": 0.2147417369969299,
      "fcf_margin": -0.025199001460129055,
      "incr_op_margin_yoy": 0.2637643341073951,
      "rev_growth_yoy": 0.2879531344571762,
      "rev_growth_yoy_accel": -0.027586240902088055,
      "op_leverage_ratio": 2.1790911252446286,
      "fcf_margin_change": 0.19458168145605806
    },
    {
      "date": "2022-10-30T00:00:00",
      "quarter_label": "2022-10 (Q4)",
      "revenue": 1856889000,
      "gross_profit": 1038852000,
      "operating_income": 352427000,
      "net_income": 255470000,
      "opex": 686425000,
      "cogs": 818037000,
      "rd": null,
      "sga": 684236000,
      "fcf": -109790000,
      "ocf": 65817000,
      "capex": -175607000,
      "gross_margin": 0.5594583198026376,
      "op_margin": 0.18979432804007132,
      "fcf_margin": -0.059125774346231785,
      "incr_op_margin_yoy": 0.23244142220297784,
      "rev_growth_yoy": 0.2802413919820521,
      "rev_growth_yoy_accel": -0.007711742475124073,
      "fcf_margin_change": -0.03392677288610273
    },
    {
      "date": "2023-01-29T00:00:00",
      "quarter_label": "2023-01 (Q1)",
      "revenue": 2771838000,
      "gross_profit": 1527619000,
      "operating_income": 314426000,
      "net_income": 119811000,
      "opex": 1213193000,
      "cogs": 1244219000,
      "rd": null,
      "sga": 803107000,
      "fcf": 839284000,
      "ocf": 1046264000,
      "capex": -206980000,
      "gross_margin": 0.5511213137275699,
      "op_margin": 0.11343592230137547,
      "fcf_margin": 0.30278970127402827,
      "incr_op_margin_yoy": -0.429623867128243,
      "rev_growth_yoy": 0.3018745364853815,
      "rev_growth_yoy_accel": 0.02163314450332937,
      "op_leverage_ratio": 0.642073359807673,
      "fcf_margin_change": 0.36191547562026005
    },
    {
      "date": "2023-04-30T00:00:00",
      "quarter_label": "2023-04 (Q2)",
      "revenue": 2000792000,
      "gross_profit": 1150805000,
      "operating_income": 401414000,
      "net_income": 290405000,
      "opex": 749391000,
      "cogs": 849987000,
      "rd": null,
      "sga": 747513000,
      "fcf": -91439000,
      "ocf": 45503000,
      "capex": -136942000,
      "gross_margin": 0.5751747308066005,
      "op_margin": 0.20062755148961012,
      "fcf_margin": -0.045701402244711094,
      "incr_op_margin_yoy": 0.3642045909291584,
      "rev_growth_yoy": 0.24006066454576275,
      "rev_growth_yoy_accel": -0.061813871939618736,
      "fcf_margin_change": -0.34849110351873935
    },
    {
      "date": "2023-07-30T00:00:00",
      "quarter_label": "2023-07 (Q3)",
      "revenue": 2209165000,
      "gross_profit": 1298511000,
      "operating_income": 479257000,
      "net_income": 341603000,
      "opex": 819254000,
      "cogs": 910654000,
      "rd": null,
      "sga": 817375000,
      "fcf": 331199000,
      "ocf": 476710000,
      "capex": -145511000,
      "gross_margin": 0.5877836196028816,
      "op_margin": 0.21694033718622194,
      "fcf_margin": 0.1499204450550321,
      "incr_op_margin_yoy": 0.22899215754158145,
      "rev_growth_yoy": 0.18242888828942241,
      "rev_growth_yoy_accel": -0.057631776256340334,
      "op_leverage_ratio": 1.1171223594151305,
      "fcf_margin_change": 0.1956218472997432
    },
    {
      "date": "2023-10-29T00:00:00",
      "quarter_label": "2023-10 (Q4)",
      "revenue": 2204218000,
      "gross_profit": 1256664000,
      "operating_income": 338115000,
      "net_income": 248714000,
      "opex": 918549000,
      "cogs": 947554000,
      "rd": null,
      "sga": 842795000,
      "fcf": 226953000,
      "ocf": 389853000,
      "capex": -162900000,
      "gross_margin": 0.5701178377093373,
      "op_margin": 0.15339453720094837,
      "fcf_margin": 0.10296304630485732,
      "incr_op_margin_yoy": -0.04120588836520993,
      "rev_growth_yoy": 0.1870488758347968,
      "rev_growth_yoy_accel": 0.004619987545374377,
      "fcf_margin_change": -0.04695739875017478
    },
    {
      "date": "2024-01-28T00:00:00",
      "quarter_label": "2024-01 (Q1)",
      "revenue": 3205103000,
      "gross_profit": 1903425000,
      "operating_income": 913890000,
      "net_income": 669468000,
      "opex": 989535000,
      "cogs": 1301678000,
      "rd": null,
      "sga": 989535000,
      "fcf": 1177586000,
      "ocf": 1384098000,
      "capex": -206512000,
      "gross_margin": 0.593873270219397,
      "op_margin": 0.28513592230889306,
      "fcf_margin": 0.3674097213100484,
      "incr_op_margin_yoy": 1.3835966440861829,
      "rev_growth_yoy": 0.15630964002946782,
      "rev_growth_yoy_accel": -0.030739235805328974,
      "op_leverage_ratio": 5.875695216371381,
      "fcf_margin_change": 0.2644466750051911
    },
    {
      "date": "2024-04-28T00:00:00",
      "quarter_label": "2024-04 (Q2)",
      "revenue": 2208891000,
      "gross_profit": 1275068000,
      "operating_income": 432642000,
      "net_income": 321421000,
      "opex": 842426000,
      "cogs": 933823000,
      "rd": null,
      "sga": 842426000,
      "fcf": -3157000,
      "ocf": 127524000,
      "capex": -130681000,
      "gross_margin": 0.577243512694832,
      "op_margin": 0.1958638973131766,
      "fcf_margin": -0.001429223986154138,
      "incr_op_margin_yoy": 0.15006319107732377,
      "rev_growth_yoy": 0.10400831270816757,
      "rev_growth_yoy_accel": -0.052301327321300245,
      "fcf_margin_change": -0.36883894529620254
    },
    {
      "date": "2024-07-28T00:00:00",
      "quarter_label": "2024-07 (Q3)",
      "revenue": 2371078000,
      "gross_profit": 1412185000,
      "operating_income": 540226000,
      "net_income": 392922000,
      "opex": 871959000,
      "cogs": 958893000,
      "rd": null,
      "sga": 871959000,
      "fcf": 298054000,
      "ocf": 443140000,
      "capex": -145086000,
      "gross_margin": 0.5955877453209046,
      "op_margin": 0.22783982644181255,
      "fcf_margin": 0.12570400467635395,
      "incr_op_margin_yoy": 0.37655407533675495,
      "rev_growth_yoy": 0.07329149248698037,
      "rev_growth_yoy_accel": -0.0307168202211872,
      "op_leverage_ratio": 2.0944304906343594,
      "fcf_margin_change": 0.1271332286625081
    },
    {
      "date": "2024-10-27T00:00:00",
      "quarter_label": "2024-10 (Q4)",
      "revenue": 2396660000,
      "gross_profit": 1401606000,
      "operating_income": 490661000,
      "net_income": 351870000,
      "opex": 910945000,
      "cogs": 995054000,
      "rd": null,
      "sga": 909827000,
      "fcf": 122176000,
      "ocf": 300659000,
      "capex": -178483000,
      "gross_margin": 0.584816369447481,
      "op_margin": 0.2047269950681365,
      "fcf_margin": 0.050977610507956905,
      "incr_op_margin_yoy": 0.7926855883850719,
      "rev_growth_yoy": 0.08730624647834288,
      "rev_growth_yoy_accel": 0.01401475399136251,
      "op_leverage_ratio": 0.24131040016326202,
      "fcf_margin_change": -0.07472639416839705
    },
    {
      "date": "2025-02-02T00:00:00",
      "quarter_label": "2025-02 (Q1)",
      "revenue": 3611497000,
      "gross_profit": 2181952000,
      "operating_income": 1042168000,
      "net_income": 748403000,
      "opex": 1139784000,
      "cogs": 1429545000,
      "rd": null,
      "sga": 1138167000,
      "fcf": 1166408000,
      "ocf": 1401390000,
      "capex": -234982000,
      "gross_margin": 0.604168299184521,
      "op_margin": 0.28856953224660026,
      "fcf_margin": 0.32297077915335387,
      "incr_op_margin_yoy": 0.3156493452167109,
      "rev_growth_yoy": 0.12679592512315516,
      "rev_growth_yoy_accel": 0.03948967864481227,
      "op_leverage_ratio": 2.0177794663622888,
      "fcf_margin_change": 0.27199316864539697
    },
    {
      "date": "2025-05-04T00:00:00",
      "quarter_label": "2025-05 (Q2)",
      "revenue": 2370660000,
      "gross_profit": 1383126000,
      "operating_income": 438625000,
      "net_income": 314572000,
      "opex": 944501000,
      "cogs": 987534000,
      "rd": null,
      "sga": 942871000,
      "fcf": -271217000,
      "ocf": -118954000,
      "capex": -152263000,
      "gross_margin": 0.5834349927868189,
      "op_margin": 0.1850223144609518,
      "fcf_margin": -0.11440569292939519,
      "incr_op_margin_yoy": 0.03698483640252459,
      "rev_growth_yoy": 0.07323539278307531,
      "rev_growth_yoy_accel": -0.05356053234007985,
      "fcf_margin_change": -0.43737647208274905
    },
    {
      "date": "2025-08-03T00:00:00",
      "quarter_label": "2025-08 (Q3)",
      "revenue": 2525219000,
      "gross_profit": 1477202000,
      "operating_income": 523814000,
      "net_income": 370905000,
      "opex": 953388000,
      "cogs": 1048017000,
      "rd": null,
      "sga": 951658000,
      "fcf": 150778000,
      "ocf": 328676000,
      "capex": -177898000,
      "gross_margin": 0.5849797581912698,
      "op_margin": 0.20743309788180747,
      "fcf_margin": 0.05970888069510011,
      "incr_op_margin_yoy": -0.10647394268883685,
      "rev_growth_yoy": 0.0650088272085524,
      "rev_growth_yoy_accel": -0.008226565574522907,
      "op_leverage_ratio": 6.929027247593979,
      "fcf_margin_change": 0.17411457362449528
    },
    {
      "date": "2025-11-02T00:00:00",
      "quarter_label": "2025-11 (Q4)",
      "revenue": 2565920000,
      "gross_profit": 1425916000,
      "operating_income": 435886000,
      "net_income": 306835000,
      "opex": 990030000,
      "cogs": 1140004000,
      "rd": null,
      "sga": 988254000,
      "fcf": 82443000,
      "ocf": 249884000,
      "capex": -167441000,
      "gross_margin": 0.5557133503772526,
      "op_margin": 0.1698751325060797,
      "fcf_margin": 0.032129996258651865,
      "incr_op_margin_yoy": -0.3236145574855252,
      "rev_growth_yoy": 0.07062328407033121,
      "rev_growth_yoy_accel": 0.005614456861778805,
      "op_leverage_ratio": 0.4193692107760337,
      "fcf_margin_change": -0.027578884436448244
    }
  ],
  "signals": [
    {
      "quarter": "2025-08 (Q3)",
      "signal": "FCF TURNED POSITIVE",
      "detail": "FCF margin: -11.4% -> +6.0%",
      "severity": "HIGH"
    },
    {
      "quarter": "2025-08 (Q3)",
      "signal": "OPERATING LEVERAGE",
      "detail": "Rev growth +6.5% vs OpEx growth +0.9% (leverage: 6.9x)",
      "severity": "MEDIUM"
    },
    {
      "quarter": "2025-05 (Q2)",
      "signal": "YoY REVENUE GROWTH DECELERATION",
      "detail": "YoY growth: +7.3% vs prior quarter YoY: +12.7% (decel: -5.4%)",
      "severity": "WARNING"
    },
    {
      "quarter": "2025-02 (Q1)",
      "signal": "FCF MARGIN EXPANSION",
      "detail": "FCF margin: +5.1% -> +32.3% (+27.2%)",
      "severity": "MEDIUM"
    },
    {
      "quarter": "2025-02 (Q1)",
      "signal": "OPERATING LEVERAGE",
      "detail": "Rev growth +50.7% vs OpEx growth +25.1% (leverage: 2.0x)",
      "severity": "MEDIUM"
    },
    {
      "quarter": "2024-10 (Q4)",
      "signal": "INCREMENTAL MARGIN (YoY)",
      "detail": "YoY Incr OPM: +79.3% vs year-ago OPM: +15.3%",
      "severity": "HIGH"
    },
    {
      "quarter": "2024-07 (Q3)",
      "signal": "FCF TURNED POSITIVE",
      "detail": "FCF margin: -0.1% -> +12.6%",
      "severity": "HIGH"
    },
    {
      "quarter": "2024-07 (Q3)",
      "signal": "OPERATING LEVERAGE",
      "detail": "Rev growth +7.3% vs OpEx growth +3.5% (leverage: 2.1x)",
      "severity": "MEDIUM"
    },
    {
      "quarter": "2024-07 (Q3)",
      "signal": "INCREMENTAL MARGIN (YoY)",
      "detail": "YoY Incr OPM: +37.7% vs year-ago OPM: +21.7%",
      "severity": "MEDIUM"
    },
    {
      "quarter": "2024-04 (Q2)",
      "signal": "YoY REVENUE GROWTH DECELERATION",
      "detail": "YoY growth: +10.4% vs prior quarter YoY: +15.6% (decel: -5.2%)",
      "severity": "WARNING"
    },
    {
      "quarter": "2024-01 (Q1)",
      "signal": "FCF MARGIN EXPANSION",
      "detail": "FCF margin: +10.3% -> +36.7% (+26.4%)",
      "severity": "MEDIUM"
    },
    {
      "quarter": "2024-01 (Q1)",
      "signal": "OPERATING LEVERAGE",
      "detail": "Rev growth +45.4% vs OpEx growth +7.7% (leverage: 5.9x)",
      "severity": "MEDIUM"
    },
    {
      "quarter": "2024-01 (Q1)",
      "signal": "GROSS MARGIN INFLECTION",
      "detail": "GM: +58.8% -> +57.0% -> +59.4% (reversal +2.4%)",
      "severity": "MEDIUM"
    },
    {
      "quarter": "2024-01 (Q1)",
      "signal": "INCREMENTAL MARGIN (YoY)",
      "detail": "YoY Incr OPM: +138.4% vs year-ago OPM: +11.3%",
      "severity": "HIGH"
    },
    {
      "quarter": "2023-07 (Q3)",
      "signal": "FCF TURNED POSITIVE",
      "detail": "FCF margin: -4.6% -> +15.0%",
      "severity": "HIGH"
    },
    {
      "quarter": "2023-07 (Q3)",
      "signal": "YoY REVENUE GROWTH DECELERATION",
      "detail": "YoY growth: +18.2% vs prior quarter YoY: +24.0% (decel: -5.8%)",
      "severity": "WARNING"
    },
    {
      "quarter": "2023-04 (Q2)",
      "signal": "GROSS MARGIN INFLECTION",
      "detail": "GM: +55.9% -> +55.1% -> +57.5% (reversal +2.4%)",
      "severity": "MEDIUM"
    },
    {
      "quarter": "2023-04 (Q2)",
      "signal": "YoY REVENUE GROWTH DECELERATION",
      "detail": "YoY growth: +24.0% vs prior quarter YoY: +30.2% (decel: -6.2%)",
      "severity": "WARNING"
    },
    {
      "quarter": "2023-04 (Q2)",
      "signal": "INCREMENTAL MARGIN (YoY)",
      "detail": "YoY Incr OPM: +36.4% vs year-ago OPM: +16.1%",
      "severity": "HIGH"
    },
    {
      "quarter": "2023-01 (Q1)",
      "signal": "FCF TURNED POSITIVE",
      "detail": "FCF margin: -5.9% -> +30.3%",
      "severity": "HIGH"
    },
    {
      "quarter": "2022-07 (Q3)",
      "signal": "FCF MARGIN EXPANSION",
      "detail": "FCF margin: -22.0% -> -2.5% (+19.5%)",
      "severity": "MEDIUM"
    },
    {
      "quarter": "2022-07 (Q3)",
      "signal": "OPERATING LEVERAGE",
      "detail": "Rev growth +15.8% vs OpEx growth +7.2% (leverage: 2.2x)",
      "severity": "MEDIUM"
    },
    {
      "quarter": "2022-07 (Q3)",
      "signal": "GROSS MARGIN INFLECTION",
      "detail": "GM: +58.1% -> +53.9% -> +56.5% (reversal +2.5%)",
      "severity": "MEDIUM"
    },
    {
      "quarter": "2022-05 (Q2)",
      "signal": "YoY REVENUE GROWTH ACCELERATION",
      "detail": "YoY growth: +31.6% vs prior quarter YoY: +23.1% (accel: +8.5%)",
      "severity": "MEDIUM"
    },
    {
      "quarter": "2022-01 (Q1)",
      "signal": "FCF MARGIN EXPANSION",
      "detail": "FCF margin: +2.5% -> +28.3% (+25.9%)",
      "severity": "MEDIUM"
    },
    {
      "quarter": "2022-01 (Q1)",
      "signal": "OPERATING LEVERAGE",
      "detail": "Rev growth +46.8% vs OpEx growth +13.0% (leverage: 3.6x)",
      "severity": "MEDIUM"
    },
    {
      "quarter": "2021-08 (Q3)",
      "signal": "OPERATING LEVERAGE",
      "detail": "Rev growth +18.3% vs OpEx growth +8.9% (leverage: 2.0x)",
      "severity": "MEDIUM"
    }
  ],
  "data_quality": {
    "n_quarters": 20,
    "coverage": {
      "revenue": [
        20,
        20
      ],
      "gross_profit": [
        20,
        20
      ],
      "op_income": [
        20,
        20
      ],
      "fcf": [
        20,
        20
      ]
    },
    "gaps": [],
    "warnings": []
  },
  "market_cap": null,
  "source": "SEC EDGAR",
  "last_updated": "2026-02-02T20:16:39.280388"
}