{
  "ticker": "LUNG",
  "name": "PULMONX CORPORATION",
  "quarters": [
    {
      "date": "2020-12-31T00:00:00",
      "quarter_label": "2020-12 (Q4)",
      "revenue": 9830000,
      "gross_profit": 7078000,
      "operating_income": -9354000,
      "net_income": -9297000,
      "opex": 16432000,
      "cogs": 2752000,
      "rd": 2472000,
      "sga": 13960000,
      "fcf": -7955000,
      "ocf": -7262000,
      "capex": -693000,
      "gross_margin": 0.7200406917599186,
      "op_margin": -0.9515768056968464,
      "fcf_margin": -0.8092573753814852
    },
    {
      "date": "2021-03-31T00:00:00",
      "quarter_label": "2021-03 (Q1)",
      "revenue": 9244000,
      "gross_profit": 6611000,
      "operating_income": -12027000,
      "net_income": -12045000,
      "opex": 18638000,
      "cogs": 2633000,
      "rd": 3034000,
      "sga": 15604000,
      "fcf": -9914000,
      "ocf": -9672000,
      "capex": -242000,
      "gross_margin": 0.7151665945478148,
      "op_margin": -1.3010601471224579,
      "fcf_margin": -1.0724794461272176,
      "fcf_margin_change": -0.26322207074573234
    },
    {
      "date": "2021-06-30T00:00:00",
      "quarter_label": "2021-06 (Q2)",
      "revenue": 12203000,
      "gross_profit": 9029000,
      "operating_income": -12097000,
      "net_income": -12377000,
      "opex": 21126000,
      "cogs": 3174000,
      "rd": 3506000,
      "sga": 17620000,
      "fcf": -13351000,
      "ocf": -12690000,
      "capex": -661000,
      "gross_margin": 0.7399000245841186,
      "op_margin": -0.991313611407031,
      "fcf_margin": -1.0940752274030976,
      "op_leverage_ratio": 2.397915968087756,
      "fcf_margin_change": -0.02159578127588002
    },
    {
      "date": "2021-09-30T00:00:00",
      "quarter_label": "2021-09 (Q3)",
      "revenue": 13261000,
      "gross_profit": 9739000,
      "operating_income": -9762000,
      "net_income": -10181000,
      "opex": 19501000,
      "cogs": 3522000,
      "rd": 2815000,
      "sga": 16686000,
      "fcf": -9935000,
      "ocf": -8315000,
      "capex": -1620000,
      "gross_margin": 0.7344091697458713,
      "op_margin": -0.7361435789156172,
      "fcf_margin": -0.7491893522358797,
      "op_leverage_ratio": Infinity,
      "fcf_margin_change": 0.3448858751672179
    },
    {
      "date": "2021-12-31T00:00:00",
      "quarter_label": "2021-12 (Q4)",
      "revenue": 13708000,
      "gross_profit": 10251000,
      "operating_income": -12366000,
      "net_income": -13006000,
      "opex": 22617000,
      "cogs": 3457000,
      "rd": 3708000,
      "sga": 18909000,
      "fcf": -11859000,
      "ocf": -10711000,
      "capex": -1148000,
      "gross_margin": 0.7478114969360957,
      "op_margin": -0.9021009629413481,
      "fcf_margin": -0.8651152611613656,
      "incr_op_margin_yoy": -0.7766890149561629,
      "rev_growth_yoy": 0.3945066124109868,
      "op_leverage_ratio": 0.21095541676883356,
      "fcf_margin_change": -0.11592590892548593
    },
    {
      "date": "2022-03-31T00:00:00",
      "quarter_label": "2022-03 (Q1)",
      "revenue": 10785000,
      "gross_profit": 8111000,
      "operating_income": -15668000,
      "net_income": -15828000,
      "opex": 23779000,
      "cogs": 2674000,
      "rd": 3534000,
      "sga": 20245000,
      "fcf": -15590000,
      "ocf": -15026000,
      "capex": -564000,
      "gross_margin": 0.7520630505331479,
      "op_margin": -1.4527584608252202,
      "fcf_margin": -1.445526193787668,
      "incr_op_margin_yoy": -2.36275146009085,
      "rev_growth_yoy": 0.16670272609260062,
      "rev_growth_yoy_accel": -0.22780388631838616,
      "fcf_margin_change": -0.5804109326263024
    },
    {
      "date": "2022-06-30T00:00:00",
      "quarter_label": "2022-06 (Q2)",
      "revenue": 13950000,
      "gross_profit": 10418000,
      "operating_income": -14411000,
      "net_income": -14640000,
      "opex": 24829000,
      "cogs": 3532000,
      "rd": 3594000,
      "sga": 21235000,
      "fcf": -9863000,
      "ocf": -9564000,
      "capex": -299000,
      "gross_margin": 0.7468100358422939,
      "op_margin": -1.0330465949820788,
      "fcf_margin": -0.7070250896057347,
      "incr_op_margin_yoy": -1.3245563823697768,
      "rev_growth_yoy": 0.1431615176595919,
      "rev_growth_yoy_accel": -0.02354120843300872,
      "op_leverage_ratio": 6.645961984237367,
      "fcf_margin_change": 0.7385011041819333
    },
    {
      "date": "2022-09-30T00:00:00",
      "quarter_label": "2022-09 (Q3)",
      "revenue": 13502000,
      "gross_profit": 10152000,
      "operating_income": -13931000,
      "net_income": -14172000,
      "opex": 24083000,
      "cogs": 3350000,
      "rd": 4366000,
      "sga": 19717000,
      "fcf": -10966000,
      "ocf": -10687000,
      "capex": -279000,
      "gross_margin": 0.7518886090949489,
      "op_margin": -1.0317730706561992,
      "fcf_margin": -0.8121759739297881,
      "rev_growth_yoy": 0.01817359173516326,
      "rev_growth_yoy_accel": -0.12498792592442864,
      "fcf_margin_change": -0.1051508843240534
    },
    {
      "date": "2022-12-31T00:00:00",
      "quarter_label": "2022-12 (Q4)",
      "revenue": 15425000,
      "gross_profit": 11184000,
      "operating_income": -14627000,
      "net_income": -14283000,
      "opex": 25811000,
      "cogs": 4241000,
      "rd": 3903000,
      "sga": 21908000,
      "fcf": -9982000,
      "ocf": -9806000,
      "capex": -176000,
      "gross_margin": 0.7250567260940033,
      "op_margin": -0.9482658022690438,
      "fcf_margin": -0.6471312803889789,
      "incr_op_margin_yoy": -1.316831683168317,
      "rev_growth_yoy": 0.1252553253574555,
      "rev_growth_yoy_accel": 0.10708173362229226,
      "op_leverage_ratio": 1.9849429456952878,
      "fcf_margin_change": 0.1650446935408092
    },
    {
      "date": "2023-03-31T00:00:00",
      "quarter_label": "2023-03 (Q1)",
      "revenue": 14535000,
      "gross_profit": 10589000,
      "operating_income": -16400000,
      "net_income": -15860000,
      "opex": 26989000,
      "cogs": 3946000,
      "rd": 4253000,
      "sga": 22736000,
      "fcf": -12705000,
      "ocf": -12644000,
      "capex": -61000,
      "gross_margin": 0.7285173718610252,
      "op_margin": -1.1283109735122119,
      "fcf_margin": -0.8740970072239422,
      "incr_op_margin_yoy": -0.1952,
      "rev_growth_yoy": 0.3477051460361613,
      "rev_growth_yoy_accel": 0.2224498206787058,
      "fcf_margin_change": -0.2269657268349633
    },
    {
      "date": "2023-06-30T00:00:00",
      "quarter_label": "2023-06 (Q2)",
      "revenue": 17194000,
      "gross_profit": 12734000,
      "operating_income": -16439000,
      "net_income": -16195000,
      "opex": 29173000,
      "cogs": 4460000,
      "rd": 5710000,
      "sga": 23463000,
      "fcf": -7945000,
      "ocf": -7891000,
      "capex": -54000,
      "gross_margin": 0.7406071885541468,
      "op_margin": -0.9560893334884262,
      "fcf_margin": -0.4620797952774224,
      "incr_op_margin_yoy": -0.625154130702836,
      "rev_growth_yoy": 0.23254480286738352,
      "rev_growth_yoy_accel": -0.1151603431687778,
      "op_leverage_ratio": 2.2606715065693397,
      "fcf_margin_change": 0.41201721194651986
    },
    {
      "date": "2023-09-30T00:00:00",
      "quarter_label": "2023-09 (Q3)",
      "revenue": 17668000,
      "gross_profit": 13029000,
      "operating_income": -15176000,
      "net_income": -14900000,
      "opex": 28205000,
      "cogs": 4639000,
      "rd": 4220000,
      "sga": 23985000,
      "fcf": -9118000,
      "ocf": -8626000,
      "capex": -492000,
      "gross_margin": 0.737434910572787,
      "op_margin": -0.8589540412044374,
      "fcf_margin": -0.5160742585465248,
      "incr_op_margin_yoy": -0.29884781565050406,
      "rev_growth_yoy": 0.3085468819434158,
      "rev_growth_yoy_accel": 0.07600207907603226,
      "op_leverage_ratio": Infinity,
      "fcf_margin_change": -0.0539944632691024
    },
    {
      "date": "2023-12-31T00:00:00",
      "quarter_label": "2023-12 (Q4)",
      "revenue": 19278000,
      "gross_profit": 14400000,
      "operating_income": -13919000,
      "net_income": -13888000,
      "opex": 28319000,
      "cogs": 4878000,
      "rd": 3896000,
      "sga": 24423000,
      "fcf": -8649000,
      "ocf": -8449000,
      "capex": -200000,
      "gross_margin": 0.7469654528478058,
      "op_margin": -0.7220147318186534,
      "fcf_margin": -0.44864612511671337,
      "incr_op_margin_yoy": 0.1837529198027511,
      "rev_growth_yoy": 0.24978930307941652,
      "rev_growth_yoy_accel": -0.058757578863999266,
      "op_leverage_ratio": 22.545493090888872,
      "fcf_margin_change": 0.06742813342981141
    },
    {
      "date": "2024-03-31T00:00:00",
      "quarter_label": "2024-03 (Q1)",
      "revenue": 18854000,
      "gross_profit": 14078000,
      "operating_income": -14536000,
      "net_income": -13749000,
      "opex": 28614000,
      "cogs": 4776000,
      "rd": 4210000,
      "sga": 24404000,
      "fcf": -12246000,
      "ocf": -11795000,
      "capex": -451000,
      "gross_margin": 0.7466850535695343,
      "op_margin": -0.7709769810119869,
      "fcf_margin": -0.6495173437997241,
      "incr_op_margin_yoy": 0.43158138457976386,
      "rev_growth_yoy": 0.29714482284141724,
      "rev_growth_yoy_accel": 0.047355519762000725,
      "fcf_margin_change": -0.20087121868301078
    },
    {
      "date": "2024-06-30T00:00:00",
      "quarter_label": "2024-06 (Q2)",
      "revenue": 20783000,
      "gross_profit": 15307000,
      "operating_income": -15622000,
      "net_income": -15326000,
      "opex": 30929000,
      "cogs": 5476000,
      "rd": 5615000,
      "sga": 25314000,
      "fcf": -6239000,
      "ocf": -5770000,
      "capex": -469000,
      "gross_margin": 0.7365154212577587,
      "op_margin": -0.7516720396477891,
      "fcf_margin": -0.3001972766203147,
      "incr_op_margin_yoy": 0.22764001114516577,
      "rev_growth_yoy": 0.20873560544375946,
      "rev_growth_yoy_accel": -0.08840921739765778,
      "op_leverage_ratio": 1.2646090992258119,
      "fcf_margin_change": 0.34932006717940944
    },
    {
      "date": "2024-09-30T00:00:00",
      "quarter_label": "2024-09 (Q3)",
      "revenue": 20387000,
      "gross_profit": 15026000,
      "operating_income": -14129000,
      "net_income": -14144000,
      "opex": 29155000,
      "cogs": 5361000,
      "rd": 3744000,
      "sga": 25411000,
      "fcf": -7658000,
      "ocf": -7242000,
      "capex": -416000,
      "gross_margin": 0.7370383087261491,
      "op_margin": -0.6930396821503899,
      "fcf_margin": -0.37563152989650267,
      "incr_op_margin_yoy": 0.3850680397204855,
      "rev_growth_yoy": 0.15389404573239757,
      "rev_growth_yoy_accel": -0.0548415597113619,
      "fcf_margin_change": -0.07543425327618797
    },
    {
      "date": "2024-12-31T00:00:00",
      "quarter_label": "2024-12 (Q4)",
      "revenue": 23765000,
      "gross_profit": 17590000,
      "operating_income": -13417000,
      "net_income": -13175000,
      "opex": 31007000,
      "cogs": 6175000,
      "rd": 4001000,
      "sga": 27006000,
      "fcf": -6841000,
      "ocf": -6730000,
      "capex": -111000,
      "gross_margin": 0.7401641068798653,
      "op_margin": -0.5645697454239428,
      "fcf_margin": -0.28786029875867875,
      "incr_op_margin_yoy": 0.1118787608647203,
      "rev_growth_yoy": 0.23275236020334059,
      "rev_growth_yoy_accel": 0.07885831447094302,
      "op_leverage_ratio": 2.608425190702456,
      "fcf_margin_change": 0.08777123113782392
    },
    {
      "date": "2025-03-31T00:00:00",
      "quarter_label": "2025-03 (Q1)",
      "revenue": 22538000,
      "gross_profit": 16342000,
      "operating_income": -14563000,
      "net_income": -14448000,
      "opex": 30905000,
      "cogs": 6196000,
      "rd": 4756000,
      "sga": 26149000,
      "fcf": -13523000,
      "ocf": -13222000,
      "capex": -301000,
      "gross_margin": 0.7250865205430828,
      "op_margin": -0.6461531635460112,
      "fcf_margin": -0.6000088739018546,
      "incr_op_margin_yoy": -0.007328990228013029,
      "rev_growth_yoy": 0.19539620239736927,
      "rev_growth_yoy_accel": -0.03735615780597132,
      "fcf_margin_change": -0.3121485751431759
    },
    {
      "date": "2025-06-30T00:00:00",
      "quarter_label": "2025-06 (Q2)",
      "revenue": 23859000,
      "gross_profit": 17204000,
      "operating_income": -14804000,
      "net_income": -15173000,
      "opex": 32008000,
      "cogs": 6655000,
      "rd": 5306000,
      "sga": 26702000,
      "fcf": -3957000,
      "ocf": -3908000,
      "capex": -49000,
      "gross_margin": 0.7210696173351775,
      "op_margin": -0.6204786453749109,
      "fcf_margin": -0.1658493650194895,
      "incr_op_margin_yoy": 0.2659297789336801,
      "rev_growth_yoy": 0.14800558148486745,
      "rev_growth_yoy_accel": -0.04739062091250182,
      "op_leverage_ratio": 1.6422553242807734,
      "fcf_margin_change": 0.43415950888236515
    },
    {
      "date": "2025-09-30T00:00:00",
      "quarter_label": "2025-09 (Q3)",
      "revenue": 21502000,
      "gross_profit": 16052000,
      "operating_income": -14393000,
      "net_income": -13957000,
      "opex": 30445000,
      "cogs": 5450000,
      "rd": 4846000,
      "sga": 25599000,
      "fcf": -8251000,
      "ocf": -8162000,
      "capex": -89000,
      "gross_margin": 0.7465352060273462,
      "op_margin": -0.6693795925960376,
      "fcf_margin": -0.3837317458841038,
      "incr_op_margin_yoy": -0.2367713004484305,
      "rev_growth_yoy": 0.0546917153087752,
      "rev_growth_yoy_accel": -0.09331386617609225,
      "fcf_margin_change": -0.2178823808646143
    }
  ],
  "signals": [
    {
      "quarter": "2025-09 (Q3)",
      "signal": "GROSS MARGIN INFLECTION",
      "detail": "GM: +72.5% -> +72.1% -> +74.7% (reversal +2.5%)",
      "severity": "MEDIUM"
    },
    {
      "quarter": "2025-09 (Q3)",
      "signal": "YoY REVENUE GROWTH DECELERATION",
      "detail": "YoY growth: +5.5% vs prior quarter YoY: +14.8% (decel: -9.3%)",
      "severity": "WARNING"
    },
    {
      "quarter": "2025-06 (Q2)",
      "signal": "FCF MARGIN EXPANSION",
      "detail": "FCF margin: -60.0% -> -16.6% (+43.4%)",
      "severity": "MEDIUM"
    },
    {
      "quarter": "2025-06 (Q2)",
      "signal": "OPERATING LEVERAGE",
      "detail": "Rev growth +5.9% vs OpEx growth +3.6% (leverage: 1.6x)",
      "severity": "MEDIUM"
    },
    {
      "quarter": "2024-12 (Q4)",
      "signal": "FCF MARGIN EXPANSION",
      "detail": "FCF margin: -37.6% -> -28.8% (+8.8%)",
      "severity": "MEDIUM"
    },
    {
      "quarter": "2024-12 (Q4)",
      "signal": "OPERATING LEVERAGE",
      "detail": "Rev growth +16.6% vs OpEx growth +6.4% (leverage: 2.6x)",
      "severity": "MEDIUM"
    },
    {
      "quarter": "2024-12 (Q4)",
      "signal": "YoY REVENUE GROWTH ACCELERATION",
      "detail": "YoY growth: +23.3% vs prior quarter YoY: +15.4% (accel: +7.9%)",
      "severity": "MEDIUM"
    },
    {
      "quarter": "2024-09 (Q3)",
      "signal": "YoY REVENUE GROWTH DECELERATION",
      "detail": "YoY growth: +15.4% vs prior quarter YoY: +20.9% (decel: -5.5%)",
      "severity": "WARNING"
    },
    {
      "quarter": "2024-06 (Q2)",
      "signal": "FCF MARGIN EXPANSION",
      "detail": "FCF margin: -65.0% -> -30.0% (+34.9%)",
      "severity": "MEDIUM"
    },
    {
      "quarter": "2024-06 (Q2)",
      "signal": "YoY REVENUE GROWTH DECELERATION",
      "detail": "YoY growth: +20.9% vs prior quarter YoY: +29.7% (decel: -8.8%)",
      "severity": "WARNING"
    },
    {
      "quarter": "2023-12 (Q4)",
      "signal": "FCF MARGIN EXPANSION",
      "detail": "FCF margin: -51.6% -> -44.9% (+6.7%)",
      "severity": "MEDIUM"
    },
    {
      "quarter": "2023-12 (Q4)",
      "signal": "OPERATING LEVERAGE",
      "detail": "Rev growth +9.1% vs OpEx growth +0.4% (leverage: 22.5x)",
      "severity": "MEDIUM"
    },
    {
      "quarter": "2023-12 (Q4)",
      "signal": "YoY REVENUE GROWTH DECELERATION",
      "detail": "YoY growth: +25.0% vs prior quarter YoY: +30.9% (decel: -5.9%)",
      "severity": "WARNING"
    },
    {
      "quarter": "2023-09 (Q3)",
      "signal": "YoY REVENUE GROWTH ACCELERATION",
      "detail": "YoY growth: +30.9% vs prior quarter YoY: +23.3% (accel: +7.6%)",
      "severity": "MEDIUM"
    },
    {
      "quarter": "2023-06 (Q2)",
      "signal": "FCF MARGIN EXPANSION",
      "detail": "FCF margin: -87.4% -> -46.2% (+41.2%)",
      "severity": "MEDIUM"
    },
    {
      "quarter": "2023-06 (Q2)",
      "signal": "OPERATING LEVERAGE",
      "detail": "Rev growth +18.3% vs OpEx growth +8.1% (leverage: 2.3x)",
      "severity": "MEDIUM"
    },
    {
      "quarter": "2023-06 (Q2)",
      "signal": "YoY REVENUE GROWTH DECELERATION",
      "detail": "YoY growth: +23.3% vs prior quarter YoY: +34.8% (decel: -11.5%)",
      "severity": "WARNING"
    },
    {
      "quarter": "2023-03 (Q1)",
      "signal": "YoY REVENUE GROWTH ACCELERATION",
      "detail": "YoY growth: +34.8% vs prior quarter YoY: +12.5% (accel: +22.2%)",
      "severity": "HIGH"
    },
    {
      "quarter": "2022-12 (Q4)",
      "signal": "FCF MARGIN EXPANSION",
      "detail": "FCF margin: -81.2% -> -64.7% (+16.5%)",
      "severity": "MEDIUM"
    },
    {
      "quarter": "2022-12 (Q4)",
      "signal": "OPERATING LEVERAGE",
      "detail": "Rev growth +14.2% vs OpEx growth +7.2% (leverage: 2.0x)",
      "severity": "MEDIUM"
    },
    {
      "quarter": "2022-12 (Q4)",
      "signal": "YoY REVENUE GROWTH ACCELERATION",
      "detail": "YoY growth: +12.5% vs prior quarter YoY: +1.8% (accel: +10.7%)",
      "severity": "MEDIUM"
    },
    {
      "quarter": "2022-09 (Q3)",
      "signal": "YoY REVENUE GROWTH DECELERATION",
      "detail": "YoY growth: +1.8% vs prior quarter YoY: +14.3% (decel: -12.5%)",
      "severity": "WARNING"
    },
    {
      "quarter": "2022-06 (Q2)",
      "signal": "FCF MARGIN EXPANSION",
      "detail": "FCF margin: -144.6% -> -70.7% (+73.9%)",
      "severity": "MEDIUM"
    },
    {
      "quarter": "2022-06 (Q2)",
      "signal": "OPERATING LEVERAGE",
      "detail": "Rev growth +29.3% vs OpEx growth +4.4% (leverage: 6.6x)",
      "severity": "MEDIUM"
    },
    {
      "quarter": "2022-03 (Q1)",
      "signal": "YoY REVENUE GROWTH DECELERATION",
      "detail": "YoY growth: +16.7% vs prior quarter YoY: +39.5% (decel: -22.8%)",
      "severity": "WARNING"
    },
    {
      "quarter": "2021-09 (Q3)",
      "signal": "FCF MARGIN EXPANSION",
      "detail": "FCF margin: -109.4% -> -74.9% (+34.5%)",
      "severity": "MEDIUM"
    },
    {
      "quarter": "2021-06 (Q2)",
      "signal": "OPERATING LEVERAGE",
      "detail": "Rev growth +32.0% vs OpEx growth +13.3% (leverage: 2.4x)",
      "severity": "MEDIUM"
    },
    {
      "quarter": "2021-06 (Q2)",
      "signal": "GROSS MARGIN INFLECTION",
      "detail": "GM: +72.0% -> +71.5% -> +74.0% (reversal +2.5%)",
      "severity": "MEDIUM"
    }
  ],
  "data_quality": {
    "n_quarters": 20,
    "coverage": {
      "revenue": [
        20,
        20
      ],
      "gross_profit": [
        20,
        20
      ],
      "op_income": [
        20,
        20
      ],
      "fcf": [
        20,
        20
      ]
    },
    "gaps": [],
    "warnings": []
  },
  "market_cap": null,
  "source": "SEC EDGAR",
  "last_updated": "2026-02-02T23:30:53.185110"
}