{
  "ticker": "LVLU",
  "name": "Lulu\u2019s Fashion Lounge Holdings, Inc.",
  "quarters": [
    {
      "date": "2021-01-03T00:00:00",
      "quarter_label": "2021-01 (Q1)",
      "revenue": 54527000,
      "gross_profit": 23371000,
      "operating_income": -1523000,
      "net_income": -4152000,
      "opex": 24894000,
      "cogs": 31156000,
      "rd": null,
      "sga": null,
      "fcf": -16383000,
      "ocf": -16328000,
      "capex": -55000,
      "gross_margin": 0.42861334751590957,
      "op_margin": -0.027931116694481634,
      "fcf_margin": -0.30045665450143966
    },
    {
      "date": "2021-04-04T00:00:00",
      "quarter_label": "2021-04 (Q2)",
      "revenue": 68967000,
      "gross_profit": 31113000,
      "operating_income": 2589000,
      "net_income": -1375000,
      "opex": 28524000,
      "cogs": 37854000,
      "rd": null,
      "sga": null,
      "fcf": 16485000,
      "ocf": 16654000,
      "capex": -169000,
      "gross_margin": 0.45112880073078426,
      "op_margin": 0.03753969289660272,
      "fcf_margin": 0.2390273609117404,
      "op_leverage_ratio": 1.8161162708534568,
      "fcf_margin_change": 0.53948401541318
    },
    {
      "date": "2021-07-04T00:00:00",
      "quarter_label": "2021-07 (Q3)",
      "revenue": 103574000,
      "gross_profit": 51420000,
      "operating_income": 15205000,
      "net_income": 8344000,
      "opex": 36215000,
      "cogs": 52154000,
      "rd": null,
      "sga": null,
      "fcf": 12920000,
      "ocf": 13181000,
      "capex": -261000,
      "gross_margin": 0.4964566396972213,
      "op_margin": 0.14680325178133508,
      "fcf_margin": 0.12474173055013807,
      "op_leverage_ratio": 1.8610165459390873,
      "fcf_margin_change": -0.11428563036160233
    },
    {
      "date": "2021-10-03T00:00:00",
      "quarter_label": "2021-10 (Q4)",
      "revenue": 106320000,
      "gross_profit": 50767000,
      "operating_income": 9062000,
      "net_income": 3850000,
      "opex": 41705000,
      "cogs": 55553000,
      "rd": null,
      "sga": null,
      "fcf": 11715000,
      "ocf": 11953000,
      "capex": -238000,
      "gross_margin": 0.47749247554552293,
      "op_margin": 0.08523325808878857,
      "fcf_margin": 0.110186230248307,
      "op_leverage_ratio": 0.17489038309964,
      "fcf_margin_change": -0.014555500301831073
    },
    {
      "date": "2022-01-02T00:00:00",
      "quarter_label": "2022-01 (Q1)",
      "revenue": 96764000,
      "gross_profit": 43432000,
      "operating_income": -4518000,
      "net_income": -8774000,
      "opex": 47950000,
      "cogs": 53332000,
      "rd": null,
      "sga": null,
      "fcf": -15671000,
      "ocf": -14892000,
      "capex": -779000,
      "gross_margin": 0.4488446116324253,
      "op_margin": -0.046690918110040926,
      "fcf_margin": -0.16195072547641684,
      "incr_op_margin_yoy": -0.07090939223903213,
      "rev_growth_yoy": 0.7746070753938415,
      "fcf_margin_change": -0.27213695572472385
    },
    {
      "date": "2022-04-03T00:00:00",
      "quarter_label": "2022-04 (Q2)",
      "revenue": 111902000,
      "gross_profit": 52978000,
      "operating_income": 3258000,
      "net_income": 2043000,
      "opex": 49720000,
      "cogs": 58924000,
      "rd": null,
      "sga": null,
      "fcf": 19272000,
      "ocf": 20248000,
      "capex": -976000,
      "gross_margin": 0.47343211023931653,
      "op_margin": 0.029114761130274704,
      "fcf_margin": 0.17222212292899144,
      "incr_op_margin_yoy": 0.01558169325724933,
      "rev_growth_yoy": 0.622544115301521,
      "rev_growth_yoy_accel": -0.15206296009232056,
      "op_leverage_ratio": 4.238088615390652,
      "fcf_margin_change": 0.3341728484054083
    },
    {
      "date": "2022-07-03T00:00:00",
      "quarter_label": "2022-07 (Q3)",
      "revenue": 131512000,
      "gross_profit": 60167000,
      "operating_income": 10924000,
      "net_income": 5999000,
      "opex": 49243000,
      "cogs": 71345000,
      "rd": null,
      "sga": null,
      "fcf": -10078000,
      "ocf": -9660000,
      "capex": -418000,
      "gross_margin": 0.4575019770059006,
      "op_margin": 0.08306466330068739,
      "fcf_margin": -0.07663179025488169,
      "incr_op_margin_yoy": -0.15323215691889183,
      "rev_growth_yoy": 0.2697395099156159,
      "rev_growth_yoy_accel": -0.3528046053859051,
      "op_leverage_ratio": Infinity,
      "fcf_margin_change": -0.24885391318387312
    },
    {
      "date": "2022-10-02T00:00:00",
      "quarter_label": "2022-10 (Q4)",
      "revenue": 105275000,
      "gross_profit": 44333000,
      "operating_income": 559000,
      "net_income": 929000,
      "opex": 43774000,
      "cogs": 60942000,
      "rd": null,
      "sga": null,
      "fcf": 5237000,
      "ocf": 5745000,
      "capex": -508000,
      "gross_margin": 0.42111612443600094,
      "op_margin": 0.005309902635953455,
      "fcf_margin": 0.049745903585846594,
      "incr_op_margin_yoy": 8.136842105263158,
      "rev_growth_yoy": -0.009828818660647103,
      "rev_growth_yoy_accel": -0.279568328576263,
      "fcf_margin_change": 0.12637769384072828
    },
    {
      "date": "2023-01-01T00:00:00",
      "quarter_label": "2023-01 (Q1)",
      "revenue": 90963000,
      "gross_profit": 33968000,
      "operating_income": -6002000,
      "net_income": -5246000,
      "opex": 39970000,
      "cogs": 56995000,
      "rd": null,
      "sga": null,
      "fcf": -10743000,
      "ocf": -10134000,
      "capex": -609000,
      "gross_margin": 0.3734265580510757,
      "op_margin": -0.065982872156811,
      "fcf_margin": -0.11810296494178951,
      "incr_op_margin_yoy": 0.2558179624202724,
      "rev_growth_yoy": -0.05994998139804059,
      "rev_growth_yoy_accel": -0.05012116273739349,
      "fcf_margin_change": -0.1678488685276361
    },
    {
      "date": "2023-04-02T00:00:00",
      "quarter_label": "2023-04 (Q2)",
      "revenue": 90976000,
      "gross_profit": 37961000,
      "operating_income": -5876000,
      "net_income": -5618000,
      "opex": 43837000,
      "cogs": 53015000,
      "rd": null,
      "sga": null,
      "fcf": 3187000,
      "ocf": 3705000,
      "capex": -518000,
      "gross_margin": 0.4172638937741822,
      "op_margin": -0.064588462891312,
      "fcf_margin": 0.03503121702427014,
      "incr_op_margin_yoy": 0.4364904902991494,
      "rev_growth_yoy": -0.1870029132633912,
      "rev_growth_yoy_accel": -0.1270529318653506,
      "fcf_margin_change": 0.15313418196605966
    },
    {
      "date": "2023-07-02T00:00:00",
      "quarter_label": "2023-07 (Q3)",
      "revenue": 106122000,
      "gross_profit": 47396000,
      "operating_income": -1670000,
      "net_income": -2597000,
      "opex": 49066000,
      "cogs": 58726000,
      "rd": null,
      "sga": null,
      "fcf": 4438000,
      "ocf": 4646000,
      "capex": -208000,
      "gross_margin": 0.4466180433840297,
      "op_margin": -0.01573660503948286,
      "fcf_margin": 0.041819792314505944,
      "incr_op_margin_yoy": 0.4960220559275305,
      "rev_growth_yoy": -0.19306223006265588,
      "rev_growth_yoy_accel": -0.006059316799264691,
      "op_leverage_ratio": 1.3957039193068608,
      "fcf_margin_change": 0.006788575290235806
    },
    {
      "date": "2023-10-01T00:00:00",
      "quarter_label": "2023-10 (Q4)",
      "revenue": 83118000,
      "gross_profit": 33525000,
      "operating_income": -4875000,
      "net_income": -3889000,
      "opex": 38400000,
      "cogs": 49593000,
      "rd": null,
      "sga": null,
      "fcf": 12082000,
      "ocf": 12749000,
      "capex": -667000,
      "gross_margin": 0.4033422363386992,
      "op_margin": -0.05865155561972136,
      "fcf_margin": 0.14535960923025096,
      "incr_op_margin_yoy": 0.24524980818702893,
      "rev_growth_yoy": -0.21046782236998338,
      "rev_growth_yoy_accel": -0.017405592307327494,
      "fcf_margin_change": 0.10353981691574501
    },
    {
      "date": "2023-12-31T00:00:00",
      "quarter_label": "2023-12 (Q4)",
      "revenue": 74959000,
      "gross_profit": 29344000,
      "operating_income": -7794000,
      "net_income": -7230000,
      "opex": 37138000,
      "cogs": 45615000,
      "rd": null,
      "sga": null,
      "fcf": -6166000,
      "ocf": -5679000,
      "capex": -487000,
      "gross_margin": 0.3914673354767273,
      "op_margin": -0.10397684067290118,
      "fcf_margin": -0.08225830120465855,
      "incr_op_margin_yoy": 0.11197200699825044,
      "rev_growth_yoy": -0.17593966777700823,
      "rev_growth_yoy_accel": 0.03452815459297515,
      "fcf_margin_change": -0.2276179104349095
    },
    {
      "date": "2024-03-31T00:00:00",
      "quarter_label": "2024-03 (Q1)",
      "revenue": 77259000,
      "gross_profit": 32646000,
      "operating_income": -6158000,
      "net_income": -5736000,
      "opex": 38804000,
      "cogs": 44613000,
      "rd": null,
      "sga": null,
      "fcf": 6385000,
      "ocf": 6947000,
      "capex": -562000,
      "gross_margin": 0.42255271230536245,
      "op_margin": -0.07970592422889243,
      "fcf_margin": 0.08264409324479996,
      "incr_op_margin_yoy": 0.020558431143836115,
      "rev_growth_yoy": -0.15077602884277172,
      "rev_growth_yoy_accel": 0.02516363893423651,
      "op_leverage_ratio": 0.6839865577095712,
      "fcf_margin_change": 0.1649023944494585
    },
    {
      "date": "2024-06-30T00:00:00",
      "quarter_label": "2024-06 (Q2)",
      "revenue": 91966000,
      "gross_profit": 41883000,
      "operating_income": -4467000,
      "net_income": -10796000,
      "opex": 46350000,
      "cogs": 50083000,
      "rd": null,
      "sga": null,
      "fcf": 3367000,
      "ocf": 3690000,
      "capex": -323000,
      "gross_margin": 0.4554183067655438,
      "op_margin": -0.04857229845812583,
      "fcf_margin": 0.0366113563708327,
      "incr_op_margin_yoy": 0.19758406329471603,
      "rev_growth_yoy": -0.13339364128079004,
      "rev_growth_yoy_accel": 0.017382387561981683,
      "op_leverage_ratio": 0.978891832429007,
      "fcf_margin_change": -0.04603273687396726
    },
    {
      "date": "2024-09-29T00:00:00",
      "quarter_label": "2024-09 (Q3)",
      "revenue": 80515000,
      "gross_profit": 30649000,
      "operating_income": -6844000,
      "net_income": -6879000,
      "opex": 37493000,
      "cogs": 49866000,
      "rd": null,
      "sga": null,
      "fcf": -5890000,
      "ocf": -5504000,
      "capex": -386000,
      "gross_margin": 0.3806619884493573,
      "op_margin": -0.0850027945103397,
      "fcf_margin": -0.07315407067006148,
      "incr_op_margin_yoy": 0.7564348828275067,
      "rev_growth_yoy": -0.03131692292884814,
      "rev_growth_yoy_accel": 0.1020767183519419,
      "fcf_margin_change": -0.10976542704089418
    },
    {
      "date": "2024-12-29T00:00:00",
      "quarter_label": "2024-12 (Q4)",
      "revenue": 66147000,
      "gross_profit": 25070000,
      "operating_income": -34918000,
      "net_income": -31875000,
      "opex": 59988000,
      "cogs": 41077000,
      "rd": null,
      "sga": null,
      "fcf": -2561000,
      "ocf": -2532000,
      "capex": -29000,
      "gross_margin": 0.37900433882111056,
      "op_margin": -0.5278848625032125,
      "fcf_margin": -0.03871679743601373,
      "incr_op_margin_yoy": 3.0780753517930095,
      "rev_growth_yoy": -0.11755759815365734,
      "rev_growth_yoy_accel": -0.08624067522480919,
      "fcf_margin_change": 0.03443727323404775
    },
    {
      "date": "2025-03-30T00:00:00",
      "quarter_label": "2025-03 (Q1)",
      "revenue": 64155000,
      "gross_profit": 25841000,
      "operating_income": -8118000,
      "net_income": -7998000,
      "opex": 33959000,
      "cogs": 38314000,
      "rd": null,
      "sga": null,
      "fcf": 8182000,
      "ocf": 8322000,
      "capex": -140000,
      "gross_margin": 0.4027901176837347,
      "op_margin": -0.1265372924947393,
      "fcf_margin": 0.1275348764710467,
      "incr_op_margin_yoy": 0.14957264957264957,
      "rev_growth_yoy": -0.1696113074204947,
      "rev_growth_yoy_accel": -0.052053709266837375,
      "fcf_margin_change": 0.16625167390706042
    },
    {
      "date": "2025-06-29T00:00:00",
      "quarter_label": "2025-06 (Q2)",
      "revenue": 81520000,
      "gross_profit": 36932000,
      "operating_income": -2623000,
      "net_income": -2995000,
      "opex": 39555000,
      "cogs": 44588000,
      "rd": null,
      "sga": null,
      "fcf": -1492000,
      "ocf": -1356000,
      "capex": -136000,
      "gross_margin": 0.45304219823356234,
      "op_margin": -0.032176153091265945,
      "fcf_margin": -0.01830225711481845,
      "incr_op_margin_yoy": -0.1765269002488991,
      "rev_growth_yoy": -0.11358545549442185,
      "rev_growth_yoy_accel": 0.05602585192607286,
      "op_leverage_ratio": 1.6425608430573984,
      "fcf_margin_change": -0.14583713358586514
    },
    {
      "date": "2025-09-28T00:00:00",
      "quarter_label": "2025-09 (Q3)",
      "revenue": 73591000,
      "gross_profit": 31360000,
      "operating_income": -1925000,
      "net_income": -2317000,
      "opex": 33285000,
      "cogs": 42231000,
      "rd": null,
      "sga": null,
      "fcf": -1851000,
      "ocf": -1819000,
      "capex": -32000,
      "gross_margin": 0.42613906591838674,
      "op_margin": -0.026158089983829545,
      "fcf_margin": -0.025152532238996616,
      "incr_op_margin_yoy": -0.7104274985557482,
      "rev_growth_yoy": -0.08599639818667329,
      "rev_growth_yoy_accel": 0.027589057307748563,
      "fcf_margin_change": -0.006850275124178167
    }
  ],
  "signals": [
    {
      "quarter": "2025-06 (Q2)",
      "signal": "OPERATING LEVERAGE",
      "detail": "Rev growth +27.1% vs OpEx growth +16.5% (leverage: 1.6x)",
      "severity": "MEDIUM"
    },
    {
      "quarter": "2025-06 (Q2)",
      "signal": "YoY REVENUE GROWTH ACCELERATION",
      "detail": "YoY growth: -11.4% vs prior quarter YoY: -17.0% (accel: +5.6%)",
      "severity": "MEDIUM"
    },
    {
      "quarter": "2025-03 (Q1)",
      "signal": "FCF TURNED POSITIVE",
      "detail": "FCF margin: -3.9% -> +12.8%",
      "severity": "HIGH"
    },
    {
      "quarter": "2025-03 (Q1)",
      "signal": "GROSS MARGIN INFLECTION",
      "detail": "GM: +38.1% -> +37.9% -> +40.3% (reversal +2.4%)",
      "severity": "MEDIUM"
    },
    {
      "quarter": "2025-03 (Q1)",
      "signal": "YoY REVENUE GROWTH DECELERATION",
      "detail": "YoY growth: -17.0% vs prior quarter YoY: -11.8% (decel: -5.2%)",
      "severity": "WARNING"
    },
    {
      "quarter": "2024-12 (Q4)",
      "signal": "YoY REVENUE GROWTH DECELERATION",
      "detail": "YoY growth: -11.8% vs prior quarter YoY: -3.1% (decel: -8.6%)",
      "severity": "WARNING"
    },
    {
      "quarter": "2024-09 (Q3)",
      "signal": "YoY REVENUE GROWTH ACCELERATION",
      "detail": "YoY growth: -3.1% vs prior quarter YoY: -13.3% (accel: +10.2%)",
      "severity": "MEDIUM"
    },
    {
      "quarter": "2024-03 (Q1)",
      "signal": "FCF TURNED POSITIVE",
      "detail": "FCF margin: -8.2% -> +8.3%",
      "severity": "HIGH"
    },
    {
      "quarter": "2024-03 (Q1)",
      "signal": "GROSS MARGIN INFLECTION",
      "detail": "GM: +40.3% -> +39.1% -> +42.3% (reversal +3.1%)",
      "severity": "MEDIUM"
    },
    {
      "quarter": "2023-10 (Q4)",
      "signal": "FCF MARGIN EXPANSION",
      "detail": "FCF margin: +4.2% -> +14.5% (+10.4%)",
      "severity": "MEDIUM"
    },
    {
      "quarter": "2023-04 (Q2)",
      "signal": "FCF TURNED POSITIVE",
      "detail": "FCF margin: -11.8% -> +3.5%",
      "severity": "HIGH"
    },
    {
      "quarter": "2023-04 (Q2)",
      "signal": "GROSS MARGIN INFLECTION",
      "detail": "GM: +42.1% -> +37.3% -> +41.7% (reversal +4.4%)",
      "severity": "MEDIUM"
    },
    {
      "quarter": "2023-04 (Q2)",
      "signal": "YoY REVENUE GROWTH DECELERATION",
      "detail": "YoY growth: -18.7% vs prior quarter YoY: -6.0% (decel: -12.7%)",
      "severity": "WARNING"
    },
    {
      "quarter": "2023-01 (Q1)",
      "signal": "YoY REVENUE GROWTH DECELERATION",
      "detail": "YoY growth: -6.0% vs prior quarter YoY: -1.0% (decel: -5.0%)",
      "severity": "WARNING"
    },
    {
      "quarter": "2022-10 (Q4)",
      "signal": "FCF TURNED POSITIVE",
      "detail": "FCF margin: -7.7% -> +5.0%",
      "severity": "HIGH"
    },
    {
      "quarter": "2022-10 (Q4)",
      "signal": "YoY REVENUE GROWTH DECELERATION",
      "detail": "YoY growth: -1.0% vs prior quarter YoY: +27.0% (decel: -28.0%)",
      "severity": "WARNING"
    },
    {
      "quarter": "2022-10 (Q4)",
      "signal": "INCREMENTAL MARGIN (YoY)",
      "detail": "YoY Incr OPM: +813.7% vs year-ago OPM: +8.5%",
      "severity": "HIGH"
    },
    {
      "quarter": "2022-07 (Q3)",
      "signal": "YoY REVENUE GROWTH DECELERATION",
      "detail": "YoY growth: +27.0% vs prior quarter YoY: +62.3% (decel: -35.3%)",
      "severity": "WARNING"
    },
    {
      "quarter": "2022-04 (Q2)",
      "signal": "FCF TURNED POSITIVE",
      "detail": "FCF margin: -16.2% -> +17.2%",
      "severity": "HIGH"
    },
    {
      "quarter": "2022-04 (Q2)",
      "signal": "OPERATING LEVERAGE",
      "detail": "Rev growth +15.6% vs OpEx growth +3.7% (leverage: 4.2x)",
      "severity": "MEDIUM"
    },
    {
      "quarter": "2022-04 (Q2)",
      "signal": "GROSS MARGIN INFLECTION",
      "detail": "GM: +47.7% -> +44.9% -> +47.3% (reversal +2.5%)",
      "severity": "MEDIUM"
    },
    {
      "quarter": "2022-04 (Q2)",
      "signal": "YoY REVENUE GROWTH DECELERATION",
      "detail": "YoY growth: +62.3% vs prior quarter YoY: +77.5% (decel: -15.2%)",
      "severity": "WARNING"
    },
    {
      "quarter": "2022-04 (Q2)",
      "signal": "OP MARGIN TURNED POSITIVE (QoQ)",
      "detail": "Op margin: -4.7% -> +2.9%",
      "severity": "HIGH"
    },
    {
      "quarter": "2021-07 (Q3)",
      "signal": "OPERATING LEVERAGE",
      "detail": "Rev growth +50.2% vs OpEx growth +27.0% (leverage: 1.9x)",
      "severity": "MEDIUM"
    },
    {
      "quarter": "2021-04 (Q2)",
      "signal": "FCF TURNED POSITIVE",
      "detail": "FCF margin: -30.0% -> +23.9%",
      "severity": "HIGH"
    },
    {
      "quarter": "2021-04 (Q2)",
      "signal": "OPERATING LEVERAGE",
      "detail": "Rev growth +26.5% vs OpEx growth +14.6% (leverage: 1.8x)",
      "severity": "MEDIUM"
    },
    {
      "quarter": "2021-04 (Q2)",
      "signal": "OP MARGIN TURNED POSITIVE (QoQ)",
      "detail": "Op margin: -2.8% -> +3.8%",
      "severity": "HIGH"
    }
  ],
  "data_quality": {
    "n_quarters": 20,
    "coverage": {
      "revenue": [
        20,
        20
      ],
      "gross_profit": [
        20,
        20
      ],
      "op_income": [
        20,
        20
      ],
      "fcf": [
        20,
        20
      ]
    },
    "gaps": [],
    "warnings": []
  },
  "market_cap": null,
  "source": "SEC EDGAR",
  "last_updated": "2026-02-02T23:38:21.684646"
}