{
  "ticker": "LVO",
  "name": "LiveOne, Inc.",
  "quarters": [
    {
      "date": "2020-12-31T00:00:00",
      "quarter_label": "2020-12 (Q4)",
      "revenue": 19123000,
      "gross_profit": null,
      "operating_income": -7595000,
      "net_income": -8731000,
      "opex": 26718000,
      "cogs": null,
      "rd": null,
      "sga": null,
      "fcf": -4905000,
      "ocf": -4186000,
      "capex": -719000,
      "gross_margin": null,
      "op_margin": -0.3971657166762537,
      "fcf_margin": -0.25649741149401245
    },
    {
      "date": "2021-03-31T00:00:00",
      "quarter_label": "2021-03 (Q1)",
      "revenue": 21041000,
      "gross_profit": null,
      "operating_income": -8827000,
      "net_income": -15368000,
      "opex": 29868000,
      "cogs": null,
      "rd": null,
      "sga": null,
      "fcf": -1388000,
      "ocf": -408000,
      "capex": -980000,
      "gross_margin": null,
      "op_margin": -0.41951428164060645,
      "fcf_margin": -0.06596644646167008,
      "op_leverage_ratio": 0.8507186808206523,
      "fcf_margin_change": 0.19053096503234238
    },
    {
      "date": "2021-06-30T00:00:00",
      "quarter_label": "2021-06 (Q2)",
      "revenue": 38767000,
      "gross_profit": 7827000,
      "operating_income": -9959000,
      "net_income": -8051000,
      "opex": 48726000,
      "cogs": 30940000,
      "rd": 2155000,
      "sga": null,
      "fcf": -186000,
      "ocf": 832000,
      "capex": -1018000,
      "gross_margin": 0.20189852193876234,
      "op_margin": -0.2568937498387804,
      "fcf_margin": -0.004797895116980937,
      "op_leverage_ratio": 1.3343042823396645,
      "fcf_margin_change": 0.06116855134468914
    },
    {
      "date": "2021-09-30T00:00:00",
      "quarter_label": "2021-09 (Q3)",
      "revenue": 21924000,
      "gross_profit": 5873000,
      "operating_income": -9667000,
      "net_income": -15236000,
      "opex": 31591000,
      "cogs": 16051000,
      "rd": 2178000,
      "sga": null,
      "fcf": -8752000,
      "ocf": -7813000,
      "capex": -939000,
      "gross_margin": 0.2678799489144317,
      "op_margin": -0.4409323116219668,
      "fcf_margin": -0.39919722678343367,
      "fcf_margin_change": -0.39439933166645275
    },
    {
      "date": "2021-12-31T00:00:00",
      "quarter_label": "2021-12 (Q4)",
      "revenue": 32895000,
      "gross_profit": 5229000,
      "operating_income": -9968000,
      "net_income": -11791000,
      "opex": 42863000,
      "cogs": 27666000,
      "rd": 1657000,
      "sga": null,
      "fcf": -4176000,
      "ocf": -3245000,
      "capex": -931000,
      "gross_margin": 0.15896032831737347,
      "op_margin": -0.3030247758017936,
      "fcf_margin": -0.12694938440492476,
      "incr_op_margin_yoy": -0.17230612837641593,
      "rev_growth_yoy": 0.7201798880928725,
      "op_leverage_ratio": 1.4024546123850778,
      "fcf_margin_change": 0.2722478423785089
    },
    {
      "date": "2022-03-31T00:00:00",
      "quarter_label": "2022-03 (Q1)",
      "revenue": 23433000,
      "gross_profit": 5107000,
      "operating_income": -8261000,
      "net_income": -8834000,
      "opex": 31694000,
      "cogs": 18326000,
      "rd": 2102000,
      "sga": null,
      "fcf": 247000,
      "ocf": 1103000,
      "capex": -856000,
      "gross_margin": 0.21794051124482566,
      "op_margin": -0.35253702044125806,
      "fcf_margin": 0.01054069047923868,
      "incr_op_margin_yoy": 0.23662207357859533,
      "rev_growth_yoy": 0.11368280975238819,
      "rev_growth_yoy_accel": -0.6064970783404843,
      "fcf_margin_change": 0.13749007488416343
    },
    {
      "date": "2022-06-30T00:00:00",
      "quarter_label": "2022-06 (Q2)",
      "revenue": 23222000,
      "gross_profit": 7840000,
      "operating_income": 237000,
      "net_income": 1348000,
      "opex": 22985000,
      "cogs": 15382000,
      "rd": 1617000,
      "sga": null,
      "fcf": -799000,
      "ocf": -26000,
      "capex": -773000,
      "gross_margin": 0.3376108862285763,
      "op_margin": 0.010205839290328138,
      "fcf_margin": -0.034407027818448024,
      "incr_op_margin_yoy": -0.6559022193631393,
      "rev_growth_yoy": -0.4009853741584337,
      "rev_growth_yoy_accel": -0.5146681839108219,
      "fcf_margin_change": -0.044947718297686706
    },
    {
      "date": "2022-09-30T00:00:00",
      "quarter_label": "2022-09 (Q3)",
      "revenue": 23532000,
      "gross_profit": 9790000,
      "operating_income": -987000,
      "net_income": -3409000,
      "opex": 24519000,
      "cogs": 13742000,
      "rd": 1240000,
      "sga": null,
      "fcf": -7252000,
      "ocf": -6771000,
      "capex": -481000,
      "gross_margin": 0.41602923678395376,
      "op_margin": -0.041942886282508925,
      "fcf_margin": -0.3081761006289308,
      "incr_op_margin_yoy": 5.398009950248756,
      "rev_growth_yoy": 0.07334428024083196,
      "rev_growth_yoy_accel": 0.47432965439926567,
      "op_leverage_ratio": 0.2000235917992166,
      "fcf_margin_change": -0.2737690728104828
    },
    {
      "date": "2022-12-31T00:00:00",
      "quarter_label": "2022-12 (Q4)",
      "revenue": 27309000,
      "gross_profit": 7947000,
      "operating_income": -574000,
      "net_income": -2548000,
      "opex": 27883000,
      "cogs": 19362000,
      "rd": 1035000,
      "sga": null,
      "fcf": 1388000,
      "ocf": 2170000,
      "capex": -782000,
      "gross_margin": 0.29100296605514664,
      "op_margin": -0.02101871177999927,
      "fcf_margin": 0.05082573510564283,
      "incr_op_margin_yoy": -1.681704260651629,
      "rev_growth_yoy": -0.16981304149566803,
      "rev_growth_yoy_accel": -0.2431573217365,
      "op_leverage_ratio": 1.1698627471727219,
      "fcf_margin_change": 0.3590018357345736
    },
    {
      "date": "2023-03-31T00:00:00",
      "quarter_label": "2023-03 (Q1)",
      "revenue": 25548000,
      "gross_profit": 7253000,
      "operating_income": -860000,
      "net_income": -5410000,
      "opex": 26408000,
      "cogs": 18295000,
      "rd": 1244000,
      "sga": null,
      "fcf": 383000,
      "ocf": 784000,
      "capex": -401000,
      "gross_margin": 0.283896978237044,
      "op_margin": -0.03366212619383122,
      "fcf_margin": 0.014991388758415531,
      "incr_op_margin_yoy": 3.499290780141844,
      "rev_growth_yoy": 0.09025732940724619,
      "rev_growth_yoy_accel": 0.26007037090291424,
      "fcf_margin_change": -0.0358343463472273
    },
    {
      "date": "2023-06-30T00:00:00",
      "quarter_label": "2023-06 (Q2)",
      "revenue": 27767000,
      "gross_profit": 8204000,
      "operating_income": -255000,
      "net_income": -515000,
      "opex": 28022000,
      "cogs": 19563000,
      "rd": 1246000,
      "sga": null,
      "fcf": 594000,
      "ocf": 1221000,
      "capex": -627000,
      "gross_margin": 0.2954586379515252,
      "op_margin": -0.009183563222530342,
      "fcf_margin": 0.021392300212482444,
      "incr_op_margin_yoy": -0.10825082508250825,
      "rev_growth_yoy": 0.1957195762638877,
      "rev_growth_yoy_accel": 0.1054622468566415,
      "op_leverage_ratio": 1.4211253147609118,
      "fcf_margin_change": 0.006400911454066913
    },
    {
      "date": "2023-09-30T00:00:00",
      "quarter_label": "2023-09 (Q3)",
      "revenue": 28528000,
      "gross_profit": 7981000,
      "operating_income": -2515000,
      "net_income": -7580000,
      "opex": 10496000,
      "cogs": 20547000,
      "rd": 1439000,
      "sga": null,
      "fcf": -1903000,
      "ocf": -1266000,
      "capex": -637000,
      "gross_margin": 0.27976023555804824,
      "op_margin": -0.08815900168255748,
      "fcf_margin": -0.06670639371845205,
      "incr_op_margin_yoy": -0.3058446757405925,
      "rev_growth_yoy": 0.2123066462689104,
      "rev_growth_yoy_accel": 0.016587070005022714,
      "op_leverage_ratio": Infinity,
      "fcf_margin_change": -0.0880986939309345
    },
    {
      "date": "2023-12-31T00:00:00",
      "quarter_label": "2023-12 (Q4)",
      "revenue": 31245000,
      "gross_profit": 7978000,
      "operating_income": -753000,
      "net_income": -1574000,
      "opex": 8731000,
      "cogs": 23267000,
      "rd": 694000,
      "sga": null,
      "fcf": 3021000,
      "ocf": 3849000,
      "capex": -828000,
      "gross_margin": 0.2553368538966235,
      "op_margin": -0.024099855976956314,
      "fcf_margin": 0.09668746999519923,
      "incr_op_margin_yoy": -0.045477642276422765,
      "rev_growth_yoy": 0.1441283093485664,
      "rev_growth_yoy_accel": -0.068178336920344,
      "op_leverage_ratio": Infinity,
      "fcf_margin_change": 0.16339386371365128
    },
    {
      "date": "2024-03-31T00:00:00",
      "quarter_label": "2024-03 (Q1)",
      "revenue": 30899000,
      "gross_profit": 7523000,
      "operating_income": -1161000,
      "net_income": -2297000,
      "opex": 8684000,
      "cogs": 23376000,
      "rd": 1302000,
      "sga": null,
      "fcf": 2100000,
      "ocf": 3044000,
      "capex": -944000,
      "gross_margin": 0.24347066248098645,
      "op_margin": -0.03757403152205573,
      "fcf_margin": 0.06796336451017833,
      "incr_op_margin_yoy": -0.05625116800598019,
      "rev_growth_yoy": 0.209448880538594,
      "rev_growth_yoy_accel": 0.0653205711900276,
      "fcf_margin_change": -0.028724105485020898
    },
    {
      "date": "2024-06-30T00:00:00",
      "quarter_label": "2024-06 (Q2)",
      "revenue": 33078000,
      "gross_profit": 7991000,
      "operating_income": -784000,
      "net_income": -1169000,
      "opex": 8775000,
      "cogs": 25087000,
      "rd": 1071000,
      "sga": null,
      "fcf": 606000,
      "ocf": 1342000,
      "capex": -736000,
      "gross_margin": 0.2415805066811778,
      "op_margin": -0.023701553902896185,
      "fcf_margin": 0.018320333756575366,
      "incr_op_margin_yoy": -0.09960459423837319,
      "rev_growth_yoy": 0.19127021284258292,
      "rev_growth_yoy_accel": -0.01817866769601109,
      "op_leverage_ratio": 6.729630639918999,
      "fcf_margin_change": -0.04964303075360296
    },
    {
      "date": "2024-09-30T00:00:00",
      "quarter_label": "2024-09 (Q3)",
      "revenue": 32594000,
      "gross_profit": 8076000,
      "operating_income": -1400000,
      "net_income": -1859000,
      "opex": 9476000,
      "cogs": 24518000,
      "rd": 1160000,
      "sga": null,
      "fcf": 5183000,
      "ocf": 5772000,
      "capex": -589000,
      "gross_margin": 0.24777566423268085,
      "op_margin": -0.042952690679266124,
      "fcf_margin": 0.15901699699331165,
      "incr_op_margin_yoy": 0.27422528283325137,
      "rev_growth_yoy": 0.14252664049355018,
      "rev_growth_yoy_accel": -0.04874357234903273,
      "fcf_margin_change": 0.1406966632367363
    },
    {
      "date": "2024-12-31T00:00:00",
      "quarter_label": "2024-12 (Q4)",
      "revenue": 29445000,
      "gross_profit": 7153000,
      "operating_income": -5113000,
      "net_income": -5233000,
      "opex": 12266000,
      "cogs": 22292000,
      "rd": 1115000,
      "sga": null,
      "fcf": 2721000,
      "ocf": 3524000,
      "capex": -803000,
      "gross_margin": 0.24292749193411445,
      "op_margin": -0.17364578026829683,
      "fcf_margin": 0.0924095771777891,
      "incr_op_margin_yoy": 2.422222222222222,
      "rev_growth_yoy": -0.05760921747479597,
      "rev_growth_yoy_accel": -0.20013585796834615,
      "fcf_margin_change": -0.06660741981552255
    },
    {
      "date": "2025-03-31T00:00:00",
      "quarter_label": "2025-03 (Q1)",
      "revenue": 19288000,
      "gross_profit": 5944000,
      "operating_income": -10758000,
      "net_income": -10447000,
      "opex": 16702000,
      "cogs": 13344000,
      "rd": 1129000,
      "sga": null,
      "fcf": -5195000,
      "ocf": -4270000,
      "capex": -925000,
      "gross_margin": 0.30817088345085025,
      "op_margin": -0.5577561177934467,
      "fcf_margin": -0.2693384487764413,
      "incr_op_margin_yoy": 0.826543794677461,
      "rev_growth_yoy": -0.3757726787274669,
      "rev_growth_yoy_accel": -0.3181634612526709,
      "fcf_margin_change": -0.3617480259542304
    },
    {
      "date": "2025-06-30T00:00:00",
      "quarter_label": "2025-06 (Q2)",
      "revenue": 19207000,
      "gross_profit": 2382000,
      "operating_income": -4034000,
      "net_income": -3593000,
      "opex": 6416000,
      "cogs": 16825000,
      "rd": 934000,
      "sga": null,
      "fcf": -4067000,
      "ocf": -3047000,
      "capex": -1020000,
      "gross_margin": 0.12401728536471078,
      "op_margin": -0.2100275941063154,
      "fcf_margin": -0.21174571770708595,
      "incr_op_margin_yoy": 0.23430178069353327,
      "rev_growth_yoy": -0.4193421609528992,
      "rev_growth_yoy_accel": -0.04356948222543233,
      "fcf_margin_change": 0.05759273106935536
    },
    {
      "date": "2025-09-30T00:00:00",
      "quarter_label": "2025-09 (Q3)",
      "revenue": 18762000,
      "gross_profit": 2596000,
      "operating_income": -4569000,
      "net_income": -5542000,
      "opex": 7165000,
      "cogs": 16166000,
      "rd": 442000,
      "sga": null,
      "fcf": -4031000,
      "ocf": -3207000,
      "capex": -824000,
      "gross_margin": 0.13836477987421383,
      "op_margin": -0.2435241445474896,
      "fcf_margin": -0.21484916320221725,
      "incr_op_margin_yoy": 0.2291064198958936,
      "rev_growth_yoy": -0.4243725839111493,
      "rev_growth_yoy_accel": -0.005030422958250069,
      "fcf_margin_change": -0.0031034454951313073
    }
  ],
  "signals": [
    {
      "quarter": "2025-06 (Q2)",
      "signal": "FCF MARGIN EXPANSION",
      "detail": "FCF margin: -26.9% -> -21.2% (+5.8%)",
      "severity": "MEDIUM"
    },
    {
      "quarter": "2025-03 (Q1)",
      "signal": "GROSS MARGIN INFLECTION",
      "detail": "GM: +24.8% -> +24.3% -> +30.8% (reversal +6.5%)",
      "severity": "HIGH"
    },
    {
      "quarter": "2025-03 (Q1)",
      "signal": "YoY REVENUE GROWTH DECELERATION",
      "detail": "YoY growth: -37.6% vs prior quarter YoY: -5.8% (decel: -31.8%)",
      "severity": "WARNING"
    },
    {
      "quarter": "2024-12 (Q4)",
      "signal": "YoY REVENUE GROWTH DECELERATION",
      "detail": "YoY growth: -5.8% vs prior quarter YoY: +14.3% (decel: -20.0%)",
      "severity": "WARNING"
    },
    {
      "quarter": "2024-09 (Q3)",
      "signal": "FCF MARGIN EXPANSION",
      "detail": "FCF margin: +1.8% -> +15.9% (+14.1%)",
      "severity": "MEDIUM"
    },
    {
      "quarter": "2024-06 (Q2)",
      "signal": "OPERATING LEVERAGE",
      "detail": "Rev growth +7.1% vs OpEx growth +1.0% (leverage: 6.7x)",
      "severity": "MEDIUM"
    },
    {
      "quarter": "2024-03 (Q1)",
      "signal": "YoY REVENUE GROWTH ACCELERATION",
      "detail": "YoY growth: +20.9% vs prior quarter YoY: +14.4% (accel: +6.5%)",
      "severity": "MEDIUM"
    },
    {
      "quarter": "2023-12 (Q4)",
      "signal": "FCF TURNED POSITIVE",
      "detail": "FCF margin: -6.7% -> +9.7%",
      "severity": "HIGH"
    },
    {
      "quarter": "2023-12 (Q4)",
      "signal": "YoY REVENUE GROWTH DECELERATION",
      "detail": "YoY growth: +14.4% vs prior quarter YoY: +21.2% (decel: -6.8%)",
      "severity": "WARNING"
    },
    {
      "quarter": "2023-06 (Q2)",
      "signal": "YoY REVENUE GROWTH ACCELERATION",
      "detail": "YoY growth: +19.6% vs prior quarter YoY: +9.0% (accel: +10.5%)",
      "severity": "MEDIUM"
    },
    {
      "quarter": "2023-03 (Q1)",
      "signal": "YoY REVENUE GROWTH ACCELERATION",
      "detail": "YoY growth: +9.0% vs prior quarter YoY: -17.0% (accel: +26.0%)",
      "severity": "HIGH"
    },
    {
      "quarter": "2022-12 (Q4)",
      "signal": "FCF TURNED POSITIVE",
      "detail": "FCF margin: -30.8% -> +5.1%",
      "severity": "HIGH"
    },
    {
      "quarter": "2022-12 (Q4)",
      "signal": "YoY REVENUE GROWTH DECELERATION",
      "detail": "YoY growth: -17.0% vs prior quarter YoY: +7.3% (decel: -24.3%)",
      "severity": "WARNING"
    },
    {
      "quarter": "2022-09 (Q3)",
      "signal": "YoY REVENUE GROWTH ACCELERATION",
      "detail": "YoY growth: +7.3% vs prior quarter YoY: -40.1% (accel: +47.4%)",
      "severity": "HIGH"
    },
    {
      "quarter": "2022-06 (Q2)",
      "signal": "YoY REVENUE GROWTH DECELERATION",
      "detail": "YoY growth: -40.1% vs prior quarter YoY: +11.4% (decel: -51.5%)",
      "severity": "WARNING"
    },
    {
      "quarter": "2022-06 (Q2)",
      "signal": "OP MARGIN TURNED POSITIVE (YoY)",
      "detail": "Op margin: -25.7% (year-ago) -> +1.0%",
      "severity": "HIGH"
    },
    {
      "quarter": "2022-06 (Q2)",
      "signal": "OP MARGIN TURNED POSITIVE (QoQ)",
      "detail": "Op margin: -35.3% -> +1.0%",
      "severity": "HIGH"
    },
    {
      "quarter": "2022-03 (Q1)",
      "signal": "FCF TURNED POSITIVE",
      "detail": "FCF margin: -12.7% -> +1.1%",
      "severity": "HIGH"
    },
    {
      "quarter": "2022-03 (Q1)",
      "signal": "GROSS MARGIN INFLECTION",
      "detail": "GM: +26.8% -> +15.9% -> +21.8% (reversal +5.9%)",
      "severity": "HIGH"
    },
    {
      "quarter": "2022-03 (Q1)",
      "signal": "YoY REVENUE GROWTH DECELERATION",
      "detail": "YoY growth: +11.4% vs prior quarter YoY: +72.0% (decel: -60.6%)",
      "severity": "WARNING"
    },
    {
      "quarter": "2021-12 (Q4)",
      "signal": "FCF MARGIN EXPANSION",
      "detail": "FCF margin: -39.9% -> -12.7% (+27.2%)",
      "severity": "MEDIUM"
    },
    {
      "quarter": "2021-06 (Q2)",
      "signal": "FCF MARGIN EXPANSION",
      "detail": "FCF margin: -6.6% -> -0.5% (+6.1%)",
      "severity": "MEDIUM"
    },
    {
      "quarter": "2021-03 (Q1)",
      "signal": "FCF MARGIN EXPANSION",
      "detail": "FCF margin: -25.6% -> -6.6% (+19.1%)",
      "severity": "MEDIUM"
    }
  ],
  "data_quality": {
    "n_quarters": 20,
    "coverage": {
      "revenue": [
        20,
        20
      ],
      "gross_profit": [
        18,
        20
      ],
      "op_income": [
        20,
        20
      ],
      "fcf": [
        20,
        20
      ]
    },
    "gaps": [],
    "warnings": []
  },
  "market_cap": null,
  "source": "SEC EDGAR",
  "last_updated": "2026-02-02T23:38:44.118761",
  "sector": "Communication Services",
  "industry": "Entertainment"
}