{
  "ticker": "LVWR",
  "name": "LiveWire Group, Inc.",
  "quarters": [
    {
      "date": "2022-03-27T00:00:00",
      "quarter_label": "2022-03 (Q1)",
      "revenue": 10401000,
      "gross_profit": 53000,
      "operating_income": -15699000,
      "net_income": -15979000,
      "opex": 290000,
      "cogs": 10348000,
      "rd": null,
      "sga": 15752000,
      "fcf": -21520000,
      "ocf": -19028000,
      "capex": -2492000,
      "gross_margin": 0.005095663878473224,
      "op_margin": -1.5093740986443611,
      "fcf_margin": -2.06903182386309
    },
    {
      "date": "2022-06-26T00:00:00",
      "quarter_label": "2022-06 (Q2)",
      "revenue": 12506000,
      "gross_profit": -390000,
      "operating_income": -19356000,
      "net_income": -19578000,
      "opex": 1417000,
      "cogs": 12896000,
      "rd": null,
      "sga": 18966000,
      "fcf": -21846000,
      "ocf": -18616000,
      "capex": -3230000,
      "gross_margin": -0.031185031185031187,
      "op_margin": -1.5477370861986246,
      "fcf_margin": -1.7468415160722852,
      "op_leverage_ratio": 0.05207761488362792,
      "fcf_margin_change": 0.3221903077908048
    },
    {
      "date": "2022-09-25T00:00:00",
      "quarter_label": "2022-09 (Q3)",
      "revenue": 14708000,
      "gross_profit": 965000,
      "operating_income": -21023000,
      "net_income": -20943000,
      "opex": 995000,
      "cogs": 13743000,
      "rd": null,
      "sga": 21988000,
      "fcf": -29751000,
      "ocf": -26546000,
      "capex": -3205000,
      "gross_margin": 0.06561055208050041,
      "op_margin": -1.429358172423171,
      "fcf_margin": -2.022776720152298,
      "op_leverage_ratio": Infinity,
      "fcf_margin_change": -0.27593520408001293
    },
    {
      "date": "2022-12-31T00:00:00",
      "quarter_label": "2022-12 (Q4)",
      "revenue": 9218000,
      "gross_profit": 2276000,
      "operating_income": -79322203,
      "net_income": -22438000,
      "opex": 2702000,
      "cogs": 6942000,
      "rd": null,
      "sga": 31153000,
      "fcf": -30645000,
      "ocf": -25491000,
      "capex": -5154000,
      "gross_margin": 0.2469082230418746,
      "op_margin": -8.605142438706878,
      "fcf_margin": -3.3244738555001083,
      "fcf_margin_change": -1.3016971353478102
    },
    {
      "date": "2023-03-31T00:00:00",
      "quarter_label": "2023-03 (Q1)",
      "revenue": 7762000,
      "gross_profit": 1264000,
      "operating_income": -24907000,
      "net_income": -21147000,
      "opex": 32669000,
      "cogs": 6498000,
      "rd": null,
      "sga": 26171000,
      "fcf": -29198000,
      "ocf": -24550000,
      "capex": -4648000,
      "gross_margin": 0.1628446276732801,
      "op_margin": -3.208837928368977,
      "fcf_margin": -3.7616593661427467,
      "incr_op_margin_yoy": 3.4892004547176962,
      "rev_growth_yoy": -0.2537256033073743,
      "fcf_margin_change": -0.43718551064263833
    },
    {
      "date": "2023-06-30T00:00:00",
      "quarter_label": "2023-06 (Q2)",
      "revenue": 7026000,
      "gross_profit": -2940000,
      "operating_income": -31984000,
      "net_income": -40732000,
      "opex": 39010000,
      "cogs": 9966000,
      "rd": null,
      "sga": 29044000,
      "fcf": -20172000,
      "ocf": -16645000,
      "capex": -3527000,
      "gross_margin": -0.4184457728437233,
      "op_margin": -4.552234557358383,
      "fcf_margin": -2.871050384286934,
      "incr_op_margin_yoy": 2.3043795620437955,
      "rev_growth_yoy": -0.4381896689588997,
      "rev_growth_yoy_accel": -0.1844640656515254,
      "fcf_margin_change": 0.8906089818558125
    },
    {
      "date": "2023-09-30T00:00:00",
      "quarter_label": "2023-09 (Q3)",
      "revenue": 8144000,
      "gross_profit": 1092000,
      "operating_income": -25343000,
      "net_income": -14578000,
      "opex": 33487000,
      "cogs": 7052000,
      "rd": null,
      "sga": 26435000,
      "fcf": -17476000,
      "ocf": -14681000,
      "capex": -2795000,
      "gross_margin": 0.13408644400785855,
      "op_margin": -3.1118614931237722,
      "fcf_margin": -2.145874263261297,
      "incr_op_margin_yoy": 0.6581352833638026,
      "rev_growth_yoy": -0.44628773456622245,
      "rev_growth_yoy_accel": -0.008098065607322735,
      "op_leverage_ratio": Infinity,
      "fcf_margin_change": 0.7251761210256373
    },
    {
      "date": "2023-12-31T00:00:00",
      "quarter_label": "2023-12 (Q4)",
      "revenue": 15091000,
      "gross_profit": -5188000,
      "operating_income": -33755000,
      "net_income": -33093000,
      "opex": -102464000,
      "cogs": 20279000,
      "rd": null,
      "sga": 28567000,
      "fcf": -30078000,
      "ocf": -27586000,
      "capex": -2492000,
      "gross_margin": -0.3437810615598701,
      "op_margin": -2.2367636339540122,
      "fcf_margin": -1.9931084752501491,
      "incr_op_margin_yoy": 7.758760939894432,
      "rev_growth_yoy": 0.6371230201779128,
      "rev_growth_yoy_accel": 1.0834107547441352,
      "op_leverage_ratio": Infinity,
      "fcf_margin_change": 0.1527657880111477
    },
    {
      "date": "2024-03-31T00:00:00",
      "quarter_label": "2024-03 (Q1)",
      "revenue": 4978000,
      "gross_profit": -4127000,
      "operating_income": -30422000,
      "net_income": -23644000,
      "opex": 35400000,
      "cogs": 9105000,
      "rd": null,
      "sga": 26295000,
      "fcf": -26165000,
      "ocf": -22926000,
      "capex": -3239000,
      "gross_margin": -0.8290478103656087,
      "op_margin": -6.111289674568099,
      "fcf_margin": -5.2561269586179185,
      "incr_op_margin_yoy": 1.9809626436781609,
      "rev_growth_yoy": -0.3586704457614017,
      "rev_growth_yoy_accel": -0.9957934659393145,
      "fcf_margin_change": -3.2630184833677696
    },
    {
      "date": "2024-06-30T00:00:00",
      "quarter_label": "2024-06 (Q2)",
      "revenue": 6449000,
      "gross_profit": -1782000,
      "operating_income": -28165000,
      "net_income": -24805000,
      "opex": 34614000,
      "cogs": 8231000,
      "rd": null,
      "sga": 26383000,
      "fcf": -27801000,
      "ocf": -25960000,
      "capex": -1841000,
      "gross_margin": -0.27632191037370135,
      "op_margin": -4.367343774228562,
      "fcf_margin": -4.310900914870523,
      "rev_growth_yoy": -0.08212354113293481,
      "rev_growth_yoy_accel": 0.2765469046284669,
      "op_leverage_ratio": Infinity,
      "fcf_margin_change": 0.9452260437473958
    },
    {
      "date": "2024-09-30T00:00:00",
      "quarter_label": "2024-09 (Q3)",
      "revenue": 4445000,
      "gross_profit": -1520000,
      "operating_income": -26525000,
      "net_income": -22694000,
      "opex": 30970000,
      "cogs": 5965000,
      "rd": null,
      "sga": 25005000,
      "fcf": -24685000,
      "ocf": -23104000,
      "capex": -1581000,
      "gross_margin": -0.34195725534308213,
      "op_margin": -5.967379077615298,
      "fcf_margin": -5.553430821147357,
      "incr_op_margin_yoy": 0.3195458231954582,
      "rev_growth_yoy": -0.45419941060903735,
      "rev_growth_yoy_accel": -0.37207586947610255,
      "fcf_margin_change": -1.2425299062768342
    },
    {
      "date": "2024-12-31T00:00:00",
      "quarter_label": "2024-12 (Q4)",
      "revenue": 10761000,
      "gross_profit": -5354000,
      "operating_income": -25244000,
      "net_income": -22782000,
      "opex": 36005000,
      "cogs": 16115000,
      "rd": null,
      "sga": 19890000,
      "fcf": -23276000,
      "ocf": -21869000,
      "capex": -1407000,
      "gross_margin": -0.49753740358702725,
      "op_margin": -2.345878635814515,
      "fcf_margin": -2.162996004088839,
      "incr_op_margin_yoy": -1.9655889145496537,
      "rev_growth_yoy": -0.2869259823736002,
      "rev_growth_yoy_accel": 0.16727342823543717,
      "op_leverage_ratio": 8.740013158732518,
      "fcf_margin_change": 3.3904348170585177
    },
    {
      "date": "2025-03-31T00:00:00",
      "quarter_label": "2025-03 (Q1)",
      "revenue": 2743000,
      "gross_profit": -2168000,
      "operating_income": -20666000,
      "net_income": -19271000,
      "opex": 23409000,
      "cogs": 4911000,
      "rd": null,
      "sga": 18498000,
      "fcf": -18103000,
      "ocf": -17490000,
      "capex": -613000,
      "gross_margin": -0.7903755012759752,
      "op_margin": -7.534086766314254,
      "fcf_margin": -6.599708348523515,
      "incr_op_margin_yoy": -4.365100671140939,
      "rev_growth_yoy": -0.44897549216552834,
      "rev_growth_yoy_accel": -0.16204950979192817,
      "fcf_margin_change": -4.436712344434675
    },
    {
      "date": "2025-06-30T00:00:00",
      "quarter_label": "2025-06 (Q2)",
      "revenue": 5873000,
      "gross_profit": 549000,
      "operating_income": -18264000,
      "net_income": -18826000,
      "opex": 24137000,
      "cogs": 5324000,
      "rd": null,
      "sga": 18813000,
      "fcf": -16307000,
      "ocf": -14877000,
      "capex": -1430000,
      "gross_margin": 0.0934786310233271,
      "op_margin": -3.1098246211476246,
      "fcf_margin": -2.776604801634599,
      "rev_growth_yoy": -0.08931617305008528,
      "rev_growth_yoy_accel": 0.3596593191154431,
      "op_leverage_ratio": 36.69188403648849,
      "fcf_margin_change": 3.8231035468889156
    },
    {
      "date": "2025-09-30T00:00:00",
      "quarter_label": "2025-09 (Q3)",
      "revenue": 5701000,
      "gross_profit": -2901000,
      "operating_income": -18812000,
      "net_income": -19395000,
      "opex": 24513000,
      "cogs": 8602000,
      "rd": null,
      "sga": 15911000,
      "fcf": -14016000,
      "ocf": -13281000,
      "capex": -735000,
      "gross_margin": -0.5088580950710402,
      "op_margin": -3.2997719698298544,
      "fcf_margin": -2.4585160498158216,
      "incr_op_margin_yoy": 6.140923566878981,
      "rev_growth_yoy": 0.28256467941507313,
      "rev_growth_yoy_accel": 0.3718808524651584,
      "fcf_margin_change": 0.3180887518187774
    }
  ],
  "signals": [
    {
      "quarter": "2025-09 (Q3)",
      "signal": "FCF MARGIN EXPANSION",
      "detail": "FCF margin: -277.7% -> -245.9% (+31.8%)",
      "severity": "MEDIUM"
    },
    {
      "quarter": "2025-09 (Q3)",
      "signal": "YoY REVENUE GROWTH ACCELERATION",
      "detail": "YoY growth: +28.3% vs prior quarter YoY: -8.9% (accel: +37.2%)",
      "severity": "HIGH"
    },
    {
      "quarter": "2025-06 (Q2)",
      "signal": "FCF MARGIN EXPANSION",
      "detail": "FCF margin: -660.0% -> -277.7% (+382.3%)",
      "severity": "MEDIUM"
    },
    {
      "quarter": "2025-06 (Q2)",
      "signal": "OPERATING LEVERAGE",
      "detail": "Rev growth +114.1% vs OpEx growth +3.1% (leverage: 36.7x)",
      "severity": "MEDIUM"
    },
    {
      "quarter": "2025-06 (Q2)",
      "signal": "GROSS MARGIN INFLECTION",
      "detail": "GM: -49.8% -> -79.0% -> +9.3% (reversal +88.4%)",
      "severity": "HIGH"
    },
    {
      "quarter": "2025-06 (Q2)",
      "signal": "YoY REVENUE GROWTH ACCELERATION",
      "detail": "YoY growth: -8.9% vs prior quarter YoY: -44.9% (accel: +36.0%)",
      "severity": "HIGH"
    },
    {
      "quarter": "2025-03 (Q1)",
      "signal": "YoY REVENUE GROWTH DECELERATION",
      "detail": "YoY growth: -44.9% vs prior quarter YoY: -28.7% (decel: -16.2%)",
      "severity": "WARNING"
    },
    {
      "quarter": "2024-12 (Q4)",
      "signal": "FCF MARGIN EXPANSION",
      "detail": "FCF margin: -555.3% -> -216.3% (+339.0%)",
      "severity": "MEDIUM"
    },
    {
      "quarter": "2024-12 (Q4)",
      "signal": "OPERATING LEVERAGE",
      "detail": "Rev growth +142.1% vs OpEx growth +16.3% (leverage: 8.7x)",
      "severity": "MEDIUM"
    },
    {
      "quarter": "2024-12 (Q4)",
      "signal": "YoY REVENUE GROWTH ACCELERATION",
      "detail": "YoY growth: -28.7% vs prior quarter YoY: -45.4% (accel: +16.7%)",
      "severity": "HIGH"
    },
    {
      "quarter": "2024-09 (Q3)",
      "signal": "YoY REVENUE GROWTH DECELERATION",
      "detail": "YoY growth: -45.4% vs prior quarter YoY: -8.2% (decel: -37.2%)",
      "severity": "WARNING"
    },
    {
      "quarter": "2024-06 (Q2)",
      "signal": "FCF MARGIN EXPANSION",
      "detail": "FCF margin: -525.6% -> -431.1% (+94.5%)",
      "severity": "MEDIUM"
    },
    {
      "quarter": "2024-06 (Q2)",
      "signal": "GROSS MARGIN INFLECTION",
      "detail": "GM: -34.4% -> -82.9% -> -27.6% (reversal +55.3%)",
      "severity": "HIGH"
    },
    {
      "quarter": "2024-06 (Q2)",
      "signal": "YoY REVENUE GROWTH ACCELERATION",
      "detail": "YoY growth: -8.2% vs prior quarter YoY: -35.9% (accel: +27.7%)",
      "severity": "HIGH"
    },
    {
      "quarter": "2024-03 (Q1)",
      "signal": "YoY REVENUE GROWTH DECELERATION",
      "detail": "YoY growth: -35.9% vs prior quarter YoY: +63.7% (decel: -99.6%)",
      "severity": "WARNING"
    },
    {
      "quarter": "2023-12 (Q4)",
      "signal": "FCF MARGIN EXPANSION",
      "detail": "FCF margin: -214.6% -> -199.3% (+15.3%)",
      "severity": "MEDIUM"
    },
    {
      "quarter": "2023-12 (Q4)",
      "signal": "YoY REVENUE GROWTH ACCELERATION",
      "detail": "YoY growth: +63.7% vs prior quarter YoY: -44.6% (accel: +108.3%)",
      "severity": "HIGH"
    },
    {
      "quarter": "2023-09 (Q3)",
      "signal": "FCF MARGIN EXPANSION",
      "detail": "FCF margin: -287.1% -> -214.6% (+72.5%)",
      "severity": "MEDIUM"
    },
    {
      "quarter": "2023-09 (Q3)",
      "signal": "GROSS MARGIN INFLECTION",
      "detail": "GM: +16.3% -> -41.8% -> +13.4% (reversal +55.3%)",
      "severity": "HIGH"
    },
    {
      "quarter": "2023-06 (Q2)",
      "signal": "FCF MARGIN EXPANSION",
      "detail": "FCF margin: -376.2% -> -287.1% (+89.1%)",
      "severity": "MEDIUM"
    },
    {
      "quarter": "2023-06 (Q2)",
      "signal": "YoY REVENUE GROWTH DECELERATION",
      "detail": "YoY growth: -43.8% vs prior quarter YoY: -25.4% (decel: -18.4%)",
      "severity": "WARNING"
    },
    {
      "quarter": "2022-09 (Q3)",
      "signal": "GROSS MARGIN INFLECTION",
      "detail": "GM: +0.5% -> -3.1% -> +6.6% (reversal +9.7%)",
      "severity": "HIGH"
    },
    {
      "quarter": "2022-06 (Q2)",
      "signal": "FCF MARGIN EXPANSION",
      "detail": "FCF margin: -206.9% -> -174.7% (+32.2%)",
      "severity": "MEDIUM"
    }
  ],
  "data_quality": {
    "n_quarters": 15,
    "coverage": {
      "revenue": [
        15,
        15
      ],
      "gross_profit": [
        15,
        15
      ],
      "op_income": [
        15,
        15
      ],
      "fcf": [
        15,
        15
      ]
    },
    "gaps": [],
    "warnings": []
  },
  "market_cap": null,
  "source": "SEC EDGAR",
  "last_updated": "2026-02-02T22:24:17.629776",
  "sector": "Consumer Cyclical",
  "industry": "Auto Manufacturers"
}