{
  "ticker": "LW",
  "name": "Lamb Weston Holdings, Inc.",
  "quarters": [
    {
      "date": "2021-02-28T00:00:00",
      "quarter_label": "2021-02 (Q1)",
      "revenue": 895800000,
      "gross_profit": 196700000,
      "operating_income": 100600000,
      "net_income": 66100000,
      "opex": 96100000,
      "cogs": 699100000,
      "rd": null,
      "sga": 96100000,
      "fcf": 6200000,
      "ocf": 56000000,
      "capex": -49800000,
      "gross_margin": 0.21958026345166332,
      "op_margin": 0.11230185309220808,
      "fcf_margin": 0.006921187765126144
    },
    {
      "date": "2021-05-30T00:00:00",
      "quarter_label": "2021-05 (Q2)",
      "revenue": 1007500000,
      "gross_profit": 198000000,
      "operating_income": 98900000,
      "net_income": 65500000,
      "opex": 99100000,
      "cogs": 809500000,
      "rd": null,
      "sga": 99100000,
      "fcf": 122800000,
      "ocf": 177900000,
      "capex": -55100000,
      "gross_margin": 0.1965260545905707,
      "op_margin": 0.09816377171215881,
      "fcf_margin": 0.12188585607940447,
      "op_leverage_ratio": 3.9943328123837167,
      "fcf_margin_change": 0.11496466831427833
    },
    {
      "date": "2021-08-29T00:00:00",
      "quarter_label": "2021-08 (Q3)",
      "revenue": 984200000,
      "gross_profit": 151300000,
      "operating_income": 60200000,
      "net_income": 29800000,
      "opex": 91100000,
      "cogs": 832900000,
      "rd": null,
      "sga": 91100000,
      "fcf": 82900000,
      "ocf": 161800000,
      "capex": -78900000,
      "gross_margin": 0.15372891688681162,
      "op_margin": 0.06116642958748222,
      "fcf_margin": 0.08423084738874212,
      "fcf_margin_change": -0.03765500869066235
    },
    {
      "date": "2021-11-28T00:00:00",
      "quarter_label": "2021-11 (Q4)",
      "revenue": 1006600000,
      "gross_profit": 205500000,
      "operating_income": 114400000,
      "net_income": 32500000,
      "opex": 91100000,
      "cogs": 801100000,
      "rd": null,
      "sga": 91100000,
      "fcf": -22500000,
      "ocf": 45700000,
      "capex": -68200000,
      "gross_margin": 0.20415259288694615,
      "op_margin": 0.1136499105901053,
      "fcf_margin": -0.022352473673753228,
      "op_leverage_ratio": Infinity,
      "fcf_margin_change": -0.10658332106249535
    },
    {
      "date": "2022-02-27T00:00:00",
      "quarter_label": "2022-02 (Q1)",
      "revenue": 955000000,
      "gross_profit": 221000000,
      "operating_income": 133800000,
      "net_income": 106600000,
      "opex": 87200000,
      "cogs": 734000000,
      "rd": null,
      "sga": 87200000,
      "fcf": -104200000,
      "ocf": -33500000,
      "capex": -70700000,
      "gross_margin": 0.23141361256544501,
      "op_margin": 0.14010471204188482,
      "fcf_margin": -0.10910994764397906,
      "incr_op_margin_yoy": 0.5608108108108109,
      "rev_growth_yoy": 0.0660861799508819,
      "fcf_margin_change": -0.08675747397022583
    },
    {
      "date": "2022-05-29T00:00:00",
      "quarter_label": "2022-05 (Q2)",
      "revenue": 1153100000,
      "gross_profit": 254200000,
      "operating_income": 136000000,
      "net_income": 32000000,
      "opex": 118200000,
      "cogs": 898900000,
      "rd": null,
      "sga": 118200000,
      "fcf": 172300000,
      "ocf": 244600000,
      "capex": -72300000,
      "gross_margin": 0.22044922383141097,
      "op_margin": 0.11794293643222617,
      "fcf_margin": 0.14942329372994537,
      "incr_op_margin_yoy": 0.2548076923076923,
      "rev_growth_yoy": 0.14451612903225808,
      "rev_growth_yoy_accel": 0.07842994908137618,
      "op_leverage_ratio": 0.5834933288295896,
      "fcf_margin_change": 0.2585332413739244
    },
    {
      "date": "2022-08-28T00:00:00",
      "quarter_label": "2022-08 (Q3)",
      "revenue": 1125600000,
      "gross_profit": 273300000,
      "operating_income": 157000000,
      "net_income": 231900000,
      "opex": 116300000,
      "cogs": 852300000,
      "rd": null,
      "sga": 116300000,
      "fcf": 90900000,
      "ocf": 192100000,
      "capex": -101200000,
      "gross_margin": 0.24280383795309168,
      "op_margin": 0.13948116560056859,
      "fcf_margin": 0.08075692963752665,
      "incr_op_margin_yoy": 0.6845827439886846,
      "rev_growth_yoy": 0.14366998577524892,
      "rev_growth_yoy_accel": -0.0008461432570091576,
      "fcf_margin_change": -0.06866636409241872
    },
    {
      "date": "2022-11-27T00:00:00",
      "quarter_label": "2022-11 (Q4)",
      "revenue": 1276500000,
      "gross_profit": 381600000,
      "operating_income": 271800000,
      "net_income": 103100000,
      "opex": 109800000,
      "cogs": 894900000,
      "rd": null,
      "sga": 109800000,
      "fcf": -35800000,
      "ocf": 95900000,
      "capex": -131700000,
      "gross_margin": 0.29894242068155114,
      "op_margin": 0.21292596944770859,
      "fcf_margin": -0.028045436741088916,
      "incr_op_margin_yoy": 0.583178955168581,
      "rev_growth_yoy": 0.26813033975759987,
      "rev_growth_yoy_accel": 0.12446035398235095,
      "op_leverage_ratio": Infinity,
      "fcf_margin_change": -0.10880236637861557
    },
    {
      "date": "2023-02-26T00:00:00",
      "quarter_label": "2023-02 (Q1)",
      "revenue": 1253600000,
      "gross_profit": 397800000,
      "operating_income": 266300000,
      "net_income": 175100000,
      "opex": 131500000,
      "cogs": 855800000,
      "rd": null,
      "sga": 131500000,
      "fcf": -149400000,
      "ocf": 47100000,
      "capex": -196500000,
      "gross_margin": 0.3173261008296107,
      "op_margin": 0.21242820676451818,
      "fcf_margin": -0.11917677089980855,
      "incr_op_margin_yoy": 0.4437374413931681,
      "rev_growth_yoy": 0.31267015706806284,
      "rev_growth_yoy_accel": 0.04453981731046297,
      "fcf_margin_change": -0.09113133415871963
    },
    {
      "date": "2023-05-28T00:00:00",
      "quarter_label": "2023-05 (Q2)",
      "revenue": 1694900000,
      "gross_profit": 379400000,
      "operating_income": 187000000,
      "net_income": 498800000,
      "opex": 192400000,
      "cogs": 1315500000,
      "rd": null,
      "sga": 192400000,
      "fcf": 202000000,
      "ocf": 426600000,
      "capex": -224600000,
      "gross_margin": 0.2238480146321317,
      "op_margin": 0.11033099297893681,
      "fcf_margin": 0.11918107262965366,
      "incr_op_margin_yoy": 0.09413067552602436,
      "rev_growth_yoy": 0.4698638452866187,
      "rev_growth_yoy_accel": 0.15719368821855584,
      "op_leverage_ratio": 0.7601221781761139,
      "fcf_margin_change": 0.2383578435294622
    },
    {
      "date": "2023-08-27T00:00:00",
      "quarter_label": "2023-08 (Q3)",
      "revenue": 1665300000,
      "gross_profit": 499500000,
      "operating_income": 323300000,
      "net_income": 234800000,
      "opex": 176200000,
      "cogs": 1165800000,
      "rd": null,
      "sga": 176200000,
      "fcf": 67300000,
      "ocf": 334600000,
      "capex": -267300000,
      "gross_margin": 0.2999459556836606,
      "op_margin": 0.19413919413919414,
      "fcf_margin": 0.04041313877379451,
      "incr_op_margin_yoy": 0.3081341486010747,
      "rev_growth_yoy": 0.47947761194029853,
      "rev_growth_yoy_accel": 0.009613766653679856,
      "fcf_margin_change": -0.07876793385585915
    },
    {
      "date": "2023-11-26T00:00:00",
      "quarter_label": "2023-11 (Q4)",
      "revenue": 1732100000,
      "gross_profit": 475600000,
      "operating_income": 305600000,
      "net_income": 215000000,
      "opex": 170000000,
      "cogs": 1256500000,
      "rd": null,
      "sga": 170000000,
      "fcf": -119700000,
      "ocf": 120600000,
      "capex": -240300000,
      "gross_margin": 0.2745799896079903,
      "op_margin": 0.17643323133768257,
      "fcf_margin": -0.0691068644997402,
      "incr_op_margin_yoy": 0.07418788410886742,
      "rev_growth_yoy": 0.35691343517430474,
      "rev_growth_yoy_accel": -0.1225641767659938,
      "op_leverage_ratio": Infinity,
      "fcf_margin_change": -0.1095200032735347
    },
    {
      "date": "2024-02-25T00:00:00",
      "quarter_label": "2024-02 (Q1)",
      "revenue": 1458300000,
      "gross_profit": 403700000,
      "operating_income": 223900000,
      "net_income": 146100000,
      "opex": 179800000,
      "cogs": 1054600000,
      "rd": null,
      "sga": 179800000,
      "fcf": -229500000,
      "ocf": 26300000,
      "capex": -255800000,
      "gross_margin": 0.2768291846670781,
      "op_margin": 0.15353493794143866,
      "fcf_margin": -0.1573750257148735,
      "incr_op_margin_yoy": -0.2071323888617489,
      "rev_growth_yoy": 0.16328972559029994,
      "rev_growth_yoy_accel": -0.1936237095840048,
      "fcf_margin_change": -0.0882681612151333
    },
    {
      "date": "2024-05-26T00:00:00",
      "quarter_label": "2024-05 (Q2)",
      "revenue": 1611900000,
      "gross_profit": 387900000,
      "operating_income": 212500000,
      "net_income": 129700000,
      "opex": 175400000,
      "cogs": 1224000000,
      "rd": null,
      "sga": 175400000,
      "fcf": 150600000,
      "ocf": 316700000,
      "capex": -166100000,
      "gross_margin": 0.24064768285873814,
      "op_margin": 0.1318319995036913,
      "fcf_margin": 0.09343011353061605,
      "incr_op_margin_yoy": -0.3072289156626506,
      "rev_growth_yoy": -0.04897044073396661,
      "rev_growth_yoy_accel": -0.21226016632426656,
      "op_leverage_ratio": Infinity,
      "fcf_margin_change": 0.25080513924548953
    },
    {
      "date": "2024-08-25T00:00:00",
      "quarter_label": "2024-08 (Q3)",
      "revenue": 1654100000,
      "gross_profit": 356000000,
      "operating_income": 212100000,
      "net_income": 127400000,
      "opex": 143900000,
      "cogs": 1298100000,
      "rd": null,
      "sga": 143900000,
      "fcf": 4300000,
      "ocf": 330200000,
      "capex": -325900000,
      "gross_margin": 0.21522277975938578,
      "op_margin": 0.1282268303004655,
      "fcf_margin": 0.002599600991475727,
      "incr_op_margin_yoy": 9.928571428571429,
      "rev_growth_yoy": -0.006725514922236234,
      "rev_growth_yoy_accel": 0.04224492581173037,
      "op_leverage_ratio": Infinity,
      "fcf_margin_change": -0.09083051253914032
    },
    {
      "date": "2024-11-24T00:00:00",
      "quarter_label": "2024-11 (Q4)",
      "revenue": 1600900000,
      "gross_profit": 277800000,
      "operating_income": 18500000,
      "net_income": -36100000,
      "opex": 259300000,
      "cogs": 1323100000,
      "rd": null,
      "sga": 184700000,
      "fcf": -49600000,
      "ocf": 99100000,
      "capex": -148700000,
      "gross_margin": 0.173527390842651,
      "op_margin": 0.011555999750140546,
      "fcf_margin": -0.030982572303079516,
      "incr_op_margin_yoy": 2.1882621951219514,
      "rev_growth_yoy": -0.07574620402979043,
      "rev_growth_yoy_accel": -0.0690206891075542,
      "fcf_margin_change": -0.03358217329455524
    },
    {
      "date": "2025-02-23T00:00:00",
      "quarter_label": "2025-02 (Q1)",
      "revenue": 1520500000,
      "gross_profit": 422500000,
      "operating_income": 248700000,
      "net_income": 146000000,
      "opex": 173800000,
      "cogs": 1098000000,
      "rd": null,
      "sga": 164200000,
      "fcf": -19800000,
      "ocf": 56000000,
      "capex": -75800000,
      "gross_margin": 0.27786912199934233,
      "op_margin": 0.16356461690233476,
      "fcf_margin": -0.013022032226241369,
      "incr_op_margin_yoy": 0.3987138263665595,
      "rev_growth_yoy": 0.0426524034835082,
      "rev_growth_yoy_accel": 0.11839860751329863,
      "fcf_margin_change": 0.017960540076838147
    },
    {
      "date": "2025-05-25T00:00:00",
      "quarter_label": "2025-05 (Q2)",
      "revenue": 1675800000,
      "gross_profit": 342300000,
      "operating_income": 185800000,
      "net_income": 119900000,
      "opex": 156500000,
      "cogs": 1333500000,
      "rd": null,
      "sga": 140700000,
      "fcf": 295200000,
      "ocf": 383000000,
      "capex": -87800000,
      "gross_margin": 0.20426065162907267,
      "op_margin": 0.11087241914309584,
      "fcf_margin": 0.1761546723952739,
      "incr_op_margin_yoy": -0.41784037558685444,
      "rev_growth_yoy": 0.039642657733109994,
      "rev_growth_yoy_accel": -0.003009745750398203,
      "op_leverage_ratio": Infinity,
      "fcf_margin_change": 0.18917670462151528
    },
    {
      "date": "2025-08-24T00:00:00",
      "quarter_label": "2025-08 (Q3)",
      "revenue": 1659300000,
      "gross_profit": 342400000,
      "operating_income": 156500000,
      "net_income": 64300000,
      "opex": 185900000,
      "cogs": 1316900000,
      "rd": null,
      "sga": 153600000,
      "fcf": 274400000,
      "ocf": 352000000,
      "capex": -77600000,
      "gross_margin": 0.206352076176701,
      "op_margin": 0.09431688061230639,
      "fcf_margin": 0.16537093955282348,
      "incr_op_margin_yoy": -10.692307692307692,
      "rev_growth_yoy": 0.0031437035245752976,
      "rev_growth_yoy_accel": -0.0364989542085347,
      "fcf_margin_change": -0.010783732842450433
    },
    {
      "date": "2025-11-23T00:00:00",
      "quarter_label": "2025-11 (Q4)",
      "revenue": 1618100000,
      "gross_profit": 324300000,
      "operating_income": 139200000,
      "net_income": 62100000,
      "opex": 185100000,
      "cogs": 1293800000,
      "rd": null,
      "sga": 171000000,
      "fcf": 101000000,
      "ocf": 178400000,
      "capex": -77400000,
      "gross_margin": 0.20042024596749275,
      "op_margin": 0.08602682158086644,
      "fcf_margin": 0.062418886348186146,
      "incr_op_margin_yoy": 7.017441860465116,
      "rev_growth_yoy": 0.010743956524454994,
      "rev_growth_yoy_accel": 0.0076002529998796964,
      "fcf_margin_change": -0.10295205320463732
    }
  ],
  "signals": [
    {
      "quarter": "2025-11 (Q4)",
      "signal": "INCREMENTAL MARGIN (YoY)",
      "detail": "YoY Incr OPM: +701.7% vs year-ago OPM: +1.2%",
      "severity": "HIGH"
    },
    {
      "quarter": "2025-05 (Q2)",
      "signal": "FCF TURNED POSITIVE",
      "detail": "FCF margin: -1.3% -> +17.6%",
      "severity": "HIGH"
    },
    {
      "quarter": "2025-02 (Q1)",
      "signal": "GROSS MARGIN INFLECTION",
      "detail": "GM: +21.5% -> +17.4% -> +27.8% (reversal +10.4%)",
      "severity": "HIGH"
    },
    {
      "quarter": "2025-02 (Q1)",
      "signal": "YoY REVENUE GROWTH ACCELERATION",
      "detail": "YoY growth: +4.3% vs prior quarter YoY: -7.6% (accel: +11.8%)",
      "severity": "MEDIUM"
    },
    {
      "quarter": "2025-02 (Q1)",
      "signal": "INCREMENTAL MARGIN (YoY)",
      "detail": "YoY Incr OPM: +39.9% vs year-ago OPM: +15.4%",
      "severity": "HIGH"
    },
    {
      "quarter": "2024-11 (Q4)",
      "signal": "YoY REVENUE GROWTH DECELERATION",
      "detail": "YoY growth: -7.6% vs prior quarter YoY: -0.7% (decel: -6.9%)",
      "severity": "WARNING"
    },
    {
      "quarter": "2024-11 (Q4)",
      "signal": "INCREMENTAL MARGIN (YoY)",
      "detail": "YoY Incr OPM: +218.8% vs year-ago OPM: +17.6%",
      "severity": "HIGH"
    },
    {
      "quarter": "2024-08 (Q3)",
      "signal": "INCREMENTAL MARGIN (YoY)",
      "detail": "YoY Incr OPM: +992.9% vs year-ago OPM: +19.4%",
      "severity": "HIGH"
    },
    {
      "quarter": "2024-05 (Q2)",
      "signal": "FCF TURNED POSITIVE",
      "detail": "FCF margin: -15.7% -> +9.3%",
      "severity": "HIGH"
    },
    {
      "quarter": "2024-05 (Q2)",
      "signal": "YoY REVENUE GROWTH DECELERATION",
      "detail": "YoY growth: -4.9% vs prior quarter YoY: +16.3% (decel: -21.2%)",
      "severity": "WARNING"
    },
    {
      "quarter": "2024-02 (Q1)",
      "signal": "YoY REVENUE GROWTH DECELERATION",
      "detail": "YoY growth: +16.3% vs prior quarter YoY: +35.7% (decel: -19.4%)",
      "severity": "WARNING"
    },
    {
      "quarter": "2023-11 (Q4)",
      "signal": "YoY REVENUE GROWTH DECELERATION",
      "detail": "YoY growth: +35.7% vs prior quarter YoY: +47.9% (decel: -12.3%)",
      "severity": "WARNING"
    },
    {
      "quarter": "2023-08 (Q3)",
      "signal": "GROSS MARGIN INFLECTION",
      "detail": "GM: +31.7% -> +22.4% -> +30.0% (reversal +7.6%)",
      "severity": "HIGH"
    },
    {
      "quarter": "2023-08 (Q3)",
      "signal": "INCREMENTAL MARGIN (YoY)",
      "detail": "YoY Incr OPM: +30.8% vs year-ago OPM: +13.9%",
      "severity": "MEDIUM"
    },
    {
      "quarter": "2023-05 (Q2)",
      "signal": "FCF TURNED POSITIVE",
      "detail": "FCF margin: -11.9% -> +11.9%",
      "severity": "HIGH"
    },
    {
      "quarter": "2023-05 (Q2)",
      "signal": "YoY REVENUE GROWTH ACCELERATION",
      "detail": "YoY growth: +47.0% vs prior quarter YoY: +31.3% (accel: +15.7%)",
      "severity": "HIGH"
    },
    {
      "quarter": "2023-02 (Q1)",
      "signal": "INCREMENTAL MARGIN (YoY)",
      "detail": "YoY Incr OPM: +44.4% vs year-ago OPM: +14.0%",
      "severity": "HIGH"
    },
    {
      "quarter": "2022-11 (Q4)",
      "signal": "YoY REVENUE GROWTH ACCELERATION",
      "detail": "YoY growth: +26.8% vs prior quarter YoY: +14.4% (accel: +12.4%)",
      "severity": "MEDIUM"
    },
    {
      "quarter": "2022-11 (Q4)",
      "signal": "INCREMENTAL MARGIN (YoY)",
      "detail": "YoY Incr OPM: +58.3% vs year-ago OPM: +11.4%",
      "severity": "HIGH"
    },
    {
      "quarter": "2022-08 (Q3)",
      "signal": "GROSS MARGIN INFLECTION",
      "detail": "GM: +23.1% -> +22.0% -> +24.3% (reversal +2.2%)",
      "severity": "MEDIUM"
    },
    {
      "quarter": "2022-08 (Q3)",
      "signal": "INCREMENTAL MARGIN (YoY)",
      "detail": "YoY Incr OPM: +68.5% vs year-ago OPM: +6.1%",
      "severity": "HIGH"
    },
    {
      "quarter": "2022-05 (Q2)",
      "signal": "FCF TURNED POSITIVE",
      "detail": "FCF margin: -10.9% -> +14.9%",
      "severity": "HIGH"
    },
    {
      "quarter": "2022-05 (Q2)",
      "signal": "YoY REVENUE GROWTH ACCELERATION",
      "detail": "YoY growth: +14.5% vs prior quarter YoY: +6.6% (accel: +7.8%)",
      "severity": "MEDIUM"
    },
    {
      "quarter": "2022-05 (Q2)",
      "signal": "INCREMENTAL MARGIN (YoY)",
      "detail": "YoY Incr OPM: +25.5% vs year-ago OPM: +9.8%",
      "severity": "MEDIUM"
    },
    {
      "quarter": "2022-02 (Q1)",
      "signal": "INCREMENTAL MARGIN (YoY)",
      "detail": "YoY Incr OPM: +56.1% vs year-ago OPM: +11.2%",
      "severity": "HIGH"
    },
    {
      "quarter": "2021-11 (Q4)",
      "signal": "GROSS MARGIN INFLECTION",
      "detail": "GM: +19.7% -> +15.4% -> +20.4% (reversal +5.0%)",
      "severity": "HIGH"
    },
    {
      "quarter": "2021-05 (Q2)",
      "signal": "FCF MARGIN EXPANSION",
      "detail": "FCF margin: +0.7% -> +12.2% (+11.5%)",
      "severity": "MEDIUM"
    },
    {
      "quarter": "2021-05 (Q2)",
      "signal": "OPERATING LEVERAGE",
      "detail": "Rev growth +12.5% vs OpEx growth +3.1% (leverage: 4.0x)",
      "severity": "MEDIUM"
    }
  ],
  "data_quality": {
    "n_quarters": 20,
    "coverage": {
      "revenue": [
        20,
        20
      ],
      "gross_profit": [
        20,
        20
      ],
      "op_income": [
        20,
        20
      ],
      "fcf": [
        20,
        20
      ]
    },
    "gaps": [],
    "warnings": []
  },
  "market_cap": null,
  "source": "SEC EDGAR",
  "last_updated": "2026-02-02T20:54:48.258750"
}