{
  "ticker": "LWAY",
  "name": "LIFEWAY FOODS, INC.",
  "quarters": [
    {
      "date": "2020-12-31T00:00:00",
      "quarter_label": "2020-12 (Q4)",
      "revenue": 25585000,
      "gross_profit": 6431000,
      "operating_income": 630000,
      "net_income": 280000,
      "opex": 5801000,
      "cogs": 19154000,
      "rd": null,
      "sga": null,
      "fcf": 310000,
      "ocf": 1037000,
      "capex": -727000,
      "gross_margin": 0.25135821770568695,
      "op_margin": 0.024623803009575923,
      "fcf_margin": 0.012116474496775454
    },
    {
      "date": "2021-03-31T00:00:00",
      "quarter_label": "2021-03 (Q1)",
      "revenue": 29376000,
      "gross_profit": 8049000,
      "operating_income": 1936000,
      "net_income": 1306000,
      "opex": 6113000,
      "cogs": 21327000,
      "rd": null,
      "sga": null,
      "fcf": 692000,
      "ocf": 1210000,
      "capex": -518000,
      "gross_margin": 0.273999183006536,
      "op_margin": 0.0659041394335512,
      "fcf_margin": 0.023556644880174293,
      "op_leverage_ratio": 2.7549684811312716,
      "fcf_margin_change": 0.011440170383398838
    },
    {
      "date": "2021-06-30T00:00:00",
      "quarter_label": "2021-06 (Q2)",
      "revenue": 29162000,
      "gross_profit": 7677000,
      "operating_income": 2494000,
      "net_income": 1618000,
      "opex": 5183000,
      "cogs": 21485000,
      "rd": null,
      "sga": null,
      "fcf": 1794000,
      "ocf": 2437000,
      "capex": -643000,
      "gross_margin": 0.26325354913929083,
      "op_margin": 0.08552225498936973,
      "fcf_margin": 0.061518414374871405,
      "fcf_margin_change": 0.03796176949469711
    },
    {
      "date": "2021-09-30T00:00:00",
      "quarter_label": "2021-09 (Q3)",
      "revenue": 29553000,
      "gross_profit": 6993000,
      "operating_income": 1044000,
      "net_income": 480000,
      "opex": 5949000,
      "cogs": 22560000,
      "rd": null,
      "sga": null,
      "fcf": 1684000,
      "ocf": 2208000,
      "capex": -524000,
      "gross_margin": 0.23662572327682468,
      "op_margin": 0.03532636280580652,
      "fcf_margin": 0.056982370656109366,
      "op_leverage_ratio": 0.09072184858044278,
      "fcf_margin_change": -0.0045360437187620395
    },
    {
      "date": "2021-12-31T00:00:00",
      "quarter_label": "2021-12 (Q4)",
      "revenue": 30974000,
      "gross_profit": 5991000,
      "operating_income": 406000,
      "net_income": -93000,
      "opex": 5585000,
      "cogs": 24983000,
      "rd": null,
      "sga": null,
      "fcf": -528000,
      "ocf": -291000,
      "capex": -237000,
      "gross_margin": 0.19342028798347,
      "op_margin": 0.013107767805256021,
      "fcf_margin": -0.017046555175308325,
      "incr_op_margin_yoy": -0.041566153275190205,
      "rev_growth_yoy": 0.2106312292358804,
      "op_leverage_ratio": Infinity,
      "fcf_margin_change": -0.0740289258314177
    },
    {
      "date": "2022-03-31T00:00:00",
      "quarter_label": "2022-03 (Q1)",
      "revenue": 34099000,
      "gross_profit": 5580000,
      "operating_income": -1049000,
      "net_income": -895000,
      "opex": 6629000,
      "cogs": 28519000,
      "rd": null,
      "sga": null,
      "fcf": -996000,
      "ocf": -648000,
      "capex": -348000,
      "gross_margin": 0.16364116249743393,
      "op_margin": -0.030763365494589284,
      "fcf_margin": -0.029209067714595735,
      "incr_op_margin_yoy": -0.632013550709295,
      "rev_growth_yoy": 0.1607775054466231,
      "rev_growth_yoy_accel": -0.049853723789257315,
      "op_leverage_ratio": 0.5397285685411098,
      "fcf_margin_change": -0.01216251253928741
    },
    {
      "date": "2022-06-30T00:00:00",
      "quarter_label": "2022-06 (Q2)",
      "revenue": 33491000,
      "gross_profit": 5697000,
      "operating_income": 241000,
      "net_income": 120000,
      "opex": 5456000,
      "cogs": 27794000,
      "rd": null,
      "sga": null,
      "fcf": -1243000,
      "ocf": 119000,
      "capex": -1362000,
      "gross_margin": 0.17010540145113612,
      "op_margin": 0.007195963094562718,
      "fcf_margin": -0.037114448657848374,
      "incr_op_margin_yoy": -0.5204435204435205,
      "rev_growth_yoy": 0.14844660860023318,
      "rev_growth_yoy_accel": -0.01233089684638991,
      "fcf_margin_change": -0.00790538094325264
    },
    {
      "date": "2022-09-30T00:00:00",
      "quarter_label": "2022-09 (Q3)",
      "revenue": 38140000,
      "gross_profit": 7588000,
      "operating_income": 1195000,
      "net_income": 983000,
      "opex": 6393000,
      "cogs": 30552000,
      "rd": null,
      "sga": null,
      "fcf": 3269000,
      "ocf": 4168000,
      "capex": -899000,
      "gross_margin": 0.1989512323020451,
      "op_margin": 0.03133193497640273,
      "fcf_margin": 0.08571054011536444,
      "incr_op_margin_yoy": 0.017584721090019798,
      "rev_growth_yoy": 0.29056271782898524,
      "rev_growth_yoy_accel": 0.14211610922875206,
      "op_leverage_ratio": 0.8082881311843221,
      "fcf_margin_change": 0.12282498877321282
    },
    {
      "date": "2022-12-31T00:00:00",
      "quarter_label": "2022-12 (Q4)",
      "revenue": 35838000,
      "gross_profit": 7921000,
      "operating_income": 1962000,
      "net_income": 716000,
      "opex": 5959000,
      "cogs": 27917000,
      "rd": null,
      "sga": null,
      "fcf": -492000,
      "ocf": 348000,
      "capex": -840000,
      "gross_margin": 0.22102237848094203,
      "op_margin": 0.05474635861376193,
      "fcf_margin": -0.013728444667671187,
      "incr_op_margin_yoy": 0.3199013157894737,
      "rev_growth_yoy": 0.15703493252405243,
      "rev_growth_yoy_accel": -0.1335277853049328,
      "fcf_margin_change": -0.09943898478303563
    },
    {
      "date": "2023-03-31T00:00:00",
      "quarter_label": "2023-03 (Q1)",
      "revenue": 37904000,
      "gross_profit": 8226000,
      "operating_income": 1437000,
      "net_income": 830000,
      "opex": 6789000,
      "cogs": 29678000,
      "rd": null,
      "sga": null,
      "fcf": 1265000,
      "ocf": 3027000,
      "capex": -1762000,
      "gross_margin": 0.21702195018995357,
      "op_margin": 0.03791156606162938,
      "fcf_margin": 0.03337378640776699,
      "incr_op_margin_yoy": 0.6533508541392904,
      "rev_growth_yoy": 0.1115868500542538,
      "rev_growth_yoy_accel": -0.04544808246979863,
      "op_leverage_ratio": 0.4138870566814386,
      "fcf_margin_change": 0.04710223107543818
    },
    {
      "date": "2023-06-30T00:00:00",
      "quarter_label": "2023-06 (Q2)",
      "revenue": 39230000,
      "gross_profit": 11280000,
      "operating_income": 4766000,
      "net_income": 3156000,
      "opex": 6514000,
      "cogs": 27950000,
      "rd": null,
      "sga": null,
      "fcf": 2200000,
      "ocf": 2428000,
      "capex": -228000,
      "gross_margin": 0.287535049706857,
      "op_margin": 0.12148865664032628,
      "fcf_margin": 0.056079530971195515,
      "incr_op_margin_yoy": 0.7884648893535459,
      "rev_growth_yoy": 0.17135946970827984,
      "rev_growth_yoy_accel": 0.05977261965402604,
      "op_leverage_ratio": Infinity,
      "fcf_margin_change": 0.022705744563428526
    },
    {
      "date": "2023-09-30T00:00:00",
      "quarter_label": "2023-09 (Q3)",
      "revenue": 40896000,
      "gross_profit": 11143000,
      "operating_income": 5039000,
      "net_income": 3412000,
      "opex": 6104000,
      "cogs": 29753000,
      "rd": null,
      "sga": null,
      "fcf": 5533000,
      "ocf": 6689000,
      "capex": -1156000,
      "gross_margin": 0.27247163536776214,
      "op_margin": 0.12321498435054773,
      "fcf_margin": 0.13529440532081377,
      "incr_op_margin_yoy": 1.3947750362844702,
      "rev_growth_yoy": 0.07226009438909281,
      "rev_growth_yoy_accel": -0.09909937531918703,
      "op_leverage_ratio": Infinity,
      "fcf_margin_change": 0.07921487434961826
    },
    {
      "date": "2023-12-31T00:00:00",
      "quarter_label": "2023-12 (Q4)",
      "revenue": 42093000,
      "gross_profit": 11792000,
      "operating_income": 5753000,
      "net_income": 3969000,
      "opex": 6039000,
      "cogs": 30301000,
      "rd": null,
      "sga": null,
      "fcf": 3592000,
      "ocf": 4797000,
      "capex": -1205000,
      "gross_margin": 0.2801415912384482,
      "op_margin": 0.13667355617323546,
      "fcf_margin": 0.0853348537761623,
      "incr_op_margin_yoy": 0.6060751398880895,
      "rev_growth_yoy": 0.17453540934203918,
      "rev_growth_yoy_accel": 0.10227531495294637,
      "op_leverage_ratio": Infinity,
      "fcf_margin_change": -0.04995955154465147
    },
    {
      "date": "2024-03-31T00:00:00",
      "quarter_label": "2024-03 (Q1)",
      "revenue": 44634000,
      "gross_profit": 11535000,
      "operating_income": 3564000,
      "net_income": 2426000,
      "opex": 7971000,
      "cogs": 33099000,
      "rd": null,
      "sga": null,
      "fcf": -923000,
      "ocf": 1546000,
      "capex": -2469000,
      "gross_margin": 0.25843527355827395,
      "op_margin": 0.07984944212931845,
      "fcf_margin": -0.020679302773670295,
      "incr_op_margin_yoy": 0.31604754829123327,
      "rev_growth_yoy": 0.17755382017729,
      "rev_growth_yoy_accel": 0.003018410835250812,
      "op_leverage_ratio": 0.1886916548140298,
      "fcf_margin_change": -0.1060141565498326
    },
    {
      "date": "2024-06-30T00:00:00",
      "quarter_label": "2024-06 (Q2)",
      "revenue": 49157000,
      "gross_profit": 13275000,
      "operating_income": 5386000,
      "net_income": 3783000,
      "opex": 7889000,
      "cogs": 35882000,
      "rd": null,
      "sga": null,
      "fcf": 5108000,
      "ocf": 6544000,
      "capex": -1436000,
      "gross_margin": 0.270053095184816,
      "op_margin": 0.10956730475822365,
      "fcf_margin": 0.1039119555709258,
      "incr_op_margin_yoy": 0.06245592827641785,
      "rev_growth_yoy": 0.2530461381595718,
      "rev_growth_yoy_accel": 0.07549231798228179,
      "op_leverage_ratio": Infinity,
      "fcf_margin_change": 0.1245912583445961
    },
    {
      "date": "2024-09-30T00:00:00",
      "quarter_label": "2024-09 (Q3)",
      "revenue": 46095000,
      "gross_profit": 11867000,
      "operating_income": 4189000,
      "net_income": 2976000,
      "opex": 7678000,
      "cogs": 34228000,
      "rd": null,
      "sga": null,
      "fcf": 5911000,
      "ocf": 7451000,
      "capex": -1540000,
      "gross_margin": 0.25744657771992624,
      "op_margin": 0.09087753552446036,
      "fcf_margin": 0.12823516650395922,
      "incr_op_margin_yoy": -0.16349297941911906,
      "rev_growth_yoy": 0.12712734741784038,
      "rev_growth_yoy_accel": -0.1259187907417314,
      "fcf_margin_change": 0.024323210933033412
    },
    {
      "date": "2024-12-31T00:00:00",
      "quarter_label": "2024-12 (Q4)",
      "revenue": 46934000,
      "gross_profit": 11897000,
      "operating_income": 713000,
      "net_income": -160000,
      "opex": 11184000,
      "cogs": 35037000,
      "rd": null,
      "sga": null,
      "fcf": -3831000,
      "ocf": -2579000,
      "capex": -1252000,
      "gross_margin": 0.25348361528955554,
      "op_margin": 0.015191545574636724,
      "fcf_margin": -0.08162526100481528,
      "incr_op_margin_yoy": -1.0411072092542863,
      "rev_growth_yoy": 0.11500724586035684,
      "rev_growth_yoy_accel": -0.01212010155748354,
      "op_leverage_ratio": 0.03986064643525267,
      "fcf_margin_change": -0.20986042750877448
    },
    {
      "date": "2025-03-31T00:00:00",
      "quarter_label": "2025-03 (Q1)",
      "revenue": 46091000,
      "gross_profit": 11035000,
      "operating_income": 1574000,
      "net_income": 3540000,
      "opex": 9461000,
      "cogs": 35056000,
      "rd": null,
      "sga": null,
      "fcf": -2369000,
      "ocf": -150000,
      "capex": -2219000,
      "gross_margin": 0.23941767373239894,
      "op_margin": 0.03414983402399601,
      "fcf_margin": -0.05139832071337137,
      "incr_op_margin_yoy": -1.3658201784488675,
      "rev_growth_yoy": 0.03264327642604293,
      "rev_growth_yoy_accel": -0.0823639694343139,
      "fcf_margin_change": 0.030226940291443904
    },
    {
      "date": "2025-06-30T00:00:00",
      "quarter_label": "2025-06 (Q2)",
      "revenue": 53901000,
      "gross_profit": 15400000,
      "operating_income": 5795000,
      "net_income": 4249000,
      "opex": 9605000,
      "cogs": 38501000,
      "rd": null,
      "sga": null,
      "fcf": 1605000,
      "ocf": 3912000,
      "capex": -2307000,
      "gross_margin": 0.285708984991002,
      "op_margin": 0.1075119200014842,
      "fcf_margin": 0.029776813046140146,
      "incr_op_margin_yoy": 0.0862141652613828,
      "rev_growth_yoy": 0.0965071098724495,
      "rev_growth_yoy_accel": 0.06386383344640656,
      "op_leverage_ratio": 11.132929361962688,
      "fcf_margin_change": 0.08117513375951152
    },
    {
      "date": "2025-09-30T00:00:00",
      "quarter_label": "2025-09 (Q3)",
      "revenue": 57143000,
      "gross_profit": 16408000,
      "operating_income": 5040000,
      "net_income": 3529000,
      "opex": 11368000,
      "cogs": 40735000,
      "rd": null,
      "sga": null,
      "fcf": 1770000,
      "ocf": 6919000,
      "capex": -5149000,
      "gross_margin": 0.28713928215179463,
      "op_margin": 0.08819977950055125,
      "fcf_margin": 0.03097492256269359,
      "incr_op_margin_yoy": 0.07702751629254163,
      "rev_growth_yoy": 0.2396789239613841,
      "rev_growth_yoy_accel": 0.1431718140889346,
      "op_leverage_ratio": 0.3276885335768671,
      "fcf_margin_change": 0.0011981095165534451
    }
  ],
  "signals": [
    {
      "quarter": "2025-09 (Q3)",
      "signal": "YoY REVENUE GROWTH ACCELERATION",
      "detail": "YoY growth: +24.0% vs prior quarter YoY: +9.7% (accel: +14.3%)",
      "severity": "MEDIUM"
    },
    {
      "quarter": "2025-06 (Q2)",
      "signal": "FCF TURNED POSITIVE",
      "detail": "FCF margin: -5.1% -> +3.0%",
      "severity": "HIGH"
    },
    {
      "quarter": "2025-06 (Q2)",
      "signal": "OPERATING LEVERAGE",
      "detail": "Rev growth +16.9% vs OpEx growth +1.5% (leverage: 11.1x)",
      "severity": "MEDIUM"
    },
    {
      "quarter": "2025-06 (Q2)",
      "signal": "GROSS MARGIN INFLECTION",
      "detail": "GM: +25.3% -> +23.9% -> +28.6% (reversal +4.6%)",
      "severity": "MEDIUM"
    },
    {
      "quarter": "2025-06 (Q2)",
      "signal": "YoY REVENUE GROWTH ACCELERATION",
      "detail": "YoY growth: +9.7% vs prior quarter YoY: +3.3% (accel: +6.4%)",
      "severity": "MEDIUM"
    },
    {
      "quarter": "2025-03 (Q1)",
      "signal": "YoY REVENUE GROWTH DECELERATION",
      "detail": "YoY growth: +3.3% vs prior quarter YoY: +11.5% (decel: -8.2%)",
      "severity": "WARNING"
    },
    {
      "quarter": "2024-09 (Q3)",
      "signal": "YoY REVENUE GROWTH DECELERATION",
      "detail": "YoY growth: +12.7% vs prior quarter YoY: +25.3% (decel: -12.6%)",
      "severity": "WARNING"
    },
    {
      "quarter": "2024-06 (Q2)",
      "signal": "FCF TURNED POSITIVE",
      "detail": "FCF margin: -2.1% -> +10.4%",
      "severity": "HIGH"
    },
    {
      "quarter": "2024-06 (Q2)",
      "signal": "YoY REVENUE GROWTH ACCELERATION",
      "detail": "YoY growth: +25.3% vs prior quarter YoY: +17.8% (accel: +7.5%)",
      "severity": "MEDIUM"
    },
    {
      "quarter": "2024-03 (Q1)",
      "signal": "INCREMENTAL MARGIN (YoY)",
      "detail": "YoY Incr OPM: +31.6% vs year-ago OPM: +3.8%",
      "severity": "HIGH"
    },
    {
      "quarter": "2023-12 (Q4)",
      "signal": "YoY REVENUE GROWTH ACCELERATION",
      "detail": "YoY growth: +17.5% vs prior quarter YoY: +7.2% (accel: +10.2%)",
      "severity": "MEDIUM"
    },
    {
      "quarter": "2023-12 (Q4)",
      "signal": "INCREMENTAL MARGIN (YoY)",
      "detail": "YoY Incr OPM: +60.6% vs year-ago OPM: +5.5%",
      "severity": "HIGH"
    },
    {
      "quarter": "2023-09 (Q3)",
      "signal": "FCF MARGIN EXPANSION",
      "detail": "FCF margin: +5.6% -> +13.5% (+7.9%)",
      "severity": "MEDIUM"
    },
    {
      "quarter": "2023-09 (Q3)",
      "signal": "YoY REVENUE GROWTH DECELERATION",
      "detail": "YoY growth: +7.2% vs prior quarter YoY: +17.1% (decel: -9.9%)",
      "severity": "WARNING"
    },
    {
      "quarter": "2023-09 (Q3)",
      "signal": "INCREMENTAL MARGIN (YoY)",
      "detail": "YoY Incr OPM: +139.5% vs year-ago OPM: +3.1%",
      "severity": "HIGH"
    },
    {
      "quarter": "2023-06 (Q2)",
      "signal": "GROSS MARGIN INFLECTION",
      "detail": "GM: +22.1% -> +21.7% -> +28.8% (reversal +7.1%)",
      "severity": "HIGH"
    },
    {
      "quarter": "2023-06 (Q2)",
      "signal": "YoY REVENUE GROWTH ACCELERATION",
      "detail": "YoY growth: +17.1% vs prior quarter YoY: +11.2% (accel: +6.0%)",
      "severity": "MEDIUM"
    },
    {
      "quarter": "2023-06 (Q2)",
      "signal": "INCREMENTAL MARGIN (YoY)",
      "detail": "YoY Incr OPM: +78.8% vs year-ago OPM: +0.7%",
      "severity": "HIGH"
    },
    {
      "quarter": "2023-03 (Q1)",
      "signal": "FCF TURNED POSITIVE",
      "detail": "FCF margin: -1.4% -> +3.3%",
      "severity": "HIGH"
    },
    {
      "quarter": "2023-03 (Q1)",
      "signal": "OP MARGIN TURNED POSITIVE (YoY)",
      "detail": "Op margin: -3.1% (year-ago) -> +3.8%",
      "severity": "HIGH"
    },
    {
      "quarter": "2022-12 (Q4)",
      "signal": "YoY REVENUE GROWTH DECELERATION",
      "detail": "YoY growth: +15.7% vs prior quarter YoY: +29.1% (decel: -13.4%)",
      "severity": "WARNING"
    },
    {
      "quarter": "2022-12 (Q4)",
      "signal": "INCREMENTAL MARGIN (YoY)",
      "detail": "YoY Incr OPM: +32.0% vs year-ago OPM: +1.3%",
      "severity": "HIGH"
    },
    {
      "quarter": "2022-09 (Q3)",
      "signal": "FCF TURNED POSITIVE",
      "detail": "FCF margin: -3.7% -> +8.6%",
      "severity": "HIGH"
    },
    {
      "quarter": "2022-09 (Q3)",
      "signal": "YoY REVENUE GROWTH ACCELERATION",
      "detail": "YoY growth: +29.1% vs prior quarter YoY: +14.8% (accel: +14.2%)",
      "severity": "MEDIUM"
    },
    {
      "quarter": "2022-06 (Q2)",
      "signal": "OP MARGIN TURNED POSITIVE (QoQ)",
      "detail": "Op margin: -3.1% -> +0.7%",
      "severity": "HIGH"
    },
    {
      "quarter": "2021-03 (Q1)",
      "signal": "OPERATING LEVERAGE",
      "detail": "Rev growth +14.8% vs OpEx growth +5.4% (leverage: 2.8x)",
      "severity": "MEDIUM"
    }
  ],
  "data_quality": {
    "n_quarters": 20,
    "coverage": {
      "revenue": [
        20,
        20
      ],
      "gross_profit": [
        20,
        20
      ],
      "op_income": [
        20,
        20
      ],
      "fcf": [
        20,
        20
      ]
    },
    "gaps": [],
    "warnings": []
  },
  "market_cap": null,
  "source": "SEC EDGAR",
  "last_updated": "2026-02-02T22:41:51.993883",
  "sector": "Consumer Defensive",
  "industry": "Packaged Foods"
}