{
  "ticker": "LXFR",
  "name": "Luxfer Holdings PLC",
  "quarters": [
    {
      "date": "2020-12-31T00:00:00",
      "quarter_label": "2020-12 (Q4)",
      "revenue": 82100000,
      "gross_profit": 19900000,
      "operating_income": 8400000,
      "net_income": 7100000,
      "opex": 11500000,
      "cogs": 21800000,
      "rd": 700000,
      "sga": 5400000,
      "fcf": 10700000,
      "ocf": 12900000,
      "capex": -2200000,
      "gross_margin": 0.24238733252131547,
      "op_margin": 0.1023142509135201,
      "fcf_margin": 0.13032886723507917
    },
    {
      "date": "2021-03-28T00:00:00",
      "quarter_label": "2021-03 (Q1)",
      "revenue": 85200000,
      "gross_profit": 25200000,
      "operating_income": 11100000,
      "net_income": 14500000,
      "opex": 14100000,
      "cogs": 60000000,
      "rd": 800000,
      "sga": 10600000,
      "fcf": 13800000,
      "ocf": 15200000,
      "capex": -1400000,
      "gross_margin": 0.29577464788732394,
      "op_margin": 0.13028169014084506,
      "fcf_margin": 0.1619718309859155,
      "op_leverage_ratio": 0.16701021268621757,
      "fcf_margin_change": 0.031642963750836334
    },
    {
      "date": "2021-06-27T00:00:00",
      "quarter_label": "2021-06 (Q2)",
      "revenue": 99000000,
      "gross_profit": 25900000,
      "operating_income": 11500000,
      "net_income": 11000000,
      "opex": 14400000,
      "cogs": 73100000,
      "rd": 800000,
      "sga": 12700000,
      "fcf": 7000000,
      "ocf": 9200000,
      "capex": -2200000,
      "gross_margin": 0.26161616161616164,
      "op_margin": 0.11616161616161616,
      "fcf_margin": 0.0707070707070707,
      "op_leverage_ratio": 7.612676056338029,
      "fcf_margin_change": -0.0912647602788448
    },
    {
      "date": "2021-09-26T00:00:00",
      "quarter_label": "2021-09 (Q3)",
      "revenue": 91200000,
      "gross_profit": 21100000,
      "operating_income": 8100000,
      "net_income": 4800000,
      "opex": 13000000,
      "cogs": 70100000,
      "rd": 1300000,
      "sga": 10600000,
      "fcf": 7700000,
      "ocf": 9700000,
      "capex": -2000000,
      "gross_margin": 0.23135964912280702,
      "op_margin": 0.08881578947368421,
      "fcf_margin": 0.08442982456140351,
      "fcf_margin_change": 0.013722753854332803
    },
    {
      "date": "2021-12-31T00:00:00",
      "quarter_label": "2021-12 (Q4)",
      "revenue": 98700000,
      "gross_profit": 23800000,
      "operating_income": 5500000,
      "net_income": -400000,
      "opex": 18300000,
      "cogs": 74900000,
      "rd": 1000000,
      "sga": 13400000,
      "fcf": -11500000,
      "ocf": -8000000,
      "capex": -3500000,
      "gross_margin": 0.24113475177304963,
      "op_margin": 0.05572441742654509,
      "fcf_margin": -0.11651469098277609,
      "incr_op_margin_yoy": -0.1746987951807229,
      "rev_growth_yoy": 0.20219244823386115,
      "op_leverage_ratio": 0.20171300893743796,
      "fcf_margin_change": -0.20094451554417958
    },
    {
      "date": "2022-03-27T00:00:00",
      "quarter_label": "2022-03 (Q1)",
      "revenue": 97000000,
      "gross_profit": 24200000,
      "operating_income": 10600000,
      "net_income": 7600000,
      "opex": 13600000,
      "cogs": 72800000,
      "rd": 1300000,
      "sga": 10700000,
      "fcf": -10300000,
      "ocf": -9300000,
      "capex": -1000000,
      "gross_margin": 0.24948453608247423,
      "op_margin": 0.10927835051546392,
      "fcf_margin": -0.10618556701030928,
      "incr_op_margin_yoy": -0.0423728813559322,
      "rev_growth_yoy": 0.13849765258215962,
      "rev_growth_yoy_accel": -0.06369479565170152,
      "fcf_margin_change": 0.010329123972466811
    },
    {
      "date": "2022-06-26T00:00:00",
      "quarter_label": "2022-06 (Q2)",
      "revenue": 109500000,
      "gross_profit": 25700000,
      "operating_income": 12600000,
      "net_income": 9300000,
      "opex": 13100000,
      "cogs": 83800000,
      "rd": 1200000,
      "sga": 11500000,
      "fcf": 600000,
      "ocf": 2500000,
      "capex": -1900000,
      "gross_margin": 0.23470319634703196,
      "op_margin": 0.11506849315068493,
      "fcf_margin": 0.005479452054794521,
      "incr_op_margin_yoy": 0.10476190476190476,
      "rev_growth_yoy": 0.10606060606060606,
      "rev_growth_yoy_accel": -0.03243704652155356,
      "op_leverage_ratio": Infinity,
      "fcf_margin_change": 0.1116650190651038
    },
    {
      "date": "2022-09-25T00:00:00",
      "quarter_label": "2022-09 (Q3)",
      "revenue": 100200000,
      "gross_profit": 23200000,
      "operating_income": 11600000,
      "net_income": 8000000,
      "opex": 11600000,
      "cogs": 77000000,
      "rd": 1000000,
      "sga": 10300000,
      "fcf": 1300000,
      "ocf": 3600000,
      "capex": -2300000,
      "gross_margin": 0.2315369261477046,
      "op_margin": 0.1157684630738523,
      "fcf_margin": 0.012974051896207584,
      "incr_op_margin_yoy": 0.3888888888888889,
      "rev_growth_yoy": 0.09868421052631579,
      "rev_growth_yoy_accel": -0.007376395534290273,
      "fcf_margin_change": 0.007494599841413064
    },
    {
      "date": "2022-12-31T00:00:00",
      "quarter_label": "2022-12 (Q4)",
      "revenue": 116700000,
      "gross_profit": 21900000,
      "operating_income": 10000000,
      "net_income": 2000000,
      "opex": 11900000,
      "cogs": 94800000,
      "rd": 1400000,
      "sga": 10600000,
      "fcf": 16000000,
      "ocf": 19100000,
      "capex": -3100000,
      "gross_margin": 0.18766066838046272,
      "op_margin": 0.0856898029134533,
      "fcf_margin": 0.13710368466152528,
      "incr_op_margin_yoy": 0.25,
      "rev_growth_yoy": 0.182370820668693,
      "rev_growth_yoy_accel": 0.08368661014237722,
      "op_leverage_ratio": 6.367265469061876,
      "fcf_margin_change": 0.1241296327653177
    },
    {
      "date": "2023-04-02T00:00:00",
      "quarter_label": "2023-04 (Q2)",
      "revenue": 101300000,
      "gross_profit": 21100000,
      "operating_income": 7100000,
      "net_income": 500000,
      "opex": 14000000,
      "cogs": 80200000,
      "rd": 1200000,
      "sga": 12500000,
      "fcf": -16400000,
      "ocf": -14400000,
      "capex": -2000000,
      "gross_margin": 0.20829220138203355,
      "op_margin": 0.0700888450148075,
      "fcf_margin": -0.16189536031589338,
      "incr_op_margin_yoy": -0.813953488372093,
      "rev_growth_yoy": 0.0443298969072165,
      "rev_growth_yoy_accel": -0.1380409237614765,
      "fcf_margin_change": -0.2989990449774187
    },
    {
      "date": "2023-07-02T00:00:00",
      "quarter_label": "2023-07 (Q3)",
      "revenue": 110400000,
      "gross_profit": 24200000,
      "operating_income": 7900000,
      "net_income": 4700000,
      "opex": 16300000,
      "cogs": 86200000,
      "rd": 1000000,
      "sga": 12800000,
      "fcf": 10300000,
      "ocf": 13200000,
      "capex": -2900000,
      "gross_margin": 0.21920289855072464,
      "op_margin": 0.07155797101449275,
      "fcf_margin": 0.09329710144927536,
      "rev_growth_yoy": 0.00821917808219178,
      "rev_growth_yoy_accel": -0.036110718825024715,
      "op_leverage_ratio": 0.5468045838877205,
      "fcf_margin_change": 0.25519246176516874
    },
    {
      "date": "2023-10-01T00:00:00",
      "quarter_label": "2023-10 (Q4)",
      "revenue": 97400000,
      "gross_profit": 14600000,
      "operating_income": 500000,
      "net_income": -1300000,
      "opex": 14100000,
      "cogs": 82800000,
      "rd": 1200000,
      "sga": 11300000,
      "fcf": 8900000,
      "ocf": 11500000,
      "capex": -2600000,
      "gross_margin": 0.14989733059548255,
      "op_margin": 0.00513347022587269,
      "fcf_margin": 0.09137577002053388,
      "incr_op_margin_yoy": 3.9642857142857144,
      "rev_growth_yoy": -0.027944111776447105,
      "rev_growth_yoy_accel": -0.03616328985863888,
      "fcf_margin_change": -0.001921331428741485
    },
    {
      "date": "2023-12-31T00:00:00",
      "quarter_label": "2023-12 (Q4)",
      "revenue": 95900000,
      "gross_profit": 16700000,
      "operating_income": -11300000,
      "net_income": -5800000,
      "opex": 28000000,
      "cogs": 79200000,
      "rd": 1200000,
      "sga": 12100000,
      "fcf": 14100000,
      "ocf": 16000000,
      "capex": -1900000,
      "gross_margin": 0.17413972888425444,
      "op_margin": -0.11783107403545359,
      "fcf_margin": 0.1470281543274244,
      "incr_op_margin_yoy": 1.0240384615384615,
      "rev_growth_yoy": -0.17823479005998286,
      "rev_growth_yoy_accel": -0.15029067828353576,
      "fcf_margin_change": 0.05565238430689051
    },
    {
      "date": "2024-03-31T00:00:00",
      "quarter_label": "2024-03 (Q1)",
      "revenue": 89400000,
      "gross_profit": 18400000,
      "operating_income": 4900000,
      "net_income": 2700000,
      "opex": 13500000,
      "cogs": 71000000,
      "rd": 1200000,
      "sga": 11600000,
      "fcf": 2300000,
      "ocf": 3700000,
      "capex": -1400000,
      "gross_margin": 0.2058165548098434,
      "op_margin": 0.05480984340044743,
      "fcf_margin": 0.025727069351230425,
      "incr_op_margin_yoy": 0.18487394957983194,
      "rev_growth_yoy": -0.11747285291214216,
      "rev_growth_yoy_accel": 0.0607619371478407,
      "fcf_margin_change": -0.12130108497619396
    },
    {
      "date": "2024-06-30T00:00:00",
      "quarter_label": "2024-06 (Q2)",
      "revenue": 99700000,
      "gross_profit": 22000000,
      "operating_income": 3800000,
      "net_income": -500000,
      "opex": 18200000,
      "cogs": 77700000,
      "rd": 1100000,
      "sga": 11900000,
      "fcf": 6200000,
      "ocf": 8900000,
      "capex": -2700000,
      "gross_margin": 0.22066198595787362,
      "op_margin": 0.03811434302908726,
      "fcf_margin": 0.062186559679037114,
      "incr_op_margin_yoy": 0.38317757009345793,
      "rev_growth_yoy": -0.09692028985507246,
      "rev_growth_yoy_accel": 0.020552563057069692,
      "op_leverage_ratio": 0.3309296015993146,
      "fcf_margin_change": 0.03645949032780669
    },
    {
      "date": "2024-09-29T00:00:00",
      "quarter_label": "2024-09 (Q3)",
      "revenue": 99400000,
      "gross_profit": 22400000,
      "operating_income": 17400000,
      "net_income": 12700000,
      "opex": 5000000,
      "cogs": 77000000,
      "rd": 1000000,
      "sga": 11400000,
      "fcf": 9800000,
      "ocf": 13000000,
      "capex": -3200000,
      "gross_margin": 0.22535211267605634,
      "op_margin": 0.1750503018108652,
      "fcf_margin": 0.09859154929577464,
      "incr_op_margin_yoy": 8.45,
      "rev_growth_yoy": 0.02053388090349076,
      "rev_growth_yoy_accel": 0.11745417075856322,
      "fcf_margin_change": 0.03640498961673753
    },
    {
      "date": "2024-12-31T00:00:00",
      "quarter_label": "2024-12 (Q4)",
      "revenue": 103400000,
      "gross_profit": 22900000,
      "operating_income": 4000000,
      "net_income": 3500000,
      "opex": 18900000,
      "cogs": 80500000,
      "rd": 1100000,
      "sga": 13200000,
      "fcf": 22500000,
      "ocf": 25500000,
      "capex": -3000000,
      "gross_margin": 0.22147001934235977,
      "op_margin": 0.03868471953578337,
      "fcf_margin": 0.21760154738878143,
      "incr_op_margin_yoy": 2.04,
      "rev_growth_yoy": 0.07820646506777894,
      "rev_growth_yoy_accel": 0.05767258416428818,
      "op_leverage_ratio": 0.014475341256170116,
      "fcf_margin_change": 0.11900999809300679
    },
    {
      "date": "2025-03-30T00:00:00",
      "quarter_label": "2025-03 (Q1)",
      "revenue": 97000000,
      "gross_profit": 21400000,
      "operating_income": 7600000,
      "net_income": 5500000,
      "opex": 13800000,
      "cogs": 75600000,
      "rd": 1100000,
      "sga": 12600000,
      "fcf": 4200000,
      "ocf": 5400000,
      "capex": -1200000,
      "gross_margin": 0.22061855670103092,
      "op_margin": 0.07835051546391752,
      "fcf_margin": 0.04329896907216495,
      "incr_op_margin_yoy": 0.35526315789473684,
      "rev_growth_yoy": 0.08501118568232663,
      "rev_growth_yoy_accel": 0.006804720614547691,
      "fcf_margin_change": -0.1743025783166165
    },
    {
      "date": "2025-06-29T00:00:00",
      "quarter_label": "2025-06 (Q2)",
      "revenue": 104000000,
      "gross_profit": 24000000,
      "operating_income": 7700000,
      "net_income": 2600000,
      "opex": 16300000,
      "cogs": 80000000,
      "rd": 1100000,
      "sga": 13100000,
      "fcf": -700000,
      "ocf": 1200000,
      "capex": -1900000,
      "gross_margin": 0.23076923076923078,
      "op_margin": 0.07403846153846154,
      "fcf_margin": -0.006730769230769231,
      "incr_op_margin_yoy": 0.9069767441860465,
      "rev_growth_yoy": 0.04312938816449348,
      "rev_growth_yoy_accel": -0.04188179751783315,
      "op_leverage_ratio": 0.3983505154639175,
      "fcf_margin_change": -0.05002973830293418
    },
    {
      "date": "2025-09-28T00:00:00",
      "quarter_label": "2025-09 (Q3)",
      "revenue": 92900000,
      "gross_profit": 21700000,
      "operating_income": 5400000,
      "net_income": 2700000,
      "opex": 16300000,
      "cogs": 71200000,
      "rd": 900000,
      "sga": 10800000,
      "fcf": 10300000,
      "ocf": 11800000,
      "capex": -1500000,
      "gross_margin": 0.23358449946178686,
      "op_margin": 0.0581270182992465,
      "fcf_margin": 0.1108719052744887,
      "incr_op_margin_yoy": 1.8461538461538463,
      "rev_growth_yoy": -0.06539235412474849,
      "rev_growth_yoy_accel": -0.10852174228924197,
      "fcf_margin_change": 0.11760267450525794
    }
  ],
  "signals": [
    {
      "quarter": "2025-09 (Q3)",
      "signal": "FCF TURNED POSITIVE",
      "detail": "FCF margin: -0.7% -> +11.1%",
      "severity": "HIGH"
    },
    {
      "quarter": "2025-09 (Q3)",
      "signal": "YoY REVENUE GROWTH DECELERATION",
      "detail": "YoY growth: -6.5% vs prior quarter YoY: +4.3% (decel: -10.9%)",
      "severity": "WARNING"
    },
    {
      "quarter": "2025-09 (Q3)",
      "signal": "INCREMENTAL MARGIN (YoY)",
      "detail": "YoY Incr OPM: +184.6% vs year-ago OPM: +17.5%",
      "severity": "HIGH"
    },
    {
      "quarter": "2025-06 (Q2)",
      "signal": "INCREMENTAL MARGIN (YoY)",
      "detail": "YoY Incr OPM: +90.7% vs year-ago OPM: +3.8%",
      "severity": "HIGH"
    },
    {
      "quarter": "2025-03 (Q1)",
      "signal": "INCREMENTAL MARGIN (YoY)",
      "detail": "YoY Incr OPM: +35.5% vs year-ago OPM: +5.5%",
      "severity": "HIGH"
    },
    {
      "quarter": "2024-12 (Q4)",
      "signal": "FCF MARGIN EXPANSION",
      "detail": "FCF margin: +9.9% -> +21.8% (+11.9%)",
      "severity": "MEDIUM"
    },
    {
      "quarter": "2024-12 (Q4)",
      "signal": "YoY REVENUE GROWTH ACCELERATION",
      "detail": "YoY growth: +7.8% vs prior quarter YoY: +2.1% (accel: +5.8%)",
      "severity": "MEDIUM"
    },
    {
      "quarter": "2024-12 (Q4)",
      "signal": "OP MARGIN TURNED POSITIVE (YoY)",
      "detail": "Op margin: -11.8% (year-ago) -> +3.9%",
      "severity": "HIGH"
    },
    {
      "quarter": "2024-09 (Q3)",
      "signal": "YoY REVENUE GROWTH ACCELERATION",
      "detail": "YoY growth: +2.1% vs prior quarter YoY: -9.7% (accel: +11.7%)",
      "severity": "MEDIUM"
    },
    {
      "quarter": "2024-09 (Q3)",
      "signal": "INCREMENTAL MARGIN (YoY)",
      "detail": "YoY Incr OPM: +845.0% vs year-ago OPM: +0.5%",
      "severity": "HIGH"
    },
    {
      "quarter": "2024-06 (Q2)",
      "signal": "INCREMENTAL MARGIN (YoY)",
      "detail": "YoY Incr OPM: +38.3% vs year-ago OPM: +7.2%",
      "severity": "HIGH"
    },
    {
      "quarter": "2024-03 (Q1)",
      "signal": "YoY REVENUE GROWTH ACCELERATION",
      "detail": "YoY growth: -11.7% vs prior quarter YoY: -17.8% (accel: +6.1%)",
      "severity": "MEDIUM"
    },
    {
      "quarter": "2024-03 (Q1)",
      "signal": "INCREMENTAL MARGIN (YoY)",
      "detail": "YoY Incr OPM: +18.5% vs year-ago OPM: +7.0%",
      "severity": "MEDIUM"
    },
    {
      "quarter": "2024-03 (Q1)",
      "signal": "OP MARGIN TURNED POSITIVE (QoQ)",
      "detail": "Op margin: -11.8% -> +5.5%",
      "severity": "HIGH"
    },
    {
      "quarter": "2023-12 (Q4)",
      "signal": "FCF MARGIN EXPANSION",
      "detail": "FCF margin: +9.1% -> +14.7% (+5.6%)",
      "severity": "MEDIUM"
    },
    {
      "quarter": "2023-12 (Q4)",
      "signal": "GROSS MARGIN INFLECTION",
      "detail": "GM: +21.9% -> +15.0% -> +17.4% (reversal +2.4%)",
      "severity": "MEDIUM"
    },
    {
      "quarter": "2023-12 (Q4)",
      "signal": "YoY REVENUE GROWTH DECELERATION",
      "detail": "YoY growth: -17.8% vs prior quarter YoY: -2.8% (decel: -15.0%)",
      "severity": "WARNING"
    },
    {
      "quarter": "2023-10 (Q4)",
      "signal": "INCREMENTAL MARGIN (YoY)",
      "detail": "YoY Incr OPM: +396.4% vs year-ago OPM: +11.6%",
      "severity": "HIGH"
    },
    {
      "quarter": "2023-07 (Q3)",
      "signal": "FCF TURNED POSITIVE",
      "detail": "FCF margin: -16.2% -> +9.3%",
      "severity": "HIGH"
    },
    {
      "quarter": "2023-04 (Q2)",
      "signal": "GROSS MARGIN INFLECTION",
      "detail": "GM: +23.2% -> +18.8% -> +20.8% (reversal +2.1%)",
      "severity": "MEDIUM"
    },
    {
      "quarter": "2023-04 (Q2)",
      "signal": "YoY REVENUE GROWTH DECELERATION",
      "detail": "YoY growth: +4.4% vs prior quarter YoY: +18.2% (decel: -13.8%)",
      "severity": "WARNING"
    },
    {
      "quarter": "2022-12 (Q4)",
      "signal": "FCF MARGIN EXPANSION",
      "detail": "FCF margin: +1.3% -> +13.7% (+12.4%)",
      "severity": "MEDIUM"
    },
    {
      "quarter": "2022-12 (Q4)",
      "signal": "OPERATING LEVERAGE",
      "detail": "Rev growth +16.5% vs OpEx growth +2.6% (leverage: 6.4x)",
      "severity": "MEDIUM"
    },
    {
      "quarter": "2022-12 (Q4)",
      "signal": "YoY REVENUE GROWTH ACCELERATION",
      "detail": "YoY growth: +18.2% vs prior quarter YoY: +9.9% (accel: +8.4%)",
      "severity": "MEDIUM"
    },
    {
      "quarter": "2022-12 (Q4)",
      "signal": "INCREMENTAL MARGIN (YoY)",
      "detail": "YoY Incr OPM: +25.0% vs year-ago OPM: +5.6%",
      "severity": "MEDIUM"
    },
    {
      "quarter": "2022-09 (Q3)",
      "signal": "INCREMENTAL MARGIN (YoY)",
      "detail": "YoY Incr OPM: +38.9% vs year-ago OPM: +8.9%",
      "severity": "HIGH"
    },
    {
      "quarter": "2022-06 (Q2)",
      "signal": "FCF TURNED POSITIVE",
      "detail": "FCF margin: -10.6% -> +0.5%",
      "severity": "HIGH"
    },
    {
      "quarter": "2022-03 (Q1)",
      "signal": "YoY REVENUE GROWTH DECELERATION",
      "detail": "YoY growth: +13.8% vs prior quarter YoY: +20.2% (decel: -6.4%)",
      "severity": "WARNING"
    },
    {
      "quarter": "2021-06 (Q2)",
      "signal": "OPERATING LEVERAGE",
      "detail": "Rev growth +16.2% vs OpEx growth +2.1% (leverage: 7.6x)",
      "severity": "MEDIUM"
    }
  ],
  "data_quality": {
    "n_quarters": 20,
    "coverage": {
      "revenue": [
        20,
        20
      ],
      "gross_profit": [
        20,
        20
      ],
      "op_income": [
        20,
        20
      ],
      "fcf": [
        20,
        20
      ]
    },
    "gaps": [],
    "warnings": []
  },
  "market_cap": null,
  "source": "SEC EDGAR",
  "last_updated": "2026-02-02T22:34:02.552207",
  "sector": "Industrials",
  "industry": "Specialty Industrial Machinery"
}