{
  "ticker": "LXRX",
  "name": "Lexicon Pharmaceuticals, Inc.",
  "quarters": [
    {
      "date": "2020-09-30T00:00:00",
      "quarter_label": "2020-09 (Q3)",
      "revenue": 6634000,
      "gross_profit": 6001000,
      "operating_income": null,
      "net_income": null,
      "opex": null,
      "cogs": 633000,
      "rd": null,
      "sga": null,
      "fcf": null,
      "ocf": null,
      "capex": -33000,
      "gross_margin": 0.9045824540247211,
      "op_margin": null,
      "fcf_margin": null
    },
    {
      "date": "2020-12-31T00:00:00",
      "quarter_label": "2020-12 (Q4)",
      "revenue": 199000,
      "gross_profit": 199000,
      "operating_income": -7458000,
      "net_income": -5495000,
      "opex": 7424000,
      "cogs": 0,
      "rd": 992000,
      "sga": null,
      "fcf": -34293000,
      "ocf": -34239000,
      "capex": -54000,
      "gross_margin": 1.0,
      "op_margin": -37.47738693467337,
      "fcf_margin": -172.32663316582915
    },
    {
      "date": "2021-03-31T00:00:00",
      "quarter_label": "2021-03 (Q1)",
      "revenue": 27000,
      "gross_profit": 27000,
      "operating_income": -20839000,
      "net_income": -20958000,
      "opex": 20866000,
      "cogs": 0,
      "rd": 12609000,
      "sga": null,
      "fcf": -25197000,
      "ocf": -25159000,
      "capex": -38000,
      "gross_margin": 1.0,
      "op_margin": -771.8148148148148,
      "fcf_margin": -933.2222222222222,
      "fcf_margin_change": -760.895589056393
    },
    {
      "date": "2021-06-30T00:00:00",
      "quarter_label": "2021-06 (Q2)",
      "revenue": 234000,
      "gross_profit": 234000,
      "operating_income": -17959000,
      "net_income": -18067000,
      "opex": 18193000,
      "cogs": 0,
      "rd": 10257000,
      "sga": null,
      "fcf": -22827000,
      "ocf": -21880000,
      "capex": -947000,
      "gross_margin": 1.0,
      "op_margin": -76.74786324786325,
      "fcf_margin": -97.55128205128206,
      "op_leverage_ratio": Infinity,
      "fcf_margin_change": 835.6709401709401
    },
    {
      "date": "2021-09-30T00:00:00",
      "quarter_label": "2021-09 (Q3)",
      "revenue": 23000,
      "gross_profit": 23000,
      "operating_income": -22962000,
      "net_income": -23122000,
      "opex": 22985000,
      "cogs": 0,
      "rd": 15682000,
      "sga": null,
      "fcf": -17363000,
      "ocf": -17150000,
      "capex": -213000,
      "gross_margin": 1.0,
      "op_margin": -998.3478260869565,
      "fcf_margin": -754.9130434782609,
      "rev_growth_yoy": -0.9965330117576123,
      "fcf_margin_change": -657.3617614269788
    },
    {
      "date": "2021-12-31T00:00:00",
      "quarter_label": "2021-12 (Q4)",
      "revenue": 14000,
      "gross_profit": 14000,
      "operating_income": -25330000,
      "net_income": -25611000,
      "opex": 25344000,
      "cogs": 0,
      "rd": 16498000,
      "sga": null,
      "fcf": -22851000,
      "ocf": -22828000,
      "capex": -23000,
      "gross_margin": 1.0,
      "op_margin": -1809.2857142857142,
      "fcf_margin": -1632.2142857142858,
      "rev_growth_yoy": -0.9296482412060302,
      "rev_growth_yoy_accel": 0.06688477055158215,
      "fcf_margin_change": -877.3012422360249
    },
    {
      "date": "2022-06-30T00:00:00",
      "quarter_label": "2022-06 (Q2)",
      "revenue": 35000,
      "gross_profit": 35000,
      "operating_income": -24007000,
      "net_income": -24587000,
      "opex": -24042000,
      "cogs": 0,
      "rd": 13356000,
      "sga": null,
      "fcf": -24422000,
      "ocf": -24422000,
      "capex": null,
      "gross_margin": 1.0,
      "op_margin": -685.9142857142857,
      "fcf_margin": -697.7714285714286,
      "rev_growth_yoy": -0.8504273504273504,
      "rev_growth_yoy_accel": 0.07922089077867978,
      "op_leverage_ratio": Infinity,
      "fcf_margin_change": 934.4428571428572
    },
    {
      "date": "2022-09-30T00:00:00",
      "quarter_label": "2022-09 (Q3)",
      "revenue": 39000,
      "gross_profit": 39000,
      "operating_income": -23095000,
      "net_income": -23387000,
      "opex": -23134000,
      "cogs": 0,
      "rd": 10557000,
      "sga": 12577000,
      "fcf": -19443000,
      "ocf": -19439000,
      "capex": -4000,
      "gross_margin": 1.0,
      "op_margin": -592.1794871794872,
      "fcf_margin": -498.53846153846155,
      "rev_growth_yoy": 0.6956521739130435,
      "rev_growth_yoy_accel": 1.546079524340394,
      "op_leverage_ratio": Infinity,
      "fcf_margin_change": 199.23296703296705
    },
    {
      "date": "2022-12-31T00:00:00",
      "quarter_label": "2022-12 (Q4)",
      "revenue": 28000,
      "gross_profit": 28000,
      "operating_income": -30278000,
      "net_income": -30494000,
      "opex": 30306000,
      "cogs": 0,
      "rd": 13977000,
      "sga": 16329000,
      "fcf": -22815000,
      "ocf": -21569000,
      "capex": -1246000,
      "gross_margin": 1.0,
      "op_margin": -1081.357142857143,
      "fcf_margin": -814.8214285714286,
      "rev_growth_yoy": 1.0,
      "rev_growth_yoy_accel": 0.30434782608695654,
      "fcf_margin_change": -316.282967032967
    },
    {
      "date": "2023-03-31T00:00:00",
      "quarter_label": "2023-03 (Q1)",
      "revenue": 24000,
      "gross_profit": 24000,
      "operating_income": -31142000,
      "net_income": -31934000,
      "opex": -31166000,
      "cogs": 0,
      "rd": 12026000,
      "sga": 19140000,
      "fcf": -31861000,
      "ocf": -31613000,
      "capex": -248000,
      "gross_margin": 1.0,
      "op_margin": -1297.5833333333333,
      "fcf_margin": -1327.5416666666667,
      "fcf_margin_change": -512.7202380952382
    },
    {
      "date": "2023-06-30T00:00:00",
      "quarter_label": "2023-06 (Q2)",
      "revenue": 317000,
      "gross_profit": 309000,
      "operating_income": -44240000,
      "net_income": -44904000,
      "opex": 44557000,
      "cogs": 8000,
      "rd": 14541000,
      "sga": 30008000,
      "fcf": -38256000,
      "ocf": -38117000,
      "capex": -139000,
      "gross_margin": 0.9747634069400631,
      "op_margin": -139.5583596214511,
      "fcf_margin": -120.6813880126183,
      "rev_growth_yoy": 8.057142857142857,
      "op_leverage_ratio": Infinity,
      "fcf_margin_change": 1206.8602786540484
    },
    {
      "date": "2023-09-30T00:00:00",
      "quarter_label": "2023-09 (Q3)",
      "revenue": 162000,
      "gross_profit": 155000,
      "operating_income": -49631000,
      "net_income": -50525000,
      "opex": 49793000,
      "cogs": 7000,
      "rd": 17558000,
      "sga": 32228000,
      "fcf": -41702000,
      "ocf": -41619000,
      "capex": -83000,
      "gross_margin": 0.9567901234567902,
      "op_margin": -306.3641975308642,
      "fcf_margin": -257.41975308641975,
      "rev_growth_yoy": 3.1538461538461537,
      "rev_growth_yoy_accel": -4.903296703296704,
      "fcf_margin_change": -136.73836507380145
    },
    {
      "date": "2023-12-31T00:00:00",
      "quarter_label": "2023-12 (Q4)",
      "revenue": 702000,
      "gross_profit": 632000,
      "operating_income": -46737000,
      "net_income": -49756000,
      "opex": 47439000,
      "cogs": 70000,
      "rd": 14762000,
      "sga": 32607000,
      "fcf": -50548000,
      "ocf": -50548000,
      "capex": null,
      "gross_margin": 0.9002849002849003,
      "op_margin": -66.57692307692308,
      "fcf_margin": -72.00569800569801,
      "rev_growth_yoy": 24.071428571428573,
      "rev_growth_yoy_accel": 20.91758241758242,
      "op_leverage_ratio": Infinity,
      "fcf_margin_change": 185.41405508072174
    },
    {
      "date": "2024-03-31T00:00:00",
      "quarter_label": "2024-03 (Q1)",
      "revenue": 1130000,
      "gross_profit": 1099000,
      "operating_income": -45333000,
      "net_income": -48397000,
      "opex": 46463000,
      "cogs": 31000,
      "rd": 14372000,
      "sga": 32060000,
      "fcf": -55130000,
      "ocf": -55130000,
      "capex": null,
      "gross_margin": 0.9725663716814159,
      "op_margin": -40.117699115044246,
      "fcf_margin": -48.78761061946903,
      "incr_op_margin_yoy": -12.830922242314648,
      "rev_growth_yoy": 46.083333333333336,
      "rev_growth_yoy_accel": 22.011904761904763,
      "op_leverage_ratio": Infinity,
      "fcf_margin_change": 23.21808738622898
    },
    {
      "date": "2024-06-30T00:00:00",
      "quarter_label": "2024-06 (Q2)",
      "revenue": 1647000,
      "gross_profit": 1481000,
      "operating_income": -55354000,
      "net_income": -53429000,
      "opex": 57001000,
      "cogs": 166000,
      "rd": 17643000,
      "sga": 39192000,
      "fcf": -48790000,
      "ocf": -48540000,
      "capex": -250000,
      "gross_margin": 0.899210686095932,
      "op_margin": -33.608986035215544,
      "fcf_margin": -29.623557984213722,
      "incr_op_margin_yoy": -8.35639097744361,
      "rev_growth_yoy": 4.195583596214511,
      "rev_growth_yoy_accel": -41.887749737118824,
      "op_leverage_ratio": 2.0172566371681415,
      "fcf_margin_change": 19.164052635255306
    },
    {
      "date": "2024-09-30T00:00:00",
      "quarter_label": "2024-09 (Q3)",
      "revenue": 1750000,
      "gross_profit": 1679000,
      "operating_income": -63693000,
      "net_income": -64811000,
      "opex": 65443000,
      "cogs": 71000,
      "rd": 25780000,
      "sga": 39592000,
      "fcf": -53926000,
      "ocf": -53619000,
      "capex": -307000,
      "gross_margin": 0.9594285714285714,
      "op_margin": -36.396,
      "fcf_margin": -30.814857142857143,
      "incr_op_margin_yoy": -8.855163727959697,
      "rev_growth_yoy": 9.802469135802468,
      "rev_growth_yoy_accel": 5.6068855395879575,
      "op_leverage_ratio": 0.4222607867362238,
      "fcf_margin_change": -1.191299158643421
    },
    {
      "date": "2024-12-31T00:00:00",
      "quarter_label": "2024-12 (Q4)",
      "revenue": 26554000,
      "gross_profit": 26206000,
      "operating_income": -32737000,
      "net_income": -33766000,
      "opex": 59291000,
      "cogs": 348000,
      "rd": 26685000,
      "sga": 32258000,
      "fcf": -21965000,
      "ocf": -21491000,
      "capex": -474000,
      "gross_margin": 0.9868946298109512,
      "op_margin": -1.2328462755140468,
      "fcf_margin": -0.8271823454093545,
      "incr_op_margin_yoy": 0.5415441745319511,
      "rev_growth_yoy": 36.826210826210826,
      "rev_growth_yoy_accel": 27.023741690408357,
      "op_leverage_ratio": Infinity,
      "fcf_margin_change": 29.987674797447788
    },
    {
      "date": "2025-03-31T00:00:00",
      "quarter_label": "2025-03 (Q1)",
      "revenue": 1262000,
      "gross_profit": 1232000,
      "operating_income": -25679000,
      "net_income": -25295000,
      "opex": 26941000,
      "cogs": 30000,
      "rd": 15303000,
      "sga": 11608000,
      "fcf": -43778000,
      "ocf": -43778000,
      "capex": null,
      "gross_margin": 0.9762282091917591,
      "op_margin": -20.34786053882726,
      "fcf_margin": -34.68938193343899,
      "rev_growth_yoy": 0.1168141592920354,
      "rev_growth_yoy_accel": -36.70939666691879,
      "fcf_margin_change": -33.86219958802963
    },
    {
      "date": "2025-06-30T00:00:00",
      "quarter_label": "2025-06 (Q2)",
      "revenue": 28866000,
      "gross_profit": 28833000,
      "operating_income": 3736000,
      "net_income": 3252000,
      "opex": 25130000,
      "cogs": 33000,
      "rd": 15747000,
      "sga": 9350000,
      "fcf": 16993000,
      "ocf": 16993000,
      "capex": null,
      "gross_margin": 0.9988567865308667,
      "op_margin": 0.12942562183884154,
      "fcf_margin": 0.5886856509388207,
      "incr_op_margin_yoy": 2.1709100260847203,
      "rev_growth_yoy": 16.526411657559198,
      "rev_growth_yoy_accel": 16.40959749826716,
      "op_leverage_ratio": Infinity,
      "fcf_margin_change": 35.27806758437781
    },
    {
      "date": "2025-09-30T00:00:00",
      "quarter_label": "2025-09 (Q3)",
      "revenue": 14182000,
      "gross_profit": 14172000,
      "operating_income": -12187000,
      "net_income": -12769000,
      "opex": 26369000,
      "cogs": 10000,
      "rd": 18757000,
      "sga": 7602000,
      "fcf": -23833000,
      "ocf": -23833000,
      "capex": null,
      "gross_margin": 0.9992948808348611,
      "op_margin": -0.8593287265547878,
      "fcf_margin": -1.6805105062755605,
      "incr_op_margin_yoy": 4.143018018018018,
      "rev_growth_yoy": 7.104,
      "rev_growth_yoy_accel": -9.422411657559199,
      "fcf_margin_change": -2.269196157214381
    }
  ],
  "signals": [
    {
      "quarter": "2025-09 (Q3)",
      "signal": "YoY REVENUE GROWTH DECELERATION",
      "detail": "YoY growth: +710.4% vs prior quarter YoY: +1652.6% (decel: -942.2%)",
      "severity": "WARNING"
    },
    {
      "quarter": "2025-06 (Q2)",
      "signal": "FCF TURNED POSITIVE",
      "detail": "FCF margin: -3468.9% -> +58.9%",
      "severity": "HIGH"
    },
    {
      "quarter": "2025-06 (Q2)",
      "signal": "GROSS MARGIN INFLECTION",
      "detail": "GM: +98.7% -> +97.6% -> +99.9% (reversal +2.3%)",
      "severity": "MEDIUM"
    },
    {
      "quarter": "2025-06 (Q2)",
      "signal": "YoY REVENUE GROWTH ACCELERATION",
      "detail": "YoY growth: +1652.6% vs prior quarter YoY: +11.7% (accel: +1641.0%)",
      "severity": "HIGH"
    },
    {
      "quarter": "2025-06 (Q2)",
      "signal": "OP MARGIN TURNED POSITIVE (YoY)",
      "detail": "Op margin: -3360.9% (year-ago) -> +12.9%",
      "severity": "HIGH"
    },
    {
      "quarter": "2025-06 (Q2)",
      "signal": "OP MARGIN TURNED POSITIVE (QoQ)",
      "detail": "Op margin: -2034.8% -> +12.9%",
      "severity": "HIGH"
    },
    {
      "quarter": "2025-03 (Q1)",
      "signal": "YoY REVENUE GROWTH DECELERATION",
      "detail": "YoY growth: +11.7% vs prior quarter YoY: +3682.6% (decel: -3670.9%)",
      "severity": "WARNING"
    },
    {
      "quarter": "2024-12 (Q4)",
      "signal": "FCF MARGIN EXPANSION",
      "detail": "FCF margin: -3081.5% -> -82.7% (+2998.8%)",
      "severity": "MEDIUM"
    },
    {
      "quarter": "2024-12 (Q4)",
      "signal": "YoY REVENUE GROWTH ACCELERATION",
      "detail": "YoY growth: +3682.6% vs prior quarter YoY: +980.2% (accel: +2702.4%)",
      "severity": "HIGH"
    },
    {
      "quarter": "2024-09 (Q3)",
      "signal": "GROSS MARGIN INFLECTION",
      "detail": "GM: +97.3% -> +89.9% -> +95.9% (reversal +6.0%)",
      "severity": "HIGH"
    },
    {
      "quarter": "2024-09 (Q3)",
      "signal": "YoY REVENUE GROWTH ACCELERATION",
      "detail": "YoY growth: +980.2% vs prior quarter YoY: +419.6% (accel: +560.7%)",
      "severity": "HIGH"
    },
    {
      "quarter": "2024-06 (Q2)",
      "signal": "FCF MARGIN EXPANSION",
      "detail": "FCF margin: -4878.8% -> -2962.4% (+1916.4%)",
      "severity": "MEDIUM"
    },
    {
      "quarter": "2024-06 (Q2)",
      "signal": "OPERATING LEVERAGE",
      "detail": "Rev growth +45.8% vs OpEx growth +22.7% (leverage: 2.0x)",
      "severity": "MEDIUM"
    },
    {
      "quarter": "2024-06 (Q2)",
      "signal": "YoY REVENUE GROWTH DECELERATION",
      "detail": "YoY growth: +419.6% vs prior quarter YoY: +4608.3% (decel: -4188.8%)",
      "severity": "WARNING"
    },
    {
      "quarter": "2024-03 (Q1)",
      "signal": "FCF MARGIN EXPANSION",
      "detail": "FCF margin: -7200.6% -> -4878.8% (+2321.8%)",
      "severity": "MEDIUM"
    },
    {
      "quarter": "2024-03 (Q1)",
      "signal": "GROSS MARGIN INFLECTION",
      "detail": "GM: +95.7% -> +90.0% -> +97.3% (reversal +7.2%)",
      "severity": "HIGH"
    },
    {
      "quarter": "2024-03 (Q1)",
      "signal": "YoY REVENUE GROWTH ACCELERATION",
      "detail": "YoY growth: +4608.3% vs prior quarter YoY: +2407.1% (accel: +2201.2%)",
      "severity": "HIGH"
    },
    {
      "quarter": "2023-12 (Q4)",
      "signal": "FCF MARGIN EXPANSION",
      "detail": "FCF margin: -25742.0% -> -7200.6% (+18541.4%)",
      "severity": "MEDIUM"
    },
    {
      "quarter": "2023-12 (Q4)",
      "signal": "YoY REVENUE GROWTH ACCELERATION",
      "detail": "YoY growth: +2407.1% vs prior quarter YoY: +315.4% (accel: +2091.8%)",
      "severity": "HIGH"
    },
    {
      "quarter": "2023-09 (Q3)",
      "signal": "YoY REVENUE GROWTH DECELERATION",
      "detail": "YoY growth: +315.4% vs prior quarter YoY: +805.7% (decel: -490.3%)",
      "severity": "WARNING"
    },
    {
      "quarter": "2023-06 (Q2)",
      "signal": "FCF MARGIN EXPANSION",
      "detail": "FCF margin: -132754.2% -> -12068.1% (+120686.0%)",
      "severity": "MEDIUM"
    },
    {
      "quarter": "2022-12 (Q4)",
      "signal": "YoY REVENUE GROWTH ACCELERATION",
      "detail": "YoY growth: +100.0% vs prior quarter YoY: +69.6% (accel: +30.4%)",
      "severity": "HIGH"
    },
    {
      "quarter": "2022-09 (Q3)",
      "signal": "FCF MARGIN EXPANSION",
      "detail": "FCF margin: -69777.1% -> -49853.8% (+19923.3%)",
      "severity": "MEDIUM"
    },
    {
      "quarter": "2022-09 (Q3)",
      "signal": "YoY REVENUE GROWTH ACCELERATION",
      "detail": "YoY growth: +69.6% vs prior quarter YoY: -85.0% (accel: +154.6%)",
      "severity": "HIGH"
    },
    {
      "quarter": "2022-06 (Q2)",
      "signal": "FCF MARGIN EXPANSION",
      "detail": "FCF margin: -163221.4% -> -69777.1% (+93444.3%)",
      "severity": "MEDIUM"
    },
    {
      "quarter": "2022-06 (Q2)",
      "signal": "YoY REVENUE GROWTH ACCELERATION",
      "detail": "YoY growth: -85.0% vs prior quarter YoY: -93.0% (accel: +7.9%)",
      "severity": "MEDIUM"
    },
    {
      "quarter": "2021-12 (Q4)",
      "signal": "YoY REVENUE GROWTH ACCELERATION",
      "detail": "YoY growth: -93.0% vs prior quarter YoY: -99.7% (accel: +6.7%)",
      "severity": "MEDIUM"
    },
    {
      "quarter": "2021-06 (Q2)",
      "signal": "FCF MARGIN EXPANSION",
      "detail": "FCF margin: -93322.2% -> -9755.1% (+83567.1%)",
      "severity": "MEDIUM"
    }
  ],
  "data_quality": {
    "n_quarters": 20,
    "coverage": {
      "revenue": [
        20,
        20
      ],
      "gross_profit": [
        20,
        20
      ],
      "op_income": [
        19,
        20
      ],
      "fcf": [
        19,
        20
      ]
    },
    "gaps": [
      [
        "2021-12 (Q4)",
        "2022-06 (Q2)",
        181
      ]
    ],
    "warnings": [
      "gap: 1Q missing between 2021-12 (Q4) and 2022-06 (Q2)"
    ]
  },
  "market_cap": null,
  "source": "SEC EDGAR",
  "last_updated": "2026-02-02T22:17:16.109932",
  "sector": "Healthcare",
  "industry": "Biotechnology"
}