{
  "ticker": "LXU",
  "name": "LSB INDUSTRIES, INC.",
  "quarters": [
    {
      "date": "2020-12-31T00:00:00",
      "quarter_label": "2020-12 (Q4)",
      "revenue": 88903000,
      "gross_profit": -3465000,
      "operating_income": -10230000,
      "net_income": -21692000,
      "opex": 6765000,
      "cogs": 92368000,
      "rd": null,
      "sga": 6506000,
      "fcf": -35469000,
      "ocf": -27228000,
      "capex": -8241000,
      "gross_margin": -0.03897506270879498,
      "op_margin": -0.11506923275929946,
      "fcf_margin": -0.3989629146373013
    },
    {
      "date": "2021-03-31T00:00:00",
      "quarter_label": "2021-03 (Q1)",
      "revenue": 98116000,
      "gross_profit": 8060000,
      "operating_income": -470000,
      "net_income": -13279000,
      "opex": 8530000,
      "cogs": 90056000,
      "rd": null,
      "sga": 8793000,
      "fcf": 6578000,
      "ocf": 12711000,
      "capex": -6133000,
      "gross_margin": 0.08214766195115986,
      "op_margin": -0.004790248277549023,
      "fcf_margin": 0.06704309185046271,
      "op_leverage_ratio": 0.39719863381036696,
      "fcf_margin_change": 0.466006006487764
    },
    {
      "date": "2021-06-30T00:00:00",
      "quarter_label": "2021-06 (Q2)",
      "revenue": 140696000,
      "gross_profit": 35008000,
      "operating_income": 26457000,
      "net_income": 23670000,
      "opex": 8551000,
      "cogs": 105688000,
      "rd": null,
      "sga": 8545000,
      "fcf": 9154000,
      "ocf": 17870000,
      "capex": -8716000,
      "gross_margin": 0.24882015124808096,
      "op_margin": 0.18804372547904702,
      "fcf_margin": 0.06506226189799283,
      "op_leverage_ratio": 176.27696273992495,
      "fcf_margin_change": -0.001980829952469884
    },
    {
      "date": "2021-09-30T00:00:00",
      "quarter_label": "2021-09 (Q3)",
      "revenue": 127199000,
      "gross_profit": 17447000,
      "operating_income": 5373000,
      "net_income": -8928000,
      "opex": 12074000,
      "cogs": 109752000,
      "rd": null,
      "sga": 11600000,
      "fcf": 23638000,
      "ocf": 34890000,
      "capex": -11252000,
      "gross_margin": 0.1371630280112265,
      "op_margin": 0.04224089812026824,
      "fcf_margin": 0.18583479429869731,
      "fcf_margin_change": 0.12077253240070449
    },
    {
      "date": "2021-12-31T00:00:00",
      "quarter_label": "2021-12 (Q4)",
      "revenue": 190228000,
      "gross_profit": 78464000,
      "operating_income": 69688000,
      "net_income": 42082000,
      "opex": 8776000,
      "cogs": 111764000,
      "rd": null,
      "sga": 9090000,
      "fcf": 13129000,
      "ocf": 22156000,
      "capex": -9027000,
      "gross_margin": 0.4124734529091406,
      "op_margin": 0.3663393401602288,
      "fcf_margin": 0.06901717938473831,
      "incr_op_margin_yoy": 0.7887293362941031,
      "rev_growth_yoy": 1.1397253186056713,
      "op_leverage_ratio": Infinity,
      "fcf_margin_change": -0.116817614913959
    },
    {
      "date": "2022-03-31T00:00:00",
      "quarter_label": "2022-03 (Q1)",
      "revenue": 198981000,
      "gross_profit": 90730000,
      "operating_income": 79971000,
      "net_income": 58766000,
      "opex": 10759000,
      "cogs": 108251000,
      "rd": null,
      "sga": 10935000,
      "fcf": 77238000,
      "ocf": 85492000,
      "capex": -8254000,
      "gross_margin": 0.4559731833692664,
      "op_margin": 0.401902694227087,
      "fcf_margin": 0.38816771450540505,
      "incr_op_margin_yoy": 0.7975115253061023,
      "rev_growth_yoy": 1.0280178564148559,
      "rev_growth_yoy_accel": -0.1117074621908154,
      "op_leverage_ratio": 0.2036368577363718,
      "fcf_margin_change": 0.3191505351206667
    },
    {
      "date": "2022-06-30T00:00:00",
      "quarter_label": "2022-06 (Q2)",
      "revenue": 284803000,
      "gross_profit": 142924000,
      "operating_income": 132658000,
      "net_income": 103399000,
      "opex": 10266000,
      "cogs": 141879000,
      "rd": null,
      "sga": 9638000,
      "fcf": 127144000,
      "ocf": 135321000,
      "capex": -8177000,
      "gross_margin": 0.501834601461361,
      "op_margin": 0.4657886328444574,
      "fcf_margin": 0.4464278817287739,
      "incr_op_margin_yoy": 0.7369593427106248,
      "rev_growth_yoy": 1.0242437595951555,
      "rev_growth_yoy_accel": -0.003774096819700423,
      "op_leverage_ratio": Infinity,
      "fcf_margin_change": 0.05826016722336885
    },
    {
      "date": "2022-09-30T00:00:00",
      "quarter_label": "2022-09 (Q3)",
      "revenue": 184273000,
      "gross_profit": 22129000,
      "operating_income": 13066000,
      "net_income": 2312000,
      "opex": 9063000,
      "cogs": 162144000,
      "rd": null,
      "sga": 9138000,
      "fcf": 22269000,
      "ocf": 38369000,
      "capex": -16100000,
      "gross_margin": 0.12008813011130225,
      "op_margin": 0.07090566713517445,
      "fcf_margin": 0.12084787245011477,
      "incr_op_margin_yoy": 0.13478992185583627,
      "rev_growth_yoy": 0.44869849605735895,
      "rev_growth_yoy_accel": -0.5755452635377964,
      "fcf_margin_change": -0.32558000927865915
    },
    {
      "date": "2022-12-31T00:00:00",
      "quarter_label": "2022-12 (Q4)",
      "revenue": 233654000,
      "gross_profit": 92584000,
      "operating_income": 82683000,
      "net_income": 65870000,
      "opex": 9901000,
      "cogs": 141070000,
      "rd": null,
      "sga": 9717000,
      "fcf": 73170000,
      "ocf": 86472000,
      "capex": -13302000,
      "gross_margin": 0.3962440189339793,
      "op_margin": 0.35386939662920386,
      "fcf_margin": 0.3131553493627329,
      "incr_op_margin_yoy": 0.29924469211992816,
      "rev_growth_yoy": 0.22828395399205165,
      "rev_growth_yoy_accel": -0.2204145420653073,
      "op_leverage_ratio": 2.8981852079047346,
      "fcf_margin_change": 0.19230747691261815
    },
    {
      "date": "2023-03-31T00:00:00",
      "quarter_label": "2023-03 (Q1)",
      "revenue": 180964000,
      "gross_profit": 41605000,
      "operating_income": 30535000,
      "net_income": 15901000,
      "opex": 11070000,
      "cogs": 139359000,
      "rd": null,
      "sga": 9867000,
      "fcf": 40810000,
      "ocf": 59247000,
      "capex": -18437000,
      "gross_margin": 0.2299076059326717,
      "op_margin": 0.16873521805441966,
      "fcf_margin": 0.22551446696580535,
      "incr_op_margin_yoy": 2.7438530276960647,
      "rev_growth_yoy": -0.09054633356953679,
      "rev_growth_yoy_accel": -0.31883028756158843,
      "fcf_margin_change": -0.08764088239692758
    },
    {
      "date": "2023-06-30T00:00:00",
      "quarter_label": "2023-06 (Q2)",
      "revenue": 165845000,
      "gross_profit": 36032000,
      "operating_income": 27496000,
      "net_income": 25095000,
      "opex": 8536000,
      "cogs": 129813000,
      "rd": null,
      "sga": 9436000,
      "fcf": 29876000,
      "ocf": 43702000,
      "capex": -13826000,
      "gross_margin": 0.21726310711809219,
      "op_margin": 0.16579336127106636,
      "fcf_margin": 0.18014411046459042,
      "incr_op_margin_yoy": 0.8840262949948722,
      "rev_growth_yoy": -0.41768520696762323,
      "rev_growth_yoy_accel": -0.32713887339808645,
      "fcf_margin_change": -0.04537035650121493
    },
    {
      "date": "2023-09-30T00:00:00",
      "quarter_label": "2023-09 (Q3)",
      "revenue": 114287000,
      "gross_profit": -3386000,
      "operating_income": -9499000,
      "net_income": -7726000,
      "opex": 6113000,
      "cogs": 117673000,
      "rd": null,
      "sga": 8512000,
      "fcf": 8713000,
      "ocf": 17573000,
      "capex": -8860000,
      "gross_margin": -0.02962716669437469,
      "op_margin": -0.08311531495270678,
      "fcf_margin": 0.07623789232371136,
      "incr_op_margin_yoy": 0.3224216271825794,
      "rev_growth_yoy": -0.3797951951723801,
      "rev_growth_yoy_accel": 0.03789001179524315,
      "fcf_margin_change": -0.10390621814087905
    },
    {
      "date": "2023-12-31T00:00:00",
      "quarter_label": "2023-12 (Q4)",
      "revenue": 132613000,
      "gross_profit": 12009000,
      "operating_income": 3245000,
      "net_income": -5347000,
      "opex": 8764000,
      "cogs": 120604000,
      "rd": null,
      "sga": 8765000,
      "fcf": -9481000,
      "ocf": 16999000,
      "capex": -26480000,
      "gross_margin": 0.09055673274867472,
      "op_margin": 0.024469697540965063,
      "fcf_margin": -0.0714937449571309,
      "incr_op_margin_yoy": 0.7861957027345335,
      "rev_growth_yoy": -0.4324385630034153,
      "rev_growth_yoy_accel": -0.05264336783103524,
      "op_leverage_ratio": 0.36975624480656133,
      "fcf_margin_change": -0.14773163728084227
    },
    {
      "date": "2024-03-31T00:00:00",
      "quarter_label": "2024-03 (Q1)",
      "revenue": 138204000,
      "gross_profit": 22278000,
      "operating_income": 11260000,
      "net_income": 5623000,
      "opex": 11018000,
      "cogs": 115926000,
      "rd": null,
      "sga": 10294000,
      "fcf": 5820000,
      "ocf": 24107000,
      "capex": -18287000,
      "gross_margin": 0.16119649214205087,
      "op_margin": 0.08147376342218748,
      "fcf_margin": 0.04211166102283581,
      "incr_op_margin_yoy": 0.45077174929840974,
      "rev_growth_yoy": -0.23629009084679825,
      "rev_growth_yoy_accel": 0.19614847215661707,
      "op_leverage_ratio": 0.16392751279782816,
      "fcf_margin_change": 0.11360540597996671
    },
    {
      "date": "2024-06-30T00:00:00",
      "quarter_label": "2024-06 (Q2)",
      "revenue": 140073000,
      "gross_profit": 27415000,
      "operating_income": 14403000,
      "net_income": 9555000,
      "opex": 13012000,
      "cogs": 112658000,
      "rd": null,
      "sga": 11547000,
      "fcf": 26622000,
      "ocf": 41382000,
      "capex": -14760000,
      "gross_margin": 0.19571937489737495,
      "op_margin": 0.10282495555888715,
      "fcf_margin": 0.19005804116425007,
      "incr_op_margin_yoy": 0.5080319726835325,
      "rev_growth_yoy": -0.15539811269558926,
      "rev_growth_yoy_accel": 0.08089197815120899,
      "op_leverage_ratio": 0.07472506518426512,
      "fcf_margin_change": 0.14794638014141426
    },
    {
      "date": "2024-09-30T00:00:00",
      "quarter_label": "2024-09 (Q3)",
      "revenue": 109217000,
      "gross_profit": -7945000,
      "operating_income": -24423000,
      "net_income": -25382000,
      "opex": 16478000,
      "cogs": 117162000,
      "rd": null,
      "sga": 10042000,
      "fcf": -13929000,
      "ocf": 17111000,
      "capex": -31040000,
      "gross_margin": -0.07274508547204189,
      "op_margin": -0.22361903366692,
      "fcf_margin": -0.12753509069100963,
      "incr_op_margin_yoy": 2.943589743589744,
      "rev_growth_yoy": -0.04436200092748956,
      "rev_growth_yoy_accel": 0.11103611176809969,
      "fcf_margin_change": -0.3175931318552597
    },
    {
      "date": "2024-12-31T00:00:00",
      "quarter_label": "2024-12 (Q4)",
      "revenue": 134906000,
      "gross_profit": 6049000,
      "operating_income": -6745000,
      "net_income": -9149000,
      "opex": 12794000,
      "cogs": 128857000,
      "rd": null,
      "sga": 9884000,
      "fcf": -24231000,
      "ocf": 3976000,
      "capex": -28207000,
      "gross_margin": 0.044838628378278206,
      "op_margin": -0.04999777622937453,
      "fcf_margin": -0.17961395341941797,
      "incr_op_margin_yoy": -4.356737897950284,
      "rev_growth_yoy": 0.017290914163769766,
      "rev_growth_yoy_accel": 0.06165291509125933,
      "op_leverage_ratio": Infinity,
      "fcf_margin_change": -0.05207886272840834
    },
    {
      "date": "2025-03-31T00:00:00",
      "quarter_label": "2025-03 (Q1)",
      "revenue": 143432000,
      "gross_profit": 14384000,
      "operating_income": 4468000,
      "net_income": -1640000,
      "opex": 9916000,
      "cogs": 129048000,
      "rd": null,
      "sga": 10153000,
      "fcf": -14031000,
      "ocf": 6836000,
      "capex": -20867000,
      "gross_margin": 0.1002844553516649,
      "op_margin": 0.031150649785264096,
      "fcf_margin": -0.097823358804172,
      "incr_op_margin_yoy": -1.2991583779648048,
      "rev_growth_yoy": 0.03782813811467107,
      "rev_growth_yoy_accel": 0.020537223950901302,
      "op_leverage_ratio": Infinity,
      "fcf_margin_change": 0.08179059461524596
    },
    {
      "date": "2025-06-30T00:00:00",
      "quarter_label": "2025-06 (Q2)",
      "revenue": 151296000,
      "gross_profit": 23173000,
      "operating_income": 10493000,
      "net_income": 3006000,
      "opex": 12680000,
      "cogs": 128123000,
      "rd": null,
      "sga": 9844000,
      "fcf": -315000,
      "ocf": 18165000,
      "capex": -18480000,
      "gross_margin": 0.15316333544839256,
      "op_margin": 0.06935411379018612,
      "fcf_margin": -0.002082011421319797,
      "incr_op_margin_yoy": -0.3483916956250557,
      "rev_growth_yoy": 0.08012250754963483,
      "rev_growth_yoy_accel": 0.042294369434963765,
      "op_leverage_ratio": 0.19669618197329086,
      "fcf_margin_change": 0.09574134738285221
    },
    {
      "date": "2025-09-30T00:00:00",
      "quarter_label": "2025-09 (Q3)",
      "revenue": 155431000,
      "gross_profit": 25543000,
      "operating_income": 15629000,
      "net_income": 7115000,
      "opex": 9914000,
      "cogs": 129888000,
      "rd": null,
      "sga": 10333000,
      "fcf": 35596000,
      "ocf": 52574000,
      "capex": -16978000,
      "gross_margin": 0.16433658665259826,
      "op_margin": 0.10055265680591388,
      "fcf_margin": 0.22901480399662874,
      "incr_op_margin_yoy": 0.866663781538062,
      "rev_growth_yoy": 0.4231392548779036,
      "rev_growth_yoy_accel": 0.34301674732826876,
      "op_leverage_ratio": Infinity,
      "fcf_margin_change": 0.23109681541794855
    }
  ],
  "signals": [
    {
      "quarter": "2025-09 (Q3)",
      "signal": "FCF TURNED POSITIVE",
      "detail": "FCF margin: -0.2% -> +22.9%",
      "severity": "HIGH"
    },
    {
      "quarter": "2025-09 (Q3)",
      "signal": "YoY REVENUE GROWTH ACCELERATION",
      "detail": "YoY growth: +42.3% vs prior quarter YoY: +8.0% (accel: +34.3%)",
      "severity": "HIGH"
    },
    {
      "quarter": "2025-09 (Q3)",
      "signal": "OP MARGIN TURNED POSITIVE (YoY)",
      "detail": "Op margin: -22.4% (year-ago) -> +10.1%",
      "severity": "HIGH"
    },
    {
      "quarter": "2025-06 (Q2)",
      "signal": "FCF MARGIN EXPANSION",
      "detail": "FCF margin: -9.8% -> -0.2% (+9.6%)",
      "severity": "MEDIUM"
    },
    {
      "quarter": "2025-03 (Q1)",
      "signal": "FCF MARGIN EXPANSION",
      "detail": "FCF margin: -18.0% -> -9.8% (+8.2%)",
      "severity": "MEDIUM"
    },
    {
      "quarter": "2025-03 (Q1)",
      "signal": "OP MARGIN TURNED POSITIVE (QoQ)",
      "detail": "Op margin: -5.0% -> +3.1%",
      "severity": "HIGH"
    },
    {
      "quarter": "2024-12 (Q4)",
      "signal": "GROSS MARGIN INFLECTION",
      "detail": "GM: +19.6% -> -7.3% -> +4.5% (reversal +11.8%)",
      "severity": "HIGH"
    },
    {
      "quarter": "2024-12 (Q4)",
      "signal": "YoY REVENUE GROWTH ACCELERATION",
      "detail": "YoY growth: +1.7% vs prior quarter YoY: -4.4% (accel: +6.2%)",
      "severity": "MEDIUM"
    },
    {
      "quarter": "2024-09 (Q3)",
      "signal": "YoY REVENUE GROWTH ACCELERATION",
      "detail": "YoY growth: -4.4% vs prior quarter YoY: -15.5% (accel: +11.1%)",
      "severity": "MEDIUM"
    },
    {
      "quarter": "2024-06 (Q2)",
      "signal": "FCF MARGIN EXPANSION",
      "detail": "FCF margin: +4.2% -> +19.0% (+14.8%)",
      "severity": "MEDIUM"
    },
    {
      "quarter": "2024-06 (Q2)",
      "signal": "YoY REVENUE GROWTH ACCELERATION",
      "detail": "YoY growth: -15.5% vs prior quarter YoY: -23.6% (accel: +8.1%)",
      "severity": "MEDIUM"
    },
    {
      "quarter": "2024-06 (Q2)",
      "signal": "INCREMENTAL MARGIN (YoY)",
      "detail": "YoY Incr OPM: +50.8% vs year-ago OPM: +16.6%",
      "severity": "HIGH"
    },
    {
      "quarter": "2024-03 (Q1)",
      "signal": "FCF TURNED POSITIVE",
      "detail": "FCF margin: -7.1% -> +4.2%",
      "severity": "HIGH"
    },
    {
      "quarter": "2024-03 (Q1)",
      "signal": "YoY REVENUE GROWTH ACCELERATION",
      "detail": "YoY growth: -23.6% vs prior quarter YoY: -43.2% (accel: +19.6%)",
      "severity": "HIGH"
    },
    {
      "quarter": "2024-03 (Q1)",
      "signal": "INCREMENTAL MARGIN (YoY)",
      "detail": "YoY Incr OPM: +45.1% vs year-ago OPM: +16.9%",
      "severity": "HIGH"
    },
    {
      "quarter": "2023-12 (Q4)",
      "signal": "GROSS MARGIN INFLECTION",
      "detail": "GM: +21.7% -> -3.0% -> +9.1% (reversal +12.0%)",
      "severity": "HIGH"
    },
    {
      "quarter": "2023-12 (Q4)",
      "signal": "YoY REVENUE GROWTH DECELERATION",
      "detail": "YoY growth: -43.2% vs prior quarter YoY: -38.0% (decel: -5.3%)",
      "severity": "WARNING"
    },
    {
      "quarter": "2023-12 (Q4)",
      "signal": "INCREMENTAL MARGIN (YoY)",
      "detail": "YoY Incr OPM: +78.6% vs year-ago OPM: +35.4%",
      "severity": "HIGH"
    },
    {
      "quarter": "2023-12 (Q4)",
      "signal": "OP MARGIN TURNED POSITIVE (QoQ)",
      "detail": "Op margin: -8.3% -> +2.4%",
      "severity": "HIGH"
    },
    {
      "quarter": "2023-06 (Q2)",
      "signal": "YoY REVENUE GROWTH DECELERATION",
      "detail": "YoY growth: -41.8% vs prior quarter YoY: -9.1% (decel: -32.7%)",
      "severity": "WARNING"
    },
    {
      "quarter": "2023-06 (Q2)",
      "signal": "INCREMENTAL MARGIN (YoY)",
      "detail": "YoY Incr OPM: +88.4% vs year-ago OPM: +46.6%",
      "severity": "HIGH"
    },
    {
      "quarter": "2023-03 (Q1)",
      "signal": "YoY REVENUE GROWTH DECELERATION",
      "detail": "YoY growth: -9.1% vs prior quarter YoY: +22.8% (decel: -31.9%)",
      "severity": "WARNING"
    },
    {
      "quarter": "2023-03 (Q1)",
      "signal": "INCREMENTAL MARGIN (YoY)",
      "detail": "YoY Incr OPM: +274.4% vs year-ago OPM: +40.2%",
      "severity": "HIGH"
    },
    {
      "quarter": "2022-12 (Q4)",
      "signal": "FCF MARGIN EXPANSION",
      "detail": "FCF margin: +12.1% -> +31.3% (+19.2%)",
      "severity": "MEDIUM"
    },
    {
      "quarter": "2022-12 (Q4)",
      "signal": "OPERATING LEVERAGE",
      "detail": "Rev growth +26.8% vs OpEx growth +9.2% (leverage: 2.9x)",
      "severity": "MEDIUM"
    },
    {
      "quarter": "2022-12 (Q4)",
      "signal": "GROSS MARGIN INFLECTION",
      "detail": "GM: +50.2% -> +12.0% -> +39.6% (reversal +27.6%)",
      "severity": "HIGH"
    },
    {
      "quarter": "2022-12 (Q4)",
      "signal": "YoY REVENUE GROWTH DECELERATION",
      "detail": "YoY growth: +22.8% vs prior quarter YoY: +44.9% (decel: -22.0%)",
      "severity": "WARNING"
    },
    {
      "quarter": "2022-09 (Q3)",
      "signal": "YoY REVENUE GROWTH DECELERATION",
      "detail": "YoY growth: +44.9% vs prior quarter YoY: +102.4% (decel: -57.6%)",
      "severity": "WARNING"
    },
    {
      "quarter": "2022-06 (Q2)",
      "signal": "FCF MARGIN EXPANSION",
      "detail": "FCF margin: +38.8% -> +44.6% (+5.8%)",
      "severity": "MEDIUM"
    },
    {
      "quarter": "2022-06 (Q2)",
      "signal": "INCREMENTAL MARGIN (YoY)",
      "detail": "YoY Incr OPM: +73.7% vs year-ago OPM: +18.8%",
      "severity": "HIGH"
    },
    {
      "quarter": "2022-03 (Q1)",
      "signal": "FCF MARGIN EXPANSION",
      "detail": "FCF margin: +6.9% -> +38.8% (+31.9%)",
      "severity": "MEDIUM"
    },
    {
      "quarter": "2022-03 (Q1)",
      "signal": "YoY REVENUE GROWTH DECELERATION",
      "detail": "YoY growth: +102.8% vs prior quarter YoY: +114.0% (decel: -11.2%)",
      "severity": "WARNING"
    },
    {
      "quarter": "2022-03 (Q1)",
      "signal": "OP MARGIN TURNED POSITIVE (YoY)",
      "detail": "Op margin: -0.5% (year-ago) -> +40.2%",
      "severity": "HIGH"
    },
    {
      "quarter": "2021-12 (Q4)",
      "signal": "GROSS MARGIN INFLECTION",
      "detail": "GM: +24.9% -> +13.7% -> +41.2% (reversal +27.5%)",
      "severity": "HIGH"
    },
    {
      "quarter": "2021-12 (Q4)",
      "signal": "OP MARGIN TURNED POSITIVE (YoY)",
      "detail": "Op margin: -11.5% (year-ago) -> +36.6%",
      "severity": "HIGH"
    },
    {
      "quarter": "2021-09 (Q3)",
      "signal": "FCF MARGIN EXPANSION",
      "detail": "FCF margin: +6.5% -> +18.6% (+12.1%)",
      "severity": "MEDIUM"
    },
    {
      "quarter": "2021-06 (Q2)",
      "signal": "OPERATING LEVERAGE",
      "detail": "Rev growth +43.4% vs OpEx growth +0.2% (leverage: 176.3x)",
      "severity": "MEDIUM"
    },
    {
      "quarter": "2021-06 (Q2)",
      "signal": "OP MARGIN TURNED POSITIVE (QoQ)",
      "detail": "Op margin: -0.5% -> +18.8%",
      "severity": "HIGH"
    },
    {
      "quarter": "2021-03 (Q1)",
      "signal": "FCF TURNED POSITIVE",
      "detail": "FCF margin: -39.9% -> +6.7%",
      "severity": "HIGH"
    }
  ],
  "data_quality": {
    "n_quarters": 20,
    "coverage": {
      "revenue": [
        20,
        20
      ],
      "gross_profit": [
        20,
        20
      ],
      "op_income": [
        20,
        20
      ],
      "fcf": [
        20,
        20
      ]
    },
    "gaps": [],
    "warnings": []
  },
  "market_cap": null,
  "source": "SEC EDGAR",
  "last_updated": "2026-02-02T22:13:58.621509",
  "sector": "Basic Materials",
  "industry": "Chemicals"
}