{
  "ticker": "LYB",
  "name": "LyondellBasell Industries N.V.",
  "sector": "Basic Materials",
  "industry": "Specialty Chemicals",
  "quarters": [
    {
      "date": "2021-03-31T00:00:00",
      "quarter_label": "2021-03 (Q1)",
      "revenue": 9082000000,
      "gross_profit": 1404000000,
      "operating_income": 1088000000,
      "net_income": null,
      "opex": 7994000000,
      "cogs": 7678000000,
      "rd": 29000000,
      "sga": 287000000,
      "fcf": 231000000,
      "ocf": 571000000,
      "capex": -340000000,
      "gross_margin": 0.15459149966967628,
      "op_margin": 0.11979740145342435,
      "fcf_margin": 0.025434926227703148
    },
    {
      "date": "2021-06-30T00:00:00",
      "quarter_label": "2021-06 (Q2)",
      "revenue": 11561000000,
      "gross_profit": 2885000000,
      "operating_income": 2526000000,
      "net_income": null,
      "opex": 9035000000,
      "cogs": 8676000000,
      "rd": 32000000,
      "sga": 327000000,
      "fcf": 1471000000,
      "ocf": 1902000000,
      "capex": -431000000,
      "gross_margin": 0.2495458870339936,
      "op_margin": 0.21849320992993684,
      "fcf_margin": 0.12723812818960298,
      "op_leverage_ratio": 2.0960828451459763,
      "fcf_margin_change": 0.10180320196189983
    },
    {
      "date": "2021-09-30T00:00:00",
      "quarter_label": "2021-09 (Q3)",
      "revenue": 12700000000,
      "gross_profit": 2591000000,
      "operating_income": 2248000000,
      "net_income": null,
      "opex": 10452000000,
      "cogs": 10109000000,
      "rd": 30000000,
      "sga": 313000000,
      "fcf": 1629000000,
      "ocf": 2143000000,
      "capex": -514000000,
      "gross_margin": 0.20401574803149605,
      "op_margin": 0.17700787401574802,
      "fcf_margin": 0.12826771653543306,
      "op_leverage_ratio": 0.6281836512983783,
      "fcf_margin_change": 0.0010295883458300847
    },
    {
      "date": "2021-12-31T00:00:00",
      "quarter_label": "2021-12 (Q4)",
      "revenue": 12830000000,
      "gross_profit": 1896000000,
      "operating_income": 911000000,
      "net_income": null,
      "opex": 11919000000,
      "cogs": 10934000000,
      "rd": 33000000,
      "sga": 328000000,
      "fcf": 2405000000,
      "ocf": 3079000000,
      "capex": -674000000,
      "gross_margin": 0.14777864380358535,
      "op_margin": 0.07100545596258769,
      "fcf_margin": 0.18745128604832423,
      "op_leverage_ratio": 0.07293045424536657,
      "fcf_margin_change": 0.059183569512891165
    },
    {
      "date": "2022-03-31T00:00:00",
      "quarter_label": "2022-03 (Q1)",
      "revenue": 13157000000,
      "gross_profit": 2021000000,
      "operating_income": 1661000000,
      "net_income": null,
      "opex": 11496000000,
      "cogs": 11136000000,
      "rd": 32000000,
      "sga": 328000000,
      "fcf": 1056000000,
      "ocf": 1502000000,
      "capex": -446000000,
      "gross_margin": 0.1536064452382762,
      "op_margin": 0.12624458463175495,
      "fcf_margin": 0.08026145777912898,
      "incr_op_margin_yoy": 0.14061349693251535,
      "rev_growth_yoy": 0.44868971592160317,
      "op_leverage_ratio": null,
      "fcf_margin_change": -0.10718982826919525
    },
    {
      "date": "2022-06-30T00:00:00",
      "quarter_label": "2022-06 (Q2)",
      "revenue": 14838000000,
      "gross_profit": 2571000000,
      "operating_income": 2141000000,
      "net_income": null,
      "opex": 12697000000,
      "cogs": 12267000000,
      "rd": 32000000,
      "sga": 329000000,
      "fcf": 1067000000,
      "ocf": 1599000000,
      "capex": -532000000,
      "gross_margin": 0.17327133036797412,
      "op_margin": 0.14429168351529856,
      "fcf_margin": 0.071909960911174,
      "incr_op_margin_yoy": -0.11748550503509307,
      "rev_growth_yoy": 0.28345298849580486,
      "rev_growth_yoy_accel": -0.1652367274257983,
      "op_leverage_ratio": 1.222966572218168,
      "fcf_margin_change": -0.008351496867954972
    },
    {
      "date": "2022-09-30T00:00:00",
      "quarter_label": "2022-09 (Q3)",
      "revenue": 12250000000,
      "gross_profit": 1162000000,
      "operating_income": 812000000,
      "net_income": null,
      "opex": 11438000000,
      "cogs": 11088000000,
      "rd": 31000000,
      "sga": 319000000,
      "fcf": 975000000,
      "ocf": 1414000000,
      "capex": -439000000,
      "gross_margin": 0.09485714285714286,
      "op_margin": 0.06628571428571428,
      "fcf_margin": 0.07959183673469387,
      "incr_op_margin_yoy": 3.1911111111111112,
      "rev_growth_yoy": -0.03543307086614173,
      "rev_growth_yoy_accel": -0.3188860593619466,
      "fcf_margin_change": 0.007681875823519868
    },
    {
      "date": "2022-12-31T00:00:00",
      "quarter_label": "2022-12 (Q4)",
      "revenue": 10206000000,
      "gross_profit": 850000000,
      "operating_income": 487000000,
      "net_income": null,
      "opex": 9719000000,
      "cogs": 9356000000,
      "rd": 29000000,
      "sga": 334000000,
      "fcf": 1131000000,
      "ocf": 1604000000,
      "capex": -473000000,
      "gross_margin": 0.0832843425436018,
      "op_margin": 0.04771702919851068,
      "fcf_margin": 0.11081716637272193,
      "incr_op_margin_yoy": 0.16158536585365854,
      "rev_growth_yoy": -0.20452065471551054,
      "rev_growth_yoy_accel": -0.1690875838493688,
      "fcf_margin_change": 0.031225329638028057
    },
    {
      "date": "2023-03-31T00:00:00",
      "quarter_label": "2023-03 (Q1)",
      "revenue": 10247000000,
      "gross_profit": 1383000000,
      "operating_income": 713000000,
      "net_income": null,
      "opex": 9534000000,
      "cogs": 8864000000,
      "rd": 33000000,
      "sga": 385000000,
      "fcf": 130000000,
      "ocf": 482000000,
      "capex": -352000000,
      "gross_margin": 0.13496633160925148,
      "op_margin": 0.06958134088025764,
      "fcf_margin": 0.012686639992192836,
      "incr_op_margin_yoy": 0.32577319587628867,
      "rev_growth_yoy": -0.2211750399027134,
      "rev_growth_yoy_accel": -0.016654385187202858,
      "fcf_margin_change": -0.09813052638052909
    },
    {
      "date": "2023-06-30T00:00:00",
      "quarter_label": "2023-06 (Q2)",
      "revenue": 10306000000,
      "gross_profit": 1438000000,
      "operating_income": 1011000000,
      "net_income": null,
      "opex": 9295000000,
      "cogs": 8868000000,
      "rd": 32000000,
      "sga": 395000000,
      "fcf": 989000000,
      "ocf": 1290000000,
      "capex": -301000000,
      "gross_margin": 0.1395303706578692,
      "op_margin": 0.09809819522608189,
      "fcf_margin": 0.09596351639821463,
      "incr_op_margin_yoy": 0.24933804060017653,
      "rev_growth_yoy": -0.30543199892168754,
      "rev_growth_yoy_accel": -0.08425695901897415,
      "fcf_margin_change": 0.08327687640602179
    },
    {
      "date": "2023-09-30T00:00:00",
      "quarter_label": "2023-09 (Q3)",
      "revenue": 10625000000,
      "gross_profit": 1448000000,
      "operating_income": 1014000000,
      "net_income": null,
      "opex": 9611000000,
      "cogs": 9177000000,
      "rd": 31000000,
      "sga": 378000000,
      "fcf": 1272000000,
      "ocf": 1666000000,
      "capex": -394000000,
      "gross_margin": 0.13628235294117647,
      "op_margin": 0.09543529411764706,
      "fcf_margin": 0.11971764705882353,
      "incr_op_margin_yoy": -0.12430769230769231,
      "rev_growth_yoy": -0.1326530612244898,
      "rev_growth_yoy_accel": 0.17277893769719774,
      "op_leverage_ratio": 0.9104641636799996,
      "fcf_margin_change": 0.0237541306606089
    },
    {
      "date": "2023-12-31T00:00:00",
      "quarter_label": "2023-12 (Q4)",
      "revenue": 9929000000,
      "gross_profit": 989000000,
      "operating_income": 315000000,
      "net_income": null,
      "opex": 9614000000,
      "cogs": 8940000000,
      "rd": 34000000,
      "sga": 399000000,
      "fcf": 1020000000,
      "ocf": 1504000000,
      "capex": -484000000,
      "gross_margin": 0.09960721119951657,
      "op_margin": 0.031725249269815695,
      "fcf_margin": 0.10272937858797462,
      "incr_op_margin_yoy": 0.6209386281588448,
      "rev_growth_yoy": -0.027140897511267883,
      "rev_growth_yoy_accel": 0.10551216371322192,
      "fcf_margin_change": -0.016988268470848902
    },
    {
      "date": "2024-03-31T00:00:00",
      "quarter_label": "2024-03 (Q1)",
      "revenue": 9925000000,
      "gross_profit": 1162000000,
      "operating_income": 704000000,
      "net_income": null,
      "opex": 9221000000,
      "cogs": 8763000000,
      "rd": 32000000,
      "sga": 426000000,
      "fcf": -597000000,
      "ocf": -114000000,
      "capex": -483000000,
      "gross_margin": 0.11707808564231738,
      "op_margin": 0.07093198992443325,
      "fcf_margin": -0.060151133501259446,
      "incr_op_margin_yoy": 0.027950310559006212,
      "rev_growth_yoy": -0.03142383136527764,
      "rev_growth_yoy_accel": -0.004282933854009758,
      "fcf_margin_change": -0.16288051208923407
    },
    {
      "date": "2024-06-30T00:00:00",
      "quarter_label": "2024-06 (Q2)",
      "revenue": 10558000000,
      "gross_profit": 1410000000,
      "operating_income": 970000000,
      "net_income": null,
      "opex": 9588000000,
      "cogs": 9148000000,
      "rd": 33000000,
      "sga": 407000000,
      "fcf": 864000000,
      "ocf": 1348000000,
      "capex": -484000000,
      "gross_margin": 0.13354802045842015,
      "op_margin": 0.09187346088274294,
      "fcf_margin": 0.0818336806213298,
      "incr_op_margin_yoy": -0.1626984126984127,
      "rev_growth_yoy": 0.024451775664661363,
      "rev_growth_yoy_accel": 0.055875607029939,
      "op_leverage_ratio": 1.6024524533455962,
      "fcf_margin_change": 0.14198481412258923
    },
    {
      "date": "2024-09-30T00:00:00",
      "quarter_label": "2024-09 (Q3)",
      "revenue": 10322000000,
      "gross_profit": 1242000000,
      "operating_income": 802000000,
      "net_income": null,
      "opex": 9520000000,
      "cogs": 9080000000,
      "rd": 31000000,
      "sga": 404000000,
      "fcf": 302000000,
      "ocf": 670000000,
      "capex": -368000000,
      "gross_margin": 0.12032551831040496,
      "op_margin": 0.07769812051927921,
      "fcf_margin": 0.02925789575663631,
      "incr_op_margin_yoy": 0.6996699669966997,
      "rev_growth_yoy": -0.02851764705882353,
      "rev_growth_yoy_accel": -0.05296942272348489,
      "fcf_margin_change": -0.052575784864693484
    },
    {
      "date": "2024-12-31T00:00:00",
      "quarter_label": "2024-12 (Q4)",
      "revenue": 9497000000,
      "gross_profit": 750000000,
      "operating_income": -659000000,
      "net_income": null,
      "opex": 10156000000,
      "cogs": 8747000000,
      "rd": 39000000,
      "sga": 426000000,
      "fcf": 1411000000,
      "ocf": 1915000000,
      "capex": -504000000,
      "gross_margin": 0.07897230704432978,
      "op_margin": -0.06939033378961777,
      "fcf_margin": 0.14857323365273245,
      "incr_op_margin_yoy": 2.2546296296296298,
      "rev_growth_yoy": -0.04350891328431866,
      "rev_growth_yoy_accel": -0.014991266225495133,
      "fcf_margin_change": 0.11931533789609614
    },
    {
      "date": "2025-03-31T00:00:00",
      "quarter_label": "2025-03 (Q1)",
      "revenue": 7677000000,
      "gross_profit": 549000000,
      "operating_income": 114000000,
      "net_income": null,
      "opex": 7563000000,
      "cogs": 7128000000,
      "rd": 34000000,
      "sga": 401000000,
      "fcf": -1062000000,
      "ocf": -579000000,
      "capex": -483000000,
      "gross_margin": 0.07151230949589683,
      "op_margin": 0.014849550605705353,
      "fcf_margin": -0.13833528722157093,
      "incr_op_margin_yoy": 0.2624555160142349,
      "rev_growth_yoy": -0.22649874055415617,
      "rev_growth_yoy_accel": -0.1829898272698375,
      "fcf_margin_change": -0.2869085208743034
    },
    {
      "date": "2025-06-30T00:00:00",
      "quarter_label": "2025-06 (Q2)",
      "revenue": 7658000000,
      "gross_profit": 787000000,
      "operating_income": 285000000,
      "net_income": null,
      "opex": 7373000000,
      "cogs": 6871000000,
      "rd": 35000000,
      "sga": 435000000,
      "fcf": -188000000,
      "ocf": 351000000,
      "capex": -539000000,
      "gross_margin": 0.10276834682684774,
      "op_margin": 0.03721598328545312,
      "fcf_margin": -0.02454949072864978,
      "incr_op_margin_yoy": 0.23620689655172414,
      "rev_growth_yoy": -0.27467323356696344,
      "rev_growth_yoy_accel": -0.04817449301280727,
      "fcf_margin_change": 0.11378579649292114
    },
    {
      "date": "2025-09-30T00:00:00",
      "quarter_label": "2025-09 (Q3)",
      "revenue": 7727000000,
      "gross_profit": 906000000,
      "operating_income": -731000000,
      "net_income": null,
      "opex": 8458000000,
      "cogs": 6821000000,
      "rd": 34000000,
      "sga": 401000000,
      "fcf": 577000000,
      "ocf": 983000000,
      "capex": -406000000,
      "gross_margin": 0.11725119710107415,
      "op_margin": -0.0946033389413744,
      "fcf_margin": 0.07467322376083861,
      "incr_op_margin_yoy": 0.5907514450867052,
      "rev_growth_yoy": -0.25140476651811666,
      "rev_growth_yoy_accel": 0.023268467048846775,
      "fcf_margin_change": 0.09922271448948838
    },
    {
      "date": "2025-12-31T00:00:00",
      "quarter_label": "2025-12 (Q4)",
      "revenue": 7091000000,
      "gross_profit": 335000000,
      "operating_income": -88000000,
      "net_income": null,
      "opex": 7179000000,
      "cogs": 6756000000,
      "rd": 33000000,
      "sga": 373000000,
      "fcf": 1057000000,
      "ocf": 1507000000,
      "capex": -450000000,
      "gross_margin": 0.04724298406430687,
      "op_margin": -0.01241009730644479,
      "fcf_margin": 0.14906219151036526,
      "incr_op_margin_yoy": -0.2373233582709892,
      "rev_growth_yoy": -0.25334316099820997,
      "rev_growth_yoy_accel": -0.0019383944800933084,
      "fcf_margin_change": 0.07438896774952665
    }
  ],
  "signals": [
    {
      "quarter": "2025-12 (Q4)",
      "signal": "FCF MARGIN EXPANSION",
      "detail": "FCF margin: +7.5% -> +14.9% (+7.4%)",
      "severity": "MEDIUM"
    },
    {
      "quarter": "2025-09 (Q3)",
      "signal": "FCF TURNED POSITIVE",
      "detail": "FCF margin: -2.5% -> +7.5%",
      "severity": "HIGH"
    },
    {
      "quarter": "2025-06 (Q2)",
      "signal": "FCF MARGIN EXPANSION",
      "detail": "FCF margin: -13.8% -> -2.5% (+11.4%)",
      "severity": "MEDIUM"
    },
    {
      "quarter": "2025-06 (Q2)",
      "signal": "GROSS MARGIN INFLECTION",
      "detail": "GM: +7.9% -> +7.2% -> +10.3% (reversal +3.1%)",
      "severity": "MEDIUM"
    },
    {
      "quarter": "2025-06 (Q2)",
      "signal": "INCREMENTAL MARGIN (YoY)",
      "detail": "YoY Incr OPM: +23.6% vs year-ago OPM: +9.2%",
      "severity": "MEDIUM"
    },
    {
      "quarter": "2025-03 (Q1)",
      "signal": "YoY REVENUE GROWTH DECELERATION",
      "detail": "YoY growth: -22.6% vs prior quarter YoY: -4.4% (decel: -18.3%)",
      "severity": "WARNING"
    },
    {
      "quarter": "2025-03 (Q1)",
      "signal": "INCREMENTAL MARGIN (YoY)",
      "detail": "YoY Incr OPM: +26.2% vs year-ago OPM: +7.1%",
      "severity": "MEDIUM"
    },
    {
      "quarter": "2025-03 (Q1)",
      "signal": "OP MARGIN TURNED POSITIVE (QoQ)",
      "detail": "Op margin: -6.9% -> +1.5%",
      "severity": "HIGH"
    },
    {
      "quarter": "2024-12 (Q4)",
      "signal": "FCF MARGIN EXPANSION",
      "detail": "FCF margin: +2.9% -> +14.9% (+11.9%)",
      "severity": "MEDIUM"
    },
    {
      "quarter": "2024-09 (Q3)",
      "signal": "YoY REVENUE GROWTH DECELERATION",
      "detail": "YoY growth: -2.9% vs prior quarter YoY: +2.4% (decel: -5.3%)",
      "severity": "WARNING"
    },
    {
      "quarter": "2024-09 (Q3)",
      "signal": "INCREMENTAL MARGIN (YoY)",
      "detail": "YoY Incr OPM: +70.0% vs year-ago OPM: +9.5%",
      "severity": "HIGH"
    },
    {
      "quarter": "2024-06 (Q2)",
      "signal": "FCF TURNED POSITIVE",
      "detail": "FCF margin: -6.0% -> +8.2%",
      "severity": "HIGH"
    },
    {
      "quarter": "2024-06 (Q2)",
      "signal": "OPERATING LEVERAGE",
      "detail": "Rev growth +6.4% vs OpEx growth +4.0% (leverage: 1.6x)",
      "severity": "MEDIUM"
    },
    {
      "quarter": "2024-06 (Q2)",
      "signal": "YoY REVENUE GROWTH ACCELERATION",
      "detail": "YoY growth: +2.4% vs prior quarter YoY: -3.1% (accel: +5.6%)",
      "severity": "MEDIUM"
    },
    {
      "quarter": "2023-12 (Q4)",
      "signal": "YoY REVENUE GROWTH ACCELERATION",
      "detail": "YoY growth: -2.7% vs prior quarter YoY: -13.3% (accel: +10.6%)",
      "severity": "MEDIUM"
    },
    {
      "quarter": "2023-12 (Q4)",
      "signal": "INCREMENTAL MARGIN (YoY)",
      "detail": "YoY Incr OPM: +62.1% vs year-ago OPM: +4.8%",
      "severity": "HIGH"
    },
    {
      "quarter": "2023-09 (Q3)",
      "signal": "YoY REVENUE GROWTH ACCELERATION",
      "detail": "YoY growth: -13.3% vs prior quarter YoY: -30.5% (accel: +17.3%)",
      "severity": "HIGH"
    },
    {
      "quarter": "2023-06 (Q2)",
      "signal": "FCF MARGIN EXPANSION",
      "detail": "FCF margin: +1.3% -> +9.6% (+8.3%)",
      "severity": "MEDIUM"
    },
    {
      "quarter": "2023-06 (Q2)",
      "signal": "YoY REVENUE GROWTH DECELERATION",
      "detail": "YoY growth: -30.5% vs prior quarter YoY: -22.1% (decel: -8.4%)",
      "severity": "WARNING"
    },
    {
      "quarter": "2023-06 (Q2)",
      "signal": "INCREMENTAL MARGIN (YoY)",
      "detail": "YoY Incr OPM: +24.9% vs year-ago OPM: +14.4%",
      "severity": "MEDIUM"
    },
    {
      "quarter": "2023-03 (Q1)",
      "signal": "GROSS MARGIN INFLECTION",
      "detail": "GM: +9.5% -> +8.3% -> +13.5% (reversal +5.2%)",
      "severity": "HIGH"
    },
    {
      "quarter": "2023-03 (Q1)",
      "signal": "INCREMENTAL MARGIN (YoY)",
      "detail": "YoY Incr OPM: +32.6% vs year-ago OPM: +12.6%",
      "severity": "MEDIUM"
    },
    {
      "quarter": "2022-12 (Q4)",
      "signal": "YoY REVENUE GROWTH DECELERATION",
      "detail": "YoY growth: -20.5% vs prior quarter YoY: -3.5% (decel: -16.9%)",
      "severity": "WARNING"
    },
    {
      "quarter": "2022-09 (Q3)",
      "signal": "YoY REVENUE GROWTH DECELERATION",
      "detail": "YoY growth: -3.5% vs prior quarter YoY: +28.3% (decel: -31.9%)",
      "severity": "WARNING"
    },
    {
      "quarter": "2022-09 (Q3)",
      "signal": "INCREMENTAL MARGIN (YoY)",
      "detail": "YoY Incr OPM: +319.1% vs year-ago OPM: +17.7%",
      "severity": "HIGH"
    },
    {
      "quarter": "2022-06 (Q2)",
      "signal": "YoY REVENUE GROWTH DECELERATION",
      "detail": "YoY growth: +28.3% vs prior quarter YoY: +44.9% (decel: -16.5%)",
      "severity": "WARNING"
    },
    {
      "quarter": "2021-12 (Q4)",
      "signal": "FCF MARGIN EXPANSION",
      "detail": "FCF margin: +12.8% -> +18.7% (+5.9%)",
      "severity": "MEDIUM"
    },
    {
      "quarter": "2021-06 (Q2)",
      "signal": "FCF MARGIN EXPANSION",
      "detail": "FCF margin: +2.5% -> +12.7% (+10.2%)",
      "severity": "MEDIUM"
    },
    {
      "quarter": "2021-06 (Q2)",
      "signal": "OPERATING LEVERAGE",
      "detail": "Rev growth +27.3% vs OpEx growth +13.0% (leverage: 2.1x)",
      "severity": "MEDIUM"
    }
  ],
  "data_quality": {
    "n_quarters": 20,
    "coverage": {
      "revenue": [
        20,
        20
      ],
      "gross_profit": [
        20,
        20
      ],
      "op_income": [
        20,
        20
      ],
      "fcf": [
        20,
        20
      ]
    },
    "gaps": [],
    "warnings": []
  },
  "market_cap": null,
  "source": "SEC EDGAR",
  "last_updated": "2026-02-24T10:10:33.719313"
}