{
  "ticker": "LYFT",
  "name": "Lyft, Inc.",
  "quarters": [
    {
      "date": "2020-12-31T00:00:00",
      "quarter_label": "2020-12 (Q4)",
      "revenue": 569880000,
      "gross_profit": 177752000,
      "operating_income": -453427000,
      "net_income": -458155000,
      "opex": 1023307000,
      "cogs": 392128000,
      "rd": 215180000,
      "sga": null,
      "fcf": -264613000,
      "ocf": -264613000,
      "capex": null,
      "gross_margin": 0.31191127956762826,
      "op_margin": -0.7956534709061557,
      "fcf_margin": -0.46433108724643785
    },
    {
      "date": "2021-03-31T00:00:00",
      "quarter_label": "2021-03 (Q1)",
      "revenue": 608960000,
      "gross_profit": 196921000,
      "operating_income": -416442000,
      "net_income": -427339000,
      "opex": 1025402000,
      "cogs": 412039000,
      "rd": 238218000,
      "sga": null,
      "fcf": -79464000,
      "ocf": -79464000,
      "capex": null,
      "gross_margin": 0.3233726353126642,
      "op_margin": -0.6838577246452969,
      "fcf_margin": -0.1304913294797688,
      "op_leverage_ratio": 33.49600842148571,
      "fcf_margin_change": 0.3338397577666691
    },
    {
      "date": "2021-06-30T00:00:00",
      "quarter_label": "2021-06 (Q2)",
      "revenue": 765025000,
      "gross_profit": 418135000,
      "operating_income": -240118000,
      "net_income": -251918000,
      "opex": 1005143000,
      "cogs": 346890000,
      "rd": 252039000,
      "sga": null,
      "fcf": -37568000,
      "ocf": -37568000,
      "capex": null,
      "gross_margin": 0.5465638377830789,
      "op_margin": -0.31386948138949705,
      "fcf_margin": -0.04910689193163622,
      "op_leverage_ratio": Infinity,
      "fcf_margin_change": 0.08138443754813257
    },
    {
      "date": "2021-09-30T00:00:00",
      "quarter_label": "2021-09 (Q3)",
      "revenue": 864405000,
      "gross_profit": 500373000,
      "operating_income": -176861000,
      "net_income": -71539000,
      "opex": 1041266000,
      "cogs": 364032000,
      "rd": 226693000,
      "sga": null,
      "fcf": 41530000,
      "ocf": 41530000,
      "capex": null,
      "gross_margin": 0.5788640741319173,
      "op_margin": -0.20460432320497915,
      "fcf_margin": 0.04804460871929246,
      "op_leverage_ratio": 3.614659609126823,
      "fcf_margin_change": 0.09715150065092867
    },
    {
      "date": "2021-12-31T00:00:00",
      "quarter_label": "2021-12 (Q4)",
      "revenue": 969933000,
      "gross_profit": 418752000,
      "operating_income": -273621000,
      "net_income": -283173000,
      "opex": 1243554000,
      "cogs": 551181000,
      "rd": 194996000,
      "sga": null,
      "fcf": -26219000,
      "ocf": -26219000,
      "capex": null,
      "gross_margin": 0.43173291351052084,
      "op_margin": -0.2821029906189397,
      "fcf_margin": -0.027031764049681783,
      "incr_op_margin_yoy": 0.4494554471532522,
      "rev_growth_yoy": 0.7019951568751316,
      "op_leverage_ratio": 0.6284084326266266,
      "fcf_margin_change": -0.07507637276897425
    },
    {
      "date": "2022-03-31T00:00:00",
      "quarter_label": "2022-03 (Q1)",
      "revenue": 875575000,
      "gross_profit": 435281000,
      "operating_income": -199343000,
      "net_income": -196932000,
      "opex": 1074918000,
      "cogs": 440294000,
      "rd": 192754000,
      "sga": null,
      "fcf": -152343000,
      "ocf": -152343000,
      "capex": null,
      "gross_margin": 0.49713730976786685,
      "op_margin": -0.22767095908403048,
      "fcf_margin": -0.17399194814835964,
      "incr_op_margin_yoy": 0.8142790165594584,
      "rev_growth_yoy": 0.43782021807672095,
      "rev_growth_yoy_accel": -0.26417493879841064,
      "fcf_margin_change": -0.14696018409867787
    },
    {
      "date": "2022-06-30T00:00:00",
      "quarter_label": "2022-06 (Q2)",
      "revenue": 990748000,
      "gross_profit": 340392000,
      "operating_income": -373175000,
      "net_income": -377246000,
      "opex": 1363923000,
      "cogs": 650356000,
      "rd": 201768000,
      "sga": null,
      "fcf": -25188000,
      "ocf": -25188000,
      "capex": null,
      "gross_margin": 0.3435707162669014,
      "op_margin": -0.37665985699693566,
      "fcf_margin": -0.025423215590644643,
      "incr_op_margin_yoy": -0.5894702799448882,
      "rev_growth_yoy": 0.2950531028397765,
      "rev_growth_yoy_accel": -0.14276711523694446,
      "op_leverage_ratio": 0.48924602470747935,
      "fcf_margin_change": 0.148568732557715
    },
    {
      "date": "2022-09-30T00:00:00",
      "quarter_label": "2022-09 (Q3)",
      "revenue": 1053820000,
      "gross_profit": 483117000,
      "operating_income": -290376000,
      "net_income": -422201000,
      "opex": 1344196000,
      "cogs": 570703000,
      "rd": 227678000,
      "sga": null,
      "fcf": -26195000,
      "ocf": -26195000,
      "capex": null,
      "gross_margin": 0.458443567212617,
      "op_margin": -0.2755461084435672,
      "fcf_margin": -0.024857186236738722,
      "incr_op_margin_yoy": -0.5992925586674762,
      "rev_growth_yoy": 0.2191276080078204,
      "rev_growth_yoy_accel": -0.07592549483195607,
      "op_leverage_ratio": Infinity,
      "fcf_margin_change": 0.0005660293539059211
    },
    {
      "date": "2022-12-31T00:00:00",
      "quarter_label": "2022-12 (Q4)",
      "revenue": 1174992000,
      "gross_profit": 400609000,
      "operating_income": -596022000,
      "net_income": -588132000,
      "opex": 1771014000,
      "cogs": 774383000,
      "rd": 234577000,
      "sga": null,
      "fcf": -33559000,
      "ocf": -33559000,
      "capex": null,
      "gross_margin": 0.340946151122731,
      "op_margin": -0.5072562196168144,
      "fcf_margin": -0.028561045522012066,
      "incr_op_margin_yoy": -1.5722353078869984,
      "rev_growth_yoy": 0.21141563386336995,
      "rev_growth_yoy_accel": -0.007711974144450462,
      "op_leverage_ratio": 0.36212266833246004,
      "fcf_margin_change": -0.0037038592852733435
    },
    {
      "date": "2023-03-31T00:00:00",
      "quarter_label": "2023-03 (Q1)",
      "revenue": 1000548000,
      "gross_profit": 451556000,
      "operating_income": -216755000,
      "net_income": -187649000,
      "opex": 1217303000,
      "cogs": 548992000,
      "rd": 196904000,
      "sga": null,
      "fcf": -74040000,
      "ocf": -74040000,
      "capex": null,
      "gross_margin": 0.4513086828418027,
      "op_margin": -0.21663628331674242,
      "fcf_margin": -0.07399944830233032,
      "incr_op_margin_yoy": -0.13932609443639826,
      "rev_growth_yoy": 0.14273249007794878,
      "rev_growth_yoy_accel": -0.06868314378542117,
      "fcf_margin_change": -0.04543840278031826
    },
    {
      "date": "2023-06-30T00:00:00",
      "quarter_label": "2023-06 (Q2)",
      "revenue": 1020906000,
      "gross_profit": 414307000,
      "operating_income": -158519000,
      "net_income": -114262000,
      "opex": 1179425000,
      "cogs": 606599000,
      "rd": 154612000,
      "sga": null,
      "fcf": -69973000,
      "ocf": -69973000,
      "capex": null,
      "gross_margin": 0.40582286713957993,
      "op_margin": -0.15527286547439234,
      "fcf_margin": -0.0685401006556921,
      "incr_op_margin_yoy": 7.117713376218582,
      "rev_growth_yoy": 0.03043962743301021,
      "rev_growth_yoy_accel": -0.11229286264493857,
      "op_leverage_ratio": Infinity,
      "fcf_margin_change": 0.0054593476466382185
    },
    {
      "date": "2023-09-30T00:00:00",
      "quarter_label": "2023-09 (Q3)",
      "revenue": 1157550000,
      "gross_profit": 513050000,
      "operating_income": -40179000,
      "net_income": -12100000,
      "opex": 1197729000,
      "cogs": 644500000,
      "rd": 109229000,
      "sga": null,
      "fcf": 2261000,
      "ocf": 2261000,
      "capex": null,
      "gross_margin": 0.44322059522266855,
      "op_margin": -0.03471037968122327,
      "fcf_margin": 0.0019532633579543,
      "incr_op_margin_yoy": 2.4120023136990265,
      "rev_growth_yoy": 0.09843236985443435,
      "rev_growth_yoy_accel": 0.06799274242142414,
      "op_leverage_ratio": 8.624404798398322,
      "fcf_margin_change": 0.0704933640136464
    },
    {
      "date": "2023-12-31T00:00:00",
      "quarter_label": "2023-12 (Q4)",
      "revenue": 1224585000,
      "gross_profit": 480722000,
      "operating_income": -60151000,
      "net_income": -26309000,
      "opex": 1284736000,
      "cogs": 743863000,
      "rd": 95171000,
      "sga": null,
      "fcf": 43508000,
      "ocf": 43508000,
      "capex": null,
      "gross_margin": 0.392559111862386,
      "op_margin": -0.04911949762572627,
      "fcf_margin": 0.03552877097139031,
      "incr_op_margin_yoy": 10.80537575867562,
      "rev_growth_yoy": 0.04220709587809959,
      "rev_growth_yoy_accel": -0.056225273976334755,
      "op_leverage_ratio": 0.7971980450070776,
      "fcf_margin_change": 0.03357550761343601
    },
    {
      "date": "2024-03-31T00:00:00",
      "quarter_label": "2024-03 (Q1)",
      "revenue": 1277201000,
      "gross_profit": 521839000,
      "operating_income": -62951000,
      "net_income": -31535000,
      "opex": 1340152000,
      "cogs": 755362000,
      "rd": 100023000,
      "sga": null,
      "fcf": 156177000,
      "ocf": 156177000,
      "capex": null,
      "gross_margin": 0.40858016866569946,
      "op_margin": -0.04928824828668314,
      "fcf_margin": 0.12228067469411627,
      "incr_op_margin_yoy": 0.555945534658941,
      "rev_growth_yoy": 0.2765014771904996,
      "rev_growth_yoy_accel": 0.23429438131240002,
      "op_leverage_ratio": 0.996110716888177,
      "fcf_margin_change": 0.08675190372272595
    },
    {
      "date": "2024-06-30T00:00:00",
      "quarter_label": "2024-06 (Q2)",
      "revenue": 1435846000,
      "gross_profit": 616328000,
      "operating_income": -27226000,
      "net_income": 5014000,
      "opex": 1463072000,
      "cogs": 819518000,
      "rd": 98807000,
      "sga": null,
      "fcf": 276202000,
      "ocf": 276202000,
      "capex": null,
      "gross_margin": 0.4292438046977183,
      "op_margin": -0.018961643518873195,
      "fcf_margin": 0.19236185496216168,
      "incr_op_margin_yoy": 0.31641442136212466,
      "rev_growth_yoy": 0.40644290463568633,
      "rev_growth_yoy_accel": 0.12994142744518672,
      "op_leverage_ratio": 1.3542493829274393,
      "fcf_margin_change": 0.07008118026804541
    },
    {
      "date": "2024-09-30T00:00:00",
      "quarter_label": "2024-09 (Q3)",
      "revenue": 1522692000,
      "gross_profit": 634437000,
      "operating_income": -56687000,
      "net_income": -12426000,
      "opex": 1579379000,
      "cogs": 888255000,
      "rd": 104447000,
      "sga": null,
      "fcf": 263992000,
      "ocf": 263992000,
      "capex": null,
      "gross_margin": 0.4166548454973166,
      "op_margin": -0.03722814594152987,
      "fcf_margin": 0.1733718966146798,
      "incr_op_margin_yoy": -0.04520980878671859,
      "rev_growth_yoy": 0.31544382532072046,
      "rev_growth_yoy_accel": -0.09099907931496587,
      "op_leverage_ratio": 0.7608548315496063,
      "fcf_margin_change": -0.018989958347481878
    },
    {
      "date": "2024-12-31T00:00:00",
      "quarter_label": "2024-12 (Q4)",
      "revenue": 1550277000,
      "gross_profit": 675698000,
      "operating_income": 27952000,
      "net_income": 61731000,
      "opex": 1522325000,
      "cogs": 874579000,
      "rd": 93796000,
      "sga": null,
      "fcf": 153366000,
      "ocf": 153366000,
      "capex": null,
      "gross_margin": 0.4358563018092896,
      "op_margin": 0.018030326193319,
      "fcf_margin": 0.09892812703794225,
      "incr_op_margin_yoy": 0.27051017525760535,
      "rev_growth_yoy": 0.2659611215228016,
      "rev_growth_yoy_accel": -0.04948270379791886,
      "op_leverage_ratio": Infinity,
      "fcf_margin_change": -0.07444376957673755
    },
    {
      "date": "2025-03-31T00:00:00",
      "quarter_label": "2025-03 (Q1)",
      "revenue": 1450172000,
      "gross_profit": 587298000,
      "operating_income": -28849000,
      "net_income": 2567000,
      "opex": 1479021000,
      "cogs": 862874000,
      "rd": 112495000,
      "sga": null,
      "fcf": 287234000,
      "ocf": 287234000,
      "capex": null,
      "gross_margin": 0.40498506384070304,
      "op_margin": -0.019893502288004457,
      "fcf_margin": 0.19806891872136548,
      "incr_op_margin_yoy": 0.19715443629278898,
      "rev_growth_yoy": 0.13542974050286524,
      "rev_growth_yoy_accel": -0.13053138101993636,
      "fcf_margin_change": 0.09914079168342323
    },
    {
      "date": "2025-06-30T00:00:00",
      "quarter_label": "2025-06 (Q2)",
      "revenue": 1588183000,
      "gross_profit": 652449000,
      "operating_income": 2430000,
      "net_income": 40314000,
      "opex": 1585753000,
      "cogs": 935734000,
      "rd": 109325000,
      "sga": null,
      "fcf": 343728000,
      "ocf": 343728000,
      "capex": null,
      "gross_margin": 0.4108147486782065,
      "op_margin": 0.0015300503783254196,
      "fcf_margin": 0.21642845944075714,
      "incr_op_margin_yoy": 0.1946736511812626,
      "rev_growth_yoy": 0.10609563978309651,
      "rev_growth_yoy_accel": -0.029334100719768733,
      "op_leverage_ratio": 1.318784639510829,
      "fcf_margin_change": 0.018359540719391665
    },
    {
      "date": "2025-09-30T00:00:00",
      "quarter_label": "2025-09 (Q3)",
      "revenue": 1685195000,
      "gross_profit": 757974000,
      "operating_income": 23053000,
      "net_income": 46074000,
      "opex": 1662142000,
      "cogs": 927221000,
      "rd": 109615000,
      "sga": null,
      "fcf": 291251000,
      "ocf": 291251000,
      "capex": null,
      "gross_margin": 0.449784149608799,
      "op_margin": 0.013679722524692989,
      "fcf_margin": 0.17282925714828254,
      "incr_op_margin_yoy": 0.49069863325600144,
      "rev_growth_yoy": 0.10672086016082044,
      "rev_growth_yoy_accel": 0.0006252203777239312,
      "op_leverage_ratio": 1.2680303021730601,
      "fcf_margin_change": -0.043599202292474604
    }
  ],
  "signals": [
    {
      "quarter": "2025-09 (Q3)",
      "signal": "OP MARGIN TURNED POSITIVE (YoY)",
      "detail": "Op margin: -3.7% (year-ago) -> +1.4%",
      "severity": "HIGH"
    },
    {
      "quarter": "2025-06 (Q2)",
      "signal": "OP MARGIN TURNED POSITIVE (YoY)",
      "detail": "Op margin: -1.9% (year-ago) -> +0.2%",
      "severity": "HIGH"
    },
    {
      "quarter": "2025-06 (Q2)",
      "signal": "OP MARGIN TURNED POSITIVE (QoQ)",
      "detail": "Op margin: -2.0% -> +0.2%",
      "severity": "HIGH"
    },
    {
      "quarter": "2025-03 (Q1)",
      "signal": "FCF MARGIN EXPANSION",
      "detail": "FCF margin: +9.9% -> +19.8% (+9.9%)",
      "severity": "MEDIUM"
    },
    {
      "quarter": "2025-03 (Q1)",
      "signal": "YoY REVENUE GROWTH DECELERATION",
      "detail": "YoY growth: +13.5% vs prior quarter YoY: +26.6% (decel: -13.1%)",
      "severity": "WARNING"
    },
    {
      "quarter": "2024-12 (Q4)",
      "signal": "OP MARGIN TURNED POSITIVE (YoY)",
      "detail": "Op margin: -4.9% (year-ago) -> +1.8%",
      "severity": "HIGH"
    },
    {
      "quarter": "2024-12 (Q4)",
      "signal": "OP MARGIN TURNED POSITIVE (QoQ)",
      "detail": "Op margin: -3.7% -> +1.8%",
      "severity": "HIGH"
    },
    {
      "quarter": "2024-09 (Q3)",
      "signal": "YoY REVENUE GROWTH DECELERATION",
      "detail": "YoY growth: +31.5% vs prior quarter YoY: +40.6% (decel: -9.1%)",
      "severity": "WARNING"
    },
    {
      "quarter": "2024-06 (Q2)",
      "signal": "FCF MARGIN EXPANSION",
      "detail": "FCF margin: +12.2% -> +19.2% (+7.0%)",
      "severity": "MEDIUM"
    },
    {
      "quarter": "2024-06 (Q2)",
      "signal": "YoY REVENUE GROWTH ACCELERATION",
      "detail": "YoY growth: +40.6% vs prior quarter YoY: +27.7% (accel: +13.0%)",
      "severity": "MEDIUM"
    },
    {
      "quarter": "2024-03 (Q1)",
      "signal": "FCF MARGIN EXPANSION",
      "detail": "FCF margin: +3.6% -> +12.2% (+8.7%)",
      "severity": "MEDIUM"
    },
    {
      "quarter": "2024-03 (Q1)",
      "signal": "YoY REVENUE GROWTH ACCELERATION",
      "detail": "YoY growth: +27.7% vs prior quarter YoY: +4.2% (accel: +23.4%)",
      "severity": "HIGH"
    },
    {
      "quarter": "2023-12 (Q4)",
      "signal": "YoY REVENUE GROWTH DECELERATION",
      "detail": "YoY growth: +4.2% vs prior quarter YoY: +9.8% (decel: -5.6%)",
      "severity": "WARNING"
    },
    {
      "quarter": "2023-09 (Q3)",
      "signal": "FCF TURNED POSITIVE",
      "detail": "FCF margin: -6.9% -> +0.2%",
      "severity": "HIGH"
    },
    {
      "quarter": "2023-09 (Q3)",
      "signal": "OPERATING LEVERAGE",
      "detail": "Rev growth +13.4% vs OpEx growth +1.6% (leverage: 8.6x)",
      "severity": "MEDIUM"
    },
    {
      "quarter": "2023-09 (Q3)",
      "signal": "GROSS MARGIN INFLECTION",
      "detail": "GM: +45.1% -> +40.6% -> +44.3% (reversal +3.7%)",
      "severity": "MEDIUM"
    },
    {
      "quarter": "2023-09 (Q3)",
      "signal": "YoY REVENUE GROWTH ACCELERATION",
      "detail": "YoY growth: +9.8% vs prior quarter YoY: +3.0% (accel: +6.8%)",
      "severity": "MEDIUM"
    },
    {
      "quarter": "2023-06 (Q2)",
      "signal": "YoY REVENUE GROWTH DECELERATION",
      "detail": "YoY growth: +3.0% vs prior quarter YoY: +14.3% (decel: -11.2%)",
      "severity": "WARNING"
    },
    {
      "quarter": "2023-03 (Q1)",
      "signal": "GROSS MARGIN INFLECTION",
      "detail": "GM: +45.8% -> +34.1% -> +45.1% (reversal +11.0%)",
      "severity": "HIGH"
    },
    {
      "quarter": "2023-03 (Q1)",
      "signal": "YoY REVENUE GROWTH DECELERATION",
      "detail": "YoY growth: +14.3% vs prior quarter YoY: +21.1% (decel: -6.9%)",
      "severity": "WARNING"
    },
    {
      "quarter": "2022-09 (Q3)",
      "signal": "GROSS MARGIN INFLECTION",
      "detail": "GM: +49.7% -> +34.4% -> +45.8% (reversal +11.5%)",
      "severity": "HIGH"
    },
    {
      "quarter": "2022-09 (Q3)",
      "signal": "YoY REVENUE GROWTH DECELERATION",
      "detail": "YoY growth: +21.9% vs prior quarter YoY: +29.5% (decel: -7.6%)",
      "severity": "WARNING"
    },
    {
      "quarter": "2022-06 (Q2)",
      "signal": "FCF MARGIN EXPANSION",
      "detail": "FCF margin: -17.4% -> -2.5% (+14.9%)",
      "severity": "MEDIUM"
    },
    {
      "quarter": "2022-06 (Q2)",
      "signal": "YoY REVENUE GROWTH DECELERATION",
      "detail": "YoY growth: +29.5% vs prior quarter YoY: +43.8% (decel: -14.3%)",
      "severity": "WARNING"
    },
    {
      "quarter": "2022-03 (Q1)",
      "signal": "GROSS MARGIN INFLECTION",
      "detail": "GM: +57.9% -> +43.2% -> +49.7% (reversal +6.5%)",
      "severity": "HIGH"
    },
    {
      "quarter": "2022-03 (Q1)",
      "signal": "YoY REVENUE GROWTH DECELERATION",
      "detail": "YoY growth: +43.8% vs prior quarter YoY: +70.2% (decel: -26.4%)",
      "severity": "WARNING"
    },
    {
      "quarter": "2021-09 (Q3)",
      "signal": "FCF TURNED POSITIVE",
      "detail": "FCF margin: -4.9% -> +4.8%",
      "severity": "HIGH"
    },
    {
      "quarter": "2021-09 (Q3)",
      "signal": "OPERATING LEVERAGE",
      "detail": "Rev growth +13.0% vs OpEx growth +3.6% (leverage: 3.6x)",
      "severity": "MEDIUM"
    },
    {
      "quarter": "2021-06 (Q2)",
      "signal": "FCF MARGIN EXPANSION",
      "detail": "FCF margin: -13.0% -> -4.9% (+8.1%)",
      "severity": "MEDIUM"
    },
    {
      "quarter": "2021-03 (Q1)",
      "signal": "FCF MARGIN EXPANSION",
      "detail": "FCF margin: -46.4% -> -13.0% (+33.4%)",
      "severity": "MEDIUM"
    },
    {
      "quarter": "2021-03 (Q1)",
      "signal": "OPERATING LEVERAGE",
      "detail": "Rev growth +6.9% vs OpEx growth +0.2% (leverage: 33.5x)",
      "severity": "MEDIUM"
    }
  ],
  "data_quality": {
    "n_quarters": 20,
    "coverage": {
      "revenue": [
        20,
        20
      ],
      "gross_profit": [
        20,
        20
      ],
      "op_income": [
        20,
        20
      ],
      "fcf": [
        20,
        20
      ]
    },
    "gaps": [],
    "warnings": []
  },
  "market_cap": null,
  "source": "SEC EDGAR",
  "last_updated": "2026-02-02T20:50:10.107229",
  "sector": "Technology",
  "industry": "Software - Application"
}