{
  "ticker": "LYTS",
  "name": "LSI INDUSTRIES INC.",
  "quarters": [
    {
      "date": "2020-12-31T00:00:00",
      "quarter_label": "2020-12 (Q4)",
      "revenue": 76387000,
      "gross_profit": 19706000,
      "operating_income": 2686000,
      "net_income": 2208000,
      "opex": 17020000,
      "cogs": 56676000,
      "rd": null,
      "sga": 17004000,
      "fcf": 5303000,
      "ocf": 5778000,
      "capex": -475000,
      "gross_margin": 0.25797583358424864,
      "op_margin": 0.03516305130454135,
      "fcf_margin": 0.06942280754578659
    },
    {
      "date": "2021-03-31T00:00:00",
      "quarter_label": "2021-03 (Q1)",
      "revenue": 72204000,
      "gross_profit": 18092000,
      "operating_income": 2096000,
      "net_income": 1472000,
      "opex": 15996000,
      "cogs": 54112000,
      "rd": null,
      "sga": 15996000,
      "fcf": 10580000,
      "ocf": 11217000,
      "capex": -637000,
      "gross_margin": 0.25056783557697637,
      "op_margin": 0.029028862666888262,
      "fcf_margin": 0.14652927815633482,
      "fcf_margin_change": 0.07710647061054823
    },
    {
      "date": "2021-06-30T00:00:00",
      "quarter_label": "2021-06 (Q2)",
      "revenue": 97015000,
      "gross_profit": 22904000,
      "operating_income": 1046000,
      "net_income": 198000,
      "opex": 21858000,
      "cogs": 74118000,
      "rd": null,
      "sga": 21848000,
      "fcf": 2659000,
      "ocf": 3375000,
      "capex": -716000,
      "gross_margin": 0.23608720300984384,
      "op_margin": 0.010781837860124722,
      "fcf_margin": 0.027408132762974796,
      "op_leverage_ratio": 0.9376669151948475,
      "fcf_margin_change": -0.11912114539336002
    },
    {
      "date": "2021-09-30T00:00:00",
      "quarter_label": "2021-09 (Q3)",
      "revenue": 106397000,
      "gross_profit": 24510000,
      "operating_income": 4444000,
      "net_income": 3133000,
      "opex": 20066000,
      "cogs": 81887000,
      "rd": null,
      "sga": 20066000,
      "fcf": -8186000,
      "ocf": -7889000,
      "capex": -297000,
      "gross_margin": 0.23036363807250204,
      "op_margin": 0.0417680949650836,
      "fcf_margin": -0.07693825953739297,
      "op_leverage_ratio": Infinity,
      "fcf_margin_change": -0.10434639230036777
    },
    {
      "date": "2021-12-31T00:00:00",
      "quarter_label": "2021-12 (Q4)",
      "revenue": 111143000,
      "gross_profit": 25448000,
      "operating_income": 4422000,
      "net_income": 3105000,
      "opex": 21026000,
      "cogs": 85695000,
      "rd": null,
      "sga": 21026000,
      "fcf": -9102000,
      "ocf": -8654000,
      "capex": -448000,
      "gross_margin": 0.22896628667572408,
      "op_margin": 0.03978658125118091,
      "fcf_margin": -0.08189449627956777,
      "incr_op_margin_yoy": 0.04994821038094142,
      "rev_growth_yoy": 0.45499888724521187,
      "op_leverage_ratio": 0.9323692162372998,
      "fcf_margin_change": -0.004956236742174797
    },
    {
      "date": "2022-03-31T00:00:00",
      "quarter_label": "2022-03 (Q1)",
      "revenue": 110111000,
      "gross_profit": 26793000,
      "operating_income": 5161000,
      "net_income": 3618000,
      "opex": 21632000,
      "cogs": 83318000,
      "rd": null,
      "sga": 21627000,
      "fcf": 3344000,
      "ocf": 3875000,
      "capex": -531000,
      "gross_margin": 0.2433271880193623,
      "op_margin": 0.04687088483439438,
      "fcf_margin": 0.030369354560398142,
      "incr_op_margin_yoy": 0.08085577861608674,
      "rev_growth_yoy": 0.5249986150351781,
      "rev_growth_yoy_accel": 0.06999972778996622,
      "fcf_margin_change": 0.11226385083996591
    },
    {
      "date": "2022-06-30T00:00:00",
      "quarter_label": "2022-06 (Q2)",
      "revenue": 127469000,
      "gross_profit": 32457000,
      "operating_income": 7174000,
      "net_income": 5176000,
      "opex": 25283000,
      "cogs": 95012000,
      "rd": null,
      "sga": 25276000,
      "fcf": 7959000,
      "ocf": 8805000,
      "capex": -846000,
      "gross_margin": 0.254626615098573,
      "op_margin": 0.05628035051659619,
      "fcf_margin": 0.0624387105884568,
      "incr_op_margin_yoy": 0.20122151441518354,
      "rev_growth_yoy": 0.3139102200690615,
      "rev_growth_yoy_accel": -0.2110883949661166,
      "op_leverage_ratio": 0.9340149303436517,
      "fcf_margin_change": 0.03206935602805866
    },
    {
      "date": "2022-09-30T00:00:00",
      "quarter_label": "2022-09 (Q3)",
      "revenue": 127069000,
      "gross_profit": 34738000,
      "operating_income": 10021000,
      "net_income": 6262000,
      "opex": 24717000,
      "cogs": 92319000,
      "rd": null,
      "sga": 24717000,
      "fcf": 10149000,
      "ocf": 10583000,
      "capex": -434000,
      "gross_margin": 0.2733790302906295,
      "op_margin": 0.07886266516616956,
      "fcf_margin": 0.07986999189416774,
      "incr_op_margin_yoy": 0.2697852167182663,
      "rev_growth_yoy": 0.19429119242083892,
      "rev_growth_yoy_accel": -0.11961902764822258,
      "fcf_margin_change": 0.017431281305710943
    },
    {
      "date": "2022-12-31T00:00:00",
      "quarter_label": "2022-12 (Q4)",
      "revenue": 128804000,
      "gross_profit": 34140000,
      "operating_income": 9038000,
      "net_income": 6417000,
      "opex": 25102000,
      "cogs": 94646000,
      "rd": null,
      "sga": 25102000,
      "fcf": 8918000,
      "ocf": 9479000,
      "capex": -561000,
      "gross_margin": 0.26505388031427596,
      "op_margin": 0.07016862830346883,
      "fcf_margin": 0.06923698021800566,
      "incr_op_margin_yoy": 0.26136685351905325,
      "rev_growth_yoy": 0.15890339472571371,
      "rev_growth_yoy_accel": -0.035387797695125206,
      "op_leverage_ratio": 0.8765867363400986,
      "fcf_margin_change": -0.010633011676162082
    },
    {
      "date": "2023-03-31T00:00:00",
      "quarter_label": "2023-03 (Q1)",
      "revenue": 117470000,
      "gross_profit": 32204000,
      "operating_income": 7732000,
      "net_income": 4669000,
      "opex": 24472000,
      "cogs": 85266000,
      "rd": null,
      "sga": 24472000,
      "fcf": 11727000,
      "ocf": 12486000,
      "capex": -759000,
      "gross_margin": 0.2741465906188814,
      "op_margin": 0.06582106069634801,
      "fcf_margin": 0.09982974376436538,
      "incr_op_margin_yoy": 0.3493681206685691,
      "rev_growth_yoy": 0.06683255987140249,
      "rev_growth_yoy_accel": -0.09207083485431122,
      "fcf_margin_change": 0.030592763546359716
    },
    {
      "date": "2023-06-30T00:00:00",
      "quarter_label": "2023-06 (Q2)",
      "revenue": 123636000,
      "gross_profit": 35863000,
      "operating_income": 10237000,
      "net_income": 8414000,
      "opex": 25626000,
      "cogs": 87773000,
      "rd": null,
      "sga": 25591000,
      "fcf": 15586000,
      "ocf": 17040000,
      "capex": -1454000,
      "gross_margin": 0.2900692354977515,
      "op_margin": 0.08279950823384774,
      "fcf_margin": 0.12606360606942962,
      "incr_op_margin_yoy": -0.7991129663448996,
      "rev_growth_yoy": -0.03007005624897034,
      "rev_growth_yoy_accel": -0.09690261612037283,
      "op_leverage_ratio": 1.1131154397767251,
      "fcf_margin_change": 0.02623386230506425
    },
    {
      "date": "2023-09-30T00:00:00",
      "quarter_label": "2023-09 (Q3)",
      "revenue": 123441000,
      "gross_profit": 36589000,
      "operating_income": 11028000,
      "net_income": 8028000,
      "opex": 25561000,
      "cogs": 86505000,
      "rd": null,
      "sga": 25555000,
      "fcf": 9199000,
      "ocf": 10592000,
      "capex": -1393000,
      "gross_margin": 0.29640881068688685,
      "op_margin": 0.08933822635915134,
      "fcf_margin": 0.07452143129106213,
      "incr_op_margin_yoy": -0.2775633958103638,
      "rev_growth_yoy": -0.02855141694669825,
      "rev_growth_yoy_accel": 0.001518639302272088,
      "fcf_margin_change": -0.05154217477836749
    },
    {
      "date": "2023-12-31T00:00:00",
      "quarter_label": "2023-12 (Q4)",
      "revenue": 109005000,
      "gross_profit": 31536000,
      "operating_income": 7819000,
      "net_income": 5906000,
      "opex": 23717000,
      "cogs": 77438000,
      "rd": null,
      "sga": 23713000,
      "fcf": 7320000,
      "ocf": 9276000,
      "capex": -1956000,
      "gross_margin": 0.2893078299160589,
      "op_margin": 0.0717306545571304,
      "fcf_margin": 0.06715288289528003,
      "incr_op_margin_yoy": 0.06156876609929794,
      "rev_growth_yoy": -0.1537141703673799,
      "rev_growth_yoy_accel": -0.12516275342068164,
      "fcf_margin_change": -0.007368548395782104
    },
    {
      "date": "2024-03-31T00:00:00",
      "quarter_label": "2024-03 (Q1)",
      "revenue": 108186000,
      "gross_profit": 31210000,
      "operating_income": 7660000,
      "net_income": 5375000,
      "opex": 23550000,
      "cogs": 76846000,
      "rd": null,
      "sga": 23538000,
      "fcf": 11152000,
      "ocf": 12429000,
      "capex": -1277000,
      "gross_margin": 0.288484646811972,
      "op_margin": 0.07080398572828277,
      "fcf_margin": 0.10308172961381325,
      "incr_op_margin_yoy": 0.007755277897457992,
      "rev_growth_yoy": -0.07903294458159531,
      "rev_growth_yoy_accel": 0.07468122578578458,
      "fcf_margin_change": 0.03592884671853322
    },
    {
      "date": "2024-06-30T00:00:00",
      "quarter_label": "2024-06 (Q2)",
      "revenue": 129007000,
      "gross_profit": 33833000,
      "operating_income": 9010000,
      "net_income": 5668000,
      "opex": 24823000,
      "cogs": 95173000,
      "rd": null,
      "sga": 24831000,
      "fcf": 10333000,
      "ocf": 11095000,
      "capex": -762000,
      "gross_margin": 0.26225708682474597,
      "op_margin": 0.06984117140930338,
      "fcf_margin": 0.08009642887595247,
      "incr_op_margin_yoy": -0.22844907838391362,
      "rev_growth_yoy": 0.0434420395354104,
      "rev_growth_yoy_accel": 0.1224749841170057,
      "op_leverage_ratio": 3.560352745030238,
      "fcf_margin_change": -0.022985300737860773
    },
    {
      "date": "2024-09-30T00:00:00",
      "quarter_label": "2024-09 (Q3)",
      "revenue": 138095000,
      "gross_profit": 33647000,
      "operating_income": 9131000,
      "net_income": 6682000,
      "opex": 24516000,
      "cogs": 104448000,
      "rd": null,
      "sga": 24516000,
      "fcf": 11087000,
      "ocf": 11846000,
      "capex": -759000,
      "gross_margin": 0.24365110974329265,
      "op_margin": 0.06612114848473877,
      "fcf_margin": 0.08028531083674283,
      "incr_op_margin_yoy": -0.1294527091579091,
      "rev_growth_yoy": 0.11871258333940911,
      "rev_growth_yoy_accel": 0.07527054380399871,
      "op_leverage_ratio": Infinity,
      "fcf_margin_change": 0.0001888819607903519
    },
    {
      "date": "2024-12-31T00:00:00",
      "quarter_label": "2024-12 (Q4)",
      "revenue": 147734000,
      "gross_profit": 34861000,
      "operating_income": 8459000,
      "net_income": 5647000,
      "opex": 26402000,
      "cogs": 112873000,
      "rd": null,
      "sga": 26402000,
      "fcf": 8825000,
      "ocf": 9891000,
      "capex": -1066000,
      "gross_margin": 0.2359714080712632,
      "op_margin": 0.057258315621319396,
      "fcf_margin": 0.05973574126470548,
      "incr_op_margin_yoy": 0.016525084561956158,
      "rev_growth_yoy": 0.35529562864088804,
      "rev_growth_yoy_accel": 0.23658304530147894,
      "op_leverage_ratio": 0.9073230628691418,
      "fcf_margin_change": -0.020549569572037345
    },
    {
      "date": "2025-03-31T00:00:00",
      "quarter_label": "2025-03 (Q1)",
      "revenue": 132481000,
      "gross_profit": 32843000,
      "operating_income": 6235000,
      "net_income": 3883000,
      "opex": 26608000,
      "cogs": 99638000,
      "rd": null,
      "sga": 26608000,
      "fcf": 6192000,
      "ocf": 6882000,
      "capex": -690000,
      "gross_margin": 0.24790724707693934,
      "op_margin": 0.04706335248073309,
      "fcf_margin": 0.04673877763603838,
      "incr_op_margin_yoy": -0.058654044041983947,
      "rev_growth_yoy": 0.22456694951287598,
      "rev_growth_yoy_accel": -0.13072867912801206,
      "fcf_margin_change": -0.012996963628667105
    },
    {
      "date": "2025-06-30T00:00:00",
      "quarter_label": "2025-06 (Q2)",
      "revenue": 155067000,
      "gross_profit": 40429000,
      "operating_income": 11944000,
      "net_income": 8171000,
      "opex": 28485000,
      "cogs": 114413000,
      "rd": null,
      "sga": 28410000,
      "fcf": 8549000,
      "ocf": 9499000,
      "capex": -950000,
      "gross_margin": 0.26071955993215834,
      "op_margin": 0.07702476993815577,
      "fcf_margin": 0.0551310078869134,
      "incr_op_margin_yoy": 0.11258633921719109,
      "rev_growth_yoy": 0.20200454238917268,
      "rev_growth_yoy_accel": -0.022562407123703304,
      "op_leverage_ratio": 2.4167608968300023,
      "fcf_margin_change": 0.008392230250875023
    },
    {
      "date": "2025-09-30T00:00:00",
      "quarter_label": "2025-09 (Q3)",
      "revenue": 157249000,
      "gross_profit": 40277000,
      "operating_income": 10972000,
      "net_income": 7264000,
      "opex": 29305000,
      "cogs": 116972000,
      "rd": null,
      "sga": 29305000,
      "fcf": -291000,
      "ocf": 676000,
      "capex": -967000,
      "gross_margin": 0.25613517415055104,
      "op_margin": 0.06977468855127855,
      "fcf_margin": -0.001850568207111015,
      "incr_op_margin_yoy": 0.0961156938498486,
      "rev_growth_yoy": 0.1387016184510663,
      "rev_growth_yoy_accel": -0.06330292393810638,
      "op_leverage_ratio": 0.48880735581330936,
      "fcf_margin_change": -0.05698157609402441
    }
  ],
  "signals": [
    {
      "quarter": "2025-09 (Q3)",
      "signal": "YoY REVENUE GROWTH DECELERATION",
      "detail": "YoY growth: +13.9% vs prior quarter YoY: +20.2% (decel: -6.3%)",
      "severity": "WARNING"
    },
    {
      "quarter": "2025-06 (Q2)",
      "signal": "OPERATING LEVERAGE",
      "detail": "Rev growth +17.0% vs OpEx growth +7.1% (leverage: 2.4x)",
      "severity": "MEDIUM"
    },
    {
      "quarter": "2025-03 (Q1)",
      "signal": "YoY REVENUE GROWTH DECELERATION",
      "detail": "YoY growth: +22.5% vs prior quarter YoY: +35.5% (decel: -13.1%)",
      "severity": "WARNING"
    },
    {
      "quarter": "2024-12 (Q4)",
      "signal": "YoY REVENUE GROWTH ACCELERATION",
      "detail": "YoY growth: +35.5% vs prior quarter YoY: +11.9% (accel: +23.7%)",
      "severity": "HIGH"
    },
    {
      "quarter": "2024-09 (Q3)",
      "signal": "YoY REVENUE GROWTH ACCELERATION",
      "detail": "YoY growth: +11.9% vs prior quarter YoY: +4.3% (accel: +7.5%)",
      "severity": "MEDIUM"
    },
    {
      "quarter": "2024-06 (Q2)",
      "signal": "OPERATING LEVERAGE",
      "detail": "Rev growth +19.2% vs OpEx growth +5.4% (leverage: 3.6x)",
      "severity": "MEDIUM"
    },
    {
      "quarter": "2024-06 (Q2)",
      "signal": "YoY REVENUE GROWTH ACCELERATION",
      "detail": "YoY growth: +4.3% vs prior quarter YoY: -7.9% (accel: +12.2%)",
      "severity": "MEDIUM"
    },
    {
      "quarter": "2024-03 (Q1)",
      "signal": "YoY REVENUE GROWTH ACCELERATION",
      "detail": "YoY growth: -7.9% vs prior quarter YoY: -15.4% (accel: +7.5%)",
      "severity": "MEDIUM"
    },
    {
      "quarter": "2023-12 (Q4)",
      "signal": "YoY REVENUE GROWTH DECELERATION",
      "detail": "YoY growth: -15.4% vs prior quarter YoY: -2.9% (decel: -12.5%)",
      "severity": "WARNING"
    },
    {
      "quarter": "2023-06 (Q2)",
      "signal": "YoY REVENUE GROWTH DECELERATION",
      "detail": "YoY growth: -3.0% vs prior quarter YoY: +6.7% (decel: -9.7%)",
      "severity": "WARNING"
    },
    {
      "quarter": "2023-03 (Q1)",
      "signal": "YoY REVENUE GROWTH DECELERATION",
      "detail": "YoY growth: +6.7% vs prior quarter YoY: +15.9% (decel: -9.2%)",
      "severity": "WARNING"
    },
    {
      "quarter": "2023-03 (Q1)",
      "signal": "INCREMENTAL MARGIN (YoY)",
      "detail": "YoY Incr OPM: +34.9% vs year-ago OPM: +4.7%",
      "severity": "HIGH"
    },
    {
      "quarter": "2022-12 (Q4)",
      "signal": "INCREMENTAL MARGIN (YoY)",
      "detail": "YoY Incr OPM: +26.1% vs year-ago OPM: +4.0%",
      "severity": "HIGH"
    },
    {
      "quarter": "2022-09 (Q3)",
      "signal": "YoY REVENUE GROWTH DECELERATION",
      "detail": "YoY growth: +19.4% vs prior quarter YoY: +31.4% (decel: -12.0%)",
      "severity": "WARNING"
    },
    {
      "quarter": "2022-09 (Q3)",
      "signal": "INCREMENTAL MARGIN (YoY)",
      "detail": "YoY Incr OPM: +27.0% vs year-ago OPM: +4.2%",
      "severity": "HIGH"
    },
    {
      "quarter": "2022-06 (Q2)",
      "signal": "YoY REVENUE GROWTH DECELERATION",
      "detail": "YoY growth: +31.4% vs prior quarter YoY: +52.5% (decel: -21.1%)",
      "severity": "WARNING"
    },
    {
      "quarter": "2022-06 (Q2)",
      "signal": "INCREMENTAL MARGIN (YoY)",
      "detail": "YoY Incr OPM: +20.1% vs year-ago OPM: +1.1%",
      "severity": "MEDIUM"
    },
    {
      "quarter": "2022-03 (Q1)",
      "signal": "FCF TURNED POSITIVE",
      "detail": "FCF margin: -8.2% -> +3.0%",
      "severity": "HIGH"
    },
    {
      "quarter": "2022-03 (Q1)",
      "signal": "YoY REVENUE GROWTH ACCELERATION",
      "detail": "YoY growth: +52.5% vs prior quarter YoY: +45.5% (accel: +7.0%)",
      "severity": "MEDIUM"
    },
    {
      "quarter": "2021-03 (Q1)",
      "signal": "FCF MARGIN EXPANSION",
      "detail": "FCF margin: +6.9% -> +14.7% (+7.7%)",
      "severity": "MEDIUM"
    }
  ],
  "data_quality": {
    "n_quarters": 20,
    "coverage": {
      "revenue": [
        20,
        20
      ],
      "gross_profit": [
        20,
        20
      ],
      "op_income": [
        20,
        20
      ],
      "fcf": [
        20,
        20
      ]
    },
    "gaps": [],
    "warnings": []
  },
  "market_cap": null,
  "source": "SEC EDGAR",
  "last_updated": "2026-02-02T22:13:52.698525",
  "sector": "Technology",
  "industry": "Electronic Components"
}