{
  "ticker": "LZB",
  "name": "LA-Z-BOY INCORPORATED",
  "sector": "Consumer Cyclical",
  "industry": "Furnishings, Fixtures & Appliances",
  "quarters": [
    {
      "date": "2021-04-24T00:00:00",
      "quarter_label": "2021-04 (Q2)",
      "revenue": 519470000,
      "gross_profit": 222090000,
      "operating_income": 50058000,
      "net_income": 37496000,
      "opex": 172032000,
      "cogs": 297380000,
      "rd": null,
      "sga": 172032000,
      "fcf": 48848000,
      "ocf": 60086000,
      "capex": -11238000,
      "gross_margin": 0.4275319075211273,
      "op_margin": 0.0963636013629276,
      "fcf_margin": 0.09403430419465994
    },
    {
      "date": "2021-07-24T00:00:00",
      "quarter_label": "2021-07 (Q3)",
      "revenue": 524783000,
      "gross_profit": 202082000,
      "operating_income": 34371000,
      "net_income": 24566000,
      "opex": 167711000,
      "cogs": 322701000,
      "rd": null,
      "sga": 167711000,
      "fcf": -13180000,
      "ocf": 6163000,
      "capex": -19343000,
      "gross_margin": 0.38507726050577096,
      "op_margin": 0.0654956429609953,
      "fcf_margin": -0.025115142830465165,
      "op_leverage_ratio": null,
      "fcf_margin_change": -0.1191494470251251
    },
    {
      "date": "2021-10-23T00:00:00",
      "quarter_label": "2021-10 (Q4)",
      "revenue": 575889000,
      "gross_profit": 223295000,
      "operating_income": 54113000,
      "net_income": 39516000,
      "opex": 169182000,
      "cogs": 352594000,
      "rd": null,
      "sga": 169182000,
      "fcf": -4700000,
      "ocf": 9271000,
      "capex": -13971000,
      "gross_margin": 0.3877396512175089,
      "op_margin": 0.09396428825693841,
      "fcf_margin": -0.008161294971774074,
      "op_leverage_ratio": 11.103017094658943,
      "fcf_margin_change": 0.01695384785869109
    },
    {
      "date": "2022-01-22T00:00:00",
      "quarter_label": "2022-01 (Q1)",
      "revenue": 571573000,
      "gross_profit": 219365000,
      "operating_income": 39487000,
      "net_income": 28467000,
      "opex": 179878000,
      "cogs": 352208000,
      "rd": null,
      "sga": 179878000,
      "fcf": 4487000,
      "ocf": 29758000,
      "capex": -25271000,
      "gross_margin": 0.38379174663603777,
      "op_margin": 0.06908478881962583,
      "fcf_margin": 0.007850265845307599,
      "fcf_margin_change": 0.016011560817081674
    },
    {
      "date": "2022-04-30T00:00:00",
      "quarter_label": "2022-04 (Q2)",
      "revenue": 684566000,
      "gross_profit": 271227000,
      "operating_income": 78785000,
      "net_income": 57468000,
      "opex": 192442000,
      "cogs": 413339000,
      "rd": null,
      "sga": 192442000,
      "fcf": 15817000,
      "ocf": 33812000,
      "capex": -17995000,
      "gross_margin": 0.3962028496887079,
      "op_margin": 0.11508751530166558,
      "fcf_margin": 0.023105149832156432,
      "incr_op_margin_yoy": 0.1740017928962543,
      "rev_growth_yoy": 0.31781623577877455,
      "op_leverage_ratio": 2.8302836106773186,
      "fcf_margin_change": 0.015254883986848834
    },
    {
      "date": "2022-07-30T00:00:00",
      "quarter_label": "2022-07 (Q3)",
      "revenue": 604091000,
      "gross_profit": 241460000,
      "operating_income": 52643000,
      "net_income": 38488000,
      "opex": 188817000,
      "cogs": 362631000,
      "rd": null,
      "sga": 188817000,
      "fcf": 12105000,
      "ocf": 33104000,
      "capex": -20999000,
      "gross_margin": 0.3997079910145988,
      "op_margin": 0.08714415543353568,
      "fcf_margin": 0.020038371702276642,
      "incr_op_margin_yoy": 0.23039289857265347,
      "rev_growth_yoy": 0.1511253222760646,
      "rev_growth_yoy_accel": -0.16669091350270995,
      "fcf_margin_change": -0.00306677812987979
    },
    {
      "date": "2022-10-29T00:00:00",
      "quarter_label": "2022-10 (Q4)",
      "revenue": 611332000,
      "gross_profit": 260736000,
      "operating_income": 61883000,
      "net_income": 46077000,
      "opex": 198853000,
      "cogs": 350596000,
      "rd": null,
      "sga": 198853000,
      "fcf": -21593000,
      "ocf": -2150000,
      "capex": -19443000,
      "gross_margin": 0.42650474701144386,
      "op_margin": 0.10122650212977563,
      "fcf_margin": -0.0353212329797884,
      "incr_op_margin_yoy": 0.21922523488418022,
      "rev_growth_yoy": 0.0615448463158699,
      "rev_growth_yoy_accel": -0.0895804759601947,
      "op_leverage_ratio": 0.2255156171226064,
      "fcf_margin_change": -0.055359604682065036
    },
    {
      "date": "2023-01-28T00:00:00",
      "quarter_label": "2023-01 (Q1)",
      "revenue": 572723000,
      "gross_profit": 246427000,
      "operating_income": 42840000,
      "net_income": 31726000,
      "opex": 203587000,
      "cogs": 326296000,
      "rd": null,
      "sga": 203587000,
      "fcf": 79101000,
      "ocf": 96098000,
      "capex": -16997000,
      "gross_margin": 0.43027257504936944,
      "op_margin": 0.07480055803590915,
      "fcf_margin": 0.13811388751630368,
      "incr_op_margin_yoy": 2.9156521739130437,
      "rev_growth_yoy": 0.002011991469156171,
      "rev_growth_yoy_accel": -0.05953285484671373,
      "fcf_margin_change": 0.17343512049609208
    },
    {
      "date": "2023-04-29T00:00:00",
      "quarter_label": "2023-04 (Q2)",
      "revenue": 561287000,
      "gross_profit": 260076000,
      "operating_income": 54073000,
      "net_income": 34373000,
      "opex": 206003000,
      "cogs": 301211000,
      "rd": null,
      "sga": 206003000,
      "fcf": 66742000,
      "ocf": 78115000,
      "capex": -11373000,
      "gross_margin": 0.46335653596110365,
      "op_margin": 0.09633752429683923,
      "fcf_margin": 0.11890886480534914,
      "incr_op_margin_yoy": 0.2004558765077588,
      "rev_growth_yoy": -0.1800834397267758,
      "rev_growth_yoy_accel": -0.18209543119593197,
      "fcf_margin_change": -0.019205022710954547
    },
    {
      "date": "2023-07-29T00:00:00",
      "quarter_label": "2023-07 (Q3)",
      "revenue": 481651000,
      "gross_profit": 205728000,
      "operating_income": 34526000,
      "net_income": 27479000,
      "opex": 171202000,
      "cogs": 275923000,
      "rd": null,
      "sga": 171202000,
      "fcf": 12456000,
      "ocf": 25913000,
      "capex": -13457000,
      "gross_margin": 0.4271308478545669,
      "op_margin": 0.07168260836165605,
      "fcf_margin": 0.02586104876767618,
      "incr_op_margin_yoy": 0.14796635086573015,
      "rev_growth_yoy": -0.20268469485557639,
      "rev_growth_yoy_accel": -0.022601255128800596,
      "fcf_margin_change": -0.09304781603767295
    },
    {
      "date": "2023-10-28T00:00:00",
      "quarter_label": "2023-10 (Q4)",
      "revenue": 511435000,
      "gross_profit": 222605000,
      "operating_income": 33612000,
      "net_income": 27199000,
      "opex": 188993000,
      "cogs": 288830000,
      "rd": null,
      "sga": 188993000,
      "fcf": 17919000,
      "ocf": 30963000,
      "capex": -13044000,
      "gross_margin": 0.43525570209313014,
      "op_margin": 0.06572096160802449,
      "fcf_margin": 0.035036710432410766,
      "incr_op_margin_yoy": 0.28300149153628235,
      "rev_growth_yoy": -0.1634087533451545,
      "rev_growth_yoy_accel": 0.03927594151042188,
      "op_leverage_ratio": 0.5950576339192208,
      "fcf_margin_change": 0.009175661664734585
    },
    {
      "date": "2024-01-27T00:00:00",
      "quarter_label": "2024-01 (Q1)",
      "revenue": 500406000,
      "gross_profit": 213254000,
      "operating_income": 32561000,
      "net_income": 28640000,
      "opex": 180693000,
      "cogs": 287152000,
      "rd": null,
      "sga": 180693000,
      "fcf": 36945000,
      "ocf": 48478000,
      "capex": -11533000,
      "gross_margin": 0.42616195649132904,
      "op_margin": 0.06506916383896276,
      "fcf_margin": 0.07383004999940049,
      "incr_op_margin_yoy": 0.1421380864803573,
      "rev_growth_yoy": -0.12626871978251267,
      "rev_growth_yoy_accel": 0.03714003356264184,
      "fcf_margin_change": 0.03879333956698972
    },
    {
      "date": "2024-04-27T00:00:00",
      "quarter_label": "2024-04 (Q2)",
      "revenue": 553535000,
      "gross_profit": 240083000,
      "operating_income": 50097000,
      "net_income": 39308000,
      "opex": 189986000,
      "cogs": 313452000,
      "rd": null,
      "sga": 189986000,
      "fcf": 37256000,
      "ocf": 52773000,
      "capex": -15517000,
      "gross_margin": 0.4337268646065741,
      "op_margin": 0.09050376218305979,
      "fcf_margin": 0.06730559043240265,
      "incr_op_margin_yoy": 0.5128998968008256,
      "rev_growth_yoy": -0.013811116238216813,
      "rev_growth_yoy_accel": 0.11245760354429585,
      "op_leverage_ratio": 2.0644032046516267,
      "fcf_margin_change": -0.006524459566997834
    },
    {
      "date": "2024-07-27T00:00:00",
      "quarter_label": "2024-07 (Q3)",
      "revenue": 495532000,
      "gross_profit": 213343000,
      "operating_income": 32370000,
      "net_income": 26159000,
      "opex": 180973000,
      "cogs": 282189000,
      "rd": null,
      "sga": 180973000,
      "fcf": 36698000,
      "ocf": 52318000,
      "capex": -15620000,
      "gross_margin": 0.43053324507801716,
      "op_margin": 0.06532373287698877,
      "fcf_margin": 0.07405778032498406,
      "incr_op_margin_yoy": -0.15532022188603126,
      "rev_growth_yoy": 0.028819622506752816,
      "rev_growth_yoy_accel": 0.04263073874496963,
      "fcf_margin_change": 0.006752189892581403
    },
    {
      "date": "2024-10-26T00:00:00",
      "quarter_label": "2024-10 (Q4)",
      "revenue": 521027000,
      "gross_profit": 230648000,
      "operating_income": 38772000,
      "net_income": 30037000,
      "opex": 191876000,
      "cogs": 290379000,
      "rd": null,
      "sga": 191876000,
      "fcf": -1214000,
      "ocf": 15935000,
      "capex": -17149000,
      "gross_margin": 0.4426795540346278,
      "op_margin": 0.0744145696864078,
      "fcf_margin": -0.002330013607740098,
      "incr_op_margin_yoy": 0.5379482902418682,
      "rev_growth_yoy": 0.018755071514464202,
      "rev_growth_yoy_accel": -0.010064550992288614,
      "op_leverage_ratio": 0.8539866562932421,
      "fcf_margin_change": -0.07638779393272416
    },
    {
      "date": "2025-01-25T00:00:00",
      "quarter_label": "2025-01 (Q1)",
      "revenue": 521777000,
      "gross_profit": 231365000,
      "operating_income": 35168000,
      "net_income": 28429000,
      "opex": 196197000,
      "cogs": 290412000,
      "rd": null,
      "sga": 196197000,
      "fcf": 38247000,
      "ocf": 57016000,
      "capex": -18769000,
      "gross_margin": 0.44341739862048346,
      "op_margin": 0.06740044118464401,
      "fcf_margin": 0.07330142953790604,
      "incr_op_margin_yoy": 0.12198774039586355,
      "rev_growth_yoy": 0.04270732165481629,
      "rev_growth_yoy_accel": 0.02395225014035209,
      "fcf_margin_change": 0.07563144314564614
    },
    {
      "date": "2025-04-26T00:00:00",
      "quarter_label": "2025-04 (Q2)",
      "revenue": 570871000,
      "gross_profit": 251062000,
      "operating_income": 29527000,
      "net_income": 14931000,
      "opex": 221535000,
      "cogs": 319809000,
      "rd": null,
      "sga": 200954000,
      "fcf": 39260000,
      "ocf": 62002000,
      "capex": -22742000,
      "gross_margin": 0.43978762277292066,
      "op_margin": 0.05172271844252029,
      "fcf_margin": 0.06877210438084962,
      "incr_op_margin_yoy": -1.1865482233502538,
      "rev_growth_yoy": 0.031318706134210124,
      "rev_growth_yoy_accel": -0.011388615520606167,
      "op_leverage_ratio": 0.7285569700984728,
      "fcf_margin_change": -0.004529325157056424
    },
    {
      "date": "2025-07-26T00:00:00",
      "quarter_label": "2025-07 (Q3)",
      "revenue": 492229000,
      "gross_profit": 209197000,
      "operating_income": 21987000,
      "net_income": 18204000,
      "opex": 187210000,
      "cogs": 283032000,
      "rd": null,
      "sga": 187210000,
      "fcf": 17831000,
      "ocf": 36292000,
      "capex": -18461000,
      "gross_margin": 0.4249993397382113,
      "op_margin": 0.044668233687978565,
      "fcf_margin": 0.03622500909129694,
      "incr_op_margin_yoy": 3.1435059037238875,
      "rev_growth_yoy": -0.006665563475214517,
      "rev_growth_yoy_accel": -0.037984269609424644,
      "fcf_margin_change": -0.03254709528955268
    },
    {
      "date": "2025-10-25T00:00:00",
      "quarter_label": "2025-10 (Q4)",
      "revenue": 522480000,
      "gross_profit": 231138000,
      "operating_income": 36179000,
      "net_income": 28858000,
      "opex": 194959000,
      "cogs": 291342000,
      "rd": null,
      "sga": 194959000,
      "fcf": 29566000,
      "ocf": 50032000,
      "capex": -20466000,
      "gross_margin": 0.44238631143775836,
      "op_margin": 0.06924475578012555,
      "fcf_margin": 0.05658781197366406,
      "incr_op_margin_yoy": -1.7845836200963523,
      "rev_growth_yoy": 0.002788723041224351,
      "rev_growth_yoy_accel": 0.009454286516438868,
      "op_leverage_ratio": 1.484758844899418,
      "fcf_margin_change": 0.020362802882367123
    },
    {
      "date": "2026-01-24T00:00:00",
      "quarter_label": "2026-01 (Q1)",
      "revenue": 541588000,
      "gross_profit": 233511000,
      "operating_income": 29811000,
      "net_income": 21650000,
      "opex": 203700000,
      "cogs": 308077000,
      "rd": null,
      "sga": 203700000,
      "fcf": 71556000,
      "ocf": 89366000,
      "capex": -17810000,
      "gross_margin": 0.43115984844568195,
      "op_margin": 0.05504368634460143,
      "fcf_margin": 0.13212257287827647,
      "incr_op_margin_yoy": -0.27040533037201553,
      "rev_growth_yoy": 0.03796832746556479,
      "rev_growth_yoy_accel": 0.03517960442434044,
      "op_leverage_ratio": 0.8156948684939993,
      "fcf_margin_change": 0.07553476090461242
    }
  ],
  "signals": [
    {
      "quarter": "2026-01 (Q1)",
      "signal": "FCF MARGIN EXPANSION",
      "detail": "FCF margin: +5.7% -> +13.2% (+7.6%)",
      "severity": "MEDIUM"
    },
    {
      "quarter": "2025-07 (Q3)",
      "signal": "INCREMENTAL MARGIN (YoY)",
      "detail": "YoY Incr OPM: +314.4% vs year-ago OPM: +6.5%",
      "severity": "HIGH"
    },
    {
      "quarter": "2025-01 (Q1)",
      "signal": "FCF TURNED POSITIVE",
      "detail": "FCF margin: -0.2% -> +7.3%",
      "severity": "HIGH"
    },
    {
      "quarter": "2024-10 (Q4)",
      "signal": "INCREMENTAL MARGIN (YoY)",
      "detail": "YoY Incr OPM: +53.8% vs year-ago OPM: +6.6%",
      "severity": "HIGH"
    },
    {
      "quarter": "2024-04 (Q2)",
      "signal": "OPERATING LEVERAGE",
      "detail": "Rev growth +10.6% vs OpEx growth +5.1% (leverage: 2.1x)",
      "severity": "MEDIUM"
    },
    {
      "quarter": "2024-04 (Q2)",
      "signal": "YoY REVENUE GROWTH ACCELERATION",
      "detail": "YoY growth: -1.4% vs prior quarter YoY: -12.6% (accel: +11.2%)",
      "severity": "MEDIUM"
    },
    {
      "quarter": "2024-04 (Q2)",
      "signal": "INCREMENTAL MARGIN (YoY)",
      "detail": "YoY Incr OPM: +51.3% vs year-ago OPM: +9.6%",
      "severity": "HIGH"
    },
    {
      "quarter": "2023-10 (Q4)",
      "signal": "INCREMENTAL MARGIN (YoY)",
      "detail": "YoY Incr OPM: +28.3% vs year-ago OPM: +10.1%",
      "severity": "MEDIUM"
    },
    {
      "quarter": "2023-04 (Q2)",
      "signal": "YoY REVENUE GROWTH DECELERATION",
      "detail": "YoY growth: -18.0% vs prior quarter YoY: +0.2% (decel: -18.2%)",
      "severity": "WARNING"
    },
    {
      "quarter": "2023-01 (Q1)",
      "signal": "FCF TURNED POSITIVE",
      "detail": "FCF margin: -3.5% -> +13.8%",
      "severity": "HIGH"
    },
    {
      "quarter": "2023-01 (Q1)",
      "signal": "YoY REVENUE GROWTH DECELERATION",
      "detail": "YoY growth: +0.2% vs prior quarter YoY: +6.2% (decel: -6.0%)",
      "severity": "WARNING"
    },
    {
      "quarter": "2023-01 (Q1)",
      "signal": "INCREMENTAL MARGIN (YoY)",
      "detail": "YoY Incr OPM: +291.6% vs year-ago OPM: +6.9%",
      "severity": "HIGH"
    },
    {
      "quarter": "2022-10 (Q4)",
      "signal": "YoY REVENUE GROWTH DECELERATION",
      "detail": "YoY growth: +6.2% vs prior quarter YoY: +15.1% (decel: -9.0%)",
      "severity": "WARNING"
    },
    {
      "quarter": "2022-10 (Q4)",
      "signal": "INCREMENTAL MARGIN (YoY)",
      "detail": "YoY Incr OPM: +21.9% vs year-ago OPM: +9.4%",
      "severity": "MEDIUM"
    },
    {
      "quarter": "2022-07 (Q3)",
      "signal": "YoY REVENUE GROWTH DECELERATION",
      "detail": "YoY growth: +15.1% vs prior quarter YoY: +31.8% (decel: -16.7%)",
      "severity": "WARNING"
    },
    {
      "quarter": "2022-07 (Q3)",
      "signal": "INCREMENTAL MARGIN (YoY)",
      "detail": "YoY Incr OPM: +23.0% vs year-ago OPM: +6.5%",
      "severity": "MEDIUM"
    },
    {
      "quarter": "2022-04 (Q2)",
      "signal": "OPERATING LEVERAGE",
      "detail": "Rev growth +19.8% vs OpEx growth +7.0% (leverage: 2.8x)",
      "severity": "MEDIUM"
    },
    {
      "quarter": "2022-01 (Q1)",
      "signal": "FCF TURNED POSITIVE",
      "detail": "FCF margin: -0.8% -> +0.8%",
      "severity": "HIGH"
    },
    {
      "quarter": "2021-10 (Q4)",
      "signal": "OPERATING LEVERAGE",
      "detail": "Rev growth +9.7% vs OpEx growth +0.9% (leverage: 11.1x)",
      "severity": "MEDIUM"
    }
  ],
  "data_quality": {
    "n_quarters": 20,
    "coverage": {
      "revenue": [
        20,
        20
      ],
      "gross_profit": [
        20,
        20
      ],
      "op_income": [
        20,
        20
      ],
      "fcf": [
        20,
        20
      ]
    },
    "gaps": [],
    "warnings": []
  },
  "market_cap": null,
  "source": "SEC EDGAR",
  "last_updated": "2026-02-24T10:35:18.244540"
}