{
  "ticker": "M",
  "name": "MACY'S, INC.",
  "quarters": [
    {
      "date": "2021-01-30T00:00:00",
      "quarter_label": "2021-01 (Q1)",
      "revenue": 6780000000,
      "gross_profit": 2282000000,
      "operating_income": 401000000,
      "net_income": 160000000,
      "opex": 1881000000,
      "cogs": 4498000000,
      "rd": null,
      "sga": 2045000000,
      "fcf": 357000000,
      "ocf": 405000000,
      "capex": -48000000,
      "gross_margin": 0.33657817109144544,
      "op_margin": 0.05914454277286136,
      "fcf_margin": 0.05265486725663717
    },
    {
      "date": "2021-05-01T00:00:00",
      "quarter_label": "2021-05 (Q2)",
      "revenue": 4706000000,
      "gross_profit": 1817000000,
      "operating_income": 215000000,
      "net_income": 103000000,
      "opex": 1602000000,
      "cogs": 2889000000,
      "rd": null,
      "sga": 1748000000,
      "fcf": 433000000,
      "ocf": 494000000,
      "capex": -61000000,
      "gross_margin": 0.3861028474288143,
      "op_margin": 0.04568635784105397,
      "fcf_margin": 0.09201019974500638,
      "fcf_margin_change": 0.039355332488369206
    },
    {
      "date": "2021-07-31T00:00:00",
      "quarter_label": "2021-07 (Q3)",
      "revenue": 5647000000,
      "gross_profit": 2294000000,
      "operating_income": 597000000,
      "net_income": 345000000,
      "opex": 1697000000,
      "cogs": 3353000000,
      "rd": null,
      "sga": 1898000000,
      "fcf": 390000000,
      "ocf": 471000000,
      "capex": -81000000,
      "gross_margin": 0.4062333982645653,
      "op_margin": 0.1057198512484505,
      "fcf_margin": 0.0690632194085355,
      "op_leverage_ratio": 3.3719149126534993,
      "fcf_margin_change": -0.02294698033647087
    },
    {
      "date": "2021-10-30T00:00:00",
      "quarter_label": "2021-10 (Q4)",
      "revenue": 5440000000,
      "gross_profit": 2233000000,
      "operating_income": 523000000,
      "net_income": 239000000,
      "opex": 1710000000,
      "cogs": 3207000000,
      "rd": null,
      "sga": 1973000000,
      "fcf": -212000000,
      "ocf": -124000000,
      "capex": -88000000,
      "gross_margin": 0.4104779411764706,
      "op_margin": 0.09613970588235295,
      "fcf_margin": -0.03897058823529412,
      "fcf_margin_change": -0.10803380764382962
    },
    {
      "date": "2022-01-29T00:00:00",
      "quarter_label": "2022-01 (Q1)",
      "revenue": 9605000000,
      "gross_profit": 4098000000,
      "operating_income": 1015000000,
      "net_income": 743000000,
      "opex": 3083000000,
      "cogs": 5507000000,
      "rd": null,
      "sga": 2429000000,
      "fcf": 1747000000,
      "ocf": 1871000000,
      "capex": -124000000,
      "gross_margin": 0.42665278500780845,
      "op_margin": 0.10567412805830297,
      "fcf_margin": 0.18188443519000522,
      "incr_op_margin_yoy": 0.21734513274336284,
      "rev_growth_yoy": 0.4166666666666667,
      "op_leverage_ratio": 0.953546067006555,
      "fcf_margin_change": 0.22085502342529933
    },
    {
      "date": "2022-04-30T00:00:00",
      "quarter_label": "2022-04 (Q2)",
      "revenue": 5565000000,
      "gross_profit": 2334000000,
      "operating_income": 463000000,
      "net_income": 286000000,
      "opex": 1871000000,
      "cogs": 3231000000,
      "rd": null,
      "sga": 1879000000,
      "fcf": 77000000,
      "ocf": 248000000,
      "capex": -171000000,
      "gross_margin": 0.41940700808625336,
      "op_margin": 0.08319856244384546,
      "fcf_margin": 0.013836477987421384,
      "incr_op_margin_yoy": 0.28870779976717115,
      "rev_growth_yoy": 0.18253293667658307,
      "rev_growth_yoy_accel": -0.2341337299900836,
      "fcf_margin_change": -0.16804795720258384
    },
    {
      "date": "2022-07-30T00:00:00",
      "quarter_label": "2022-07 (Q3)",
      "revenue": 5834000000,
      "gross_profit": 2412000000,
      "operating_income": 399000000,
      "net_income": 275000000,
      "opex": 2013000000,
      "cogs": 3422000000,
      "rd": null,
      "sga": 1981000000,
      "fcf": -152000000,
      "ocf": 55000000,
      "capex": -207000000,
      "gross_margin": 0.4134384641755228,
      "op_margin": 0.06839218375042852,
      "fcf_margin": -0.026054165238258483,
      "incr_op_margin_yoy": -1.0588235294117647,
      "rev_growth_yoy": 0.03311492828050292,
      "rev_growth_yoy_accel": -0.14941800839608016,
      "op_leverage_ratio": 0.6369019146324488,
      "fcf_margin_change": -0.03989064322567987
    },
    {
      "date": "2022-10-29T00:00:00",
      "quarter_label": "2022-10 (Q4)",
      "revenue": 5467000000,
      "gross_profit": 2263000000,
      "operating_income": 192000000,
      "net_income": 108000000,
      "opex": 2071000000,
      "cogs": 3204000000,
      "rd": null,
      "sga": 2057000000,
      "fcf": -92000000,
      "ocf": 185000000,
      "capex": -277000000,
      "gross_margin": 0.4139381745015548,
      "op_margin": 0.03511980976769709,
      "fcf_margin": -0.016828242180354856,
      "incr_op_margin_yoy": -12.25925925925926,
      "rev_growth_yoy": 0.004963235294117647,
      "rev_growth_yoy_accel": -0.028151692986385275,
      "fcf_margin_change": 0.009225923057903627
    },
    {
      "date": "2023-01-28T00:00:00",
      "quarter_label": "2023-01 (Q1)",
      "revenue": 8583000000,
      "gross_profit": 3133000000,
      "operating_income": 676000000,
      "net_income": 509000000,
      "opex": 2457000000,
      "cogs": 5450000000,
      "rd": null,
      "sga": 2399000000,
      "fcf": 894000000,
      "ocf": 1127000000,
      "capex": -233000000,
      "gross_margin": 0.365023884422696,
      "op_margin": 0.07876034020738669,
      "fcf_margin": 0.10415938483047886,
      "incr_op_margin_yoy": 0.33170254403131116,
      "rev_growth_yoy": -0.10640291514836023,
      "rev_growth_yoy_accel": -0.11136615044247787,
      "op_leverage_ratio": 3.0580259702349752,
      "fcf_margin_change": 0.12098762701083371
    },
    {
      "date": "2023-04-29T00:00:00",
      "quarter_label": "2023-04 (Q2)",
      "revenue": 5173000000,
      "gross_profit": 2185000000,
      "operating_income": 244000000,
      "net_income": 155000000,
      "opex": 1941000000,
      "cogs": 2988000000,
      "rd": null,
      "sga": 1950000000,
      "fcf": -110000000,
      "ocf": 105000000,
      "capex": -215000000,
      "gross_margin": 0.42238546298086216,
      "op_margin": 0.04716798762806882,
      "fcf_margin": -0.021264256717572007,
      "incr_op_margin_yoy": 0.5586734693877551,
      "rev_growth_yoy": -0.07044025157232704,
      "rev_growth_yoy_accel": 0.035962663576033185,
      "fcf_margin_change": -0.12542364154805086
    },
    {
      "date": "2023-07-29T00:00:00",
      "quarter_label": "2023-07 (Q3)",
      "revenue": 5280000000,
      "gross_profit": 2104000000,
      "operating_income": 124000000,
      "net_income": -22000000,
      "opex": 1980000000,
      "cogs": 3176000000,
      "rd": null,
      "sga": 1980000000,
      "fcf": -9000000,
      "ocf": 166000000,
      "capex": -175000000,
      "gross_margin": 0.3984848484848485,
      "op_margin": 0.023484848484848483,
      "fcf_margin": -0.0017045454545454545,
      "incr_op_margin_yoy": 0.4963898916967509,
      "rev_growth_yoy": -0.09496057593417895,
      "rev_growth_yoy_accel": -0.024520324361851906,
      "op_leverage_ratio": 1.0294428169935612,
      "fcf_margin_change": 0.019559711263026552
    },
    {
      "date": "2023-10-28T00:00:00",
      "quarter_label": "2023-10 (Q4)",
      "revenue": 5038000000,
      "gross_profit": 2136000000,
      "operating_income": 86000000,
      "net_income": 43000000,
      "opex": 2050000000,
      "cogs": 2902000000,
      "rd": null,
      "sga": 2040000000,
      "fcf": -208000000,
      "ocf": -113000000,
      "capex": -95000000,
      "gross_margin": 0.4239777689559349,
      "op_margin": 0.017070265978562923,
      "fcf_margin": -0.04128622469233823,
      "incr_op_margin_yoy": 0.24708624708624707,
      "rev_growth_yoy": -0.07847082494969819,
      "rev_growth_yoy_accel": 0.01648975098448076,
      "fcf_margin_change": -0.03958167923779278
    },
    {
      "date": "2024-02-03T00:00:00",
      "quarter_label": "2024-02 (Q1)",
      "revenue": 8375000000,
      "gross_profit": 3222000000,
      "operating_income": -149000000,
      "net_income": -128000000,
      "opex": 3371000000,
      "cogs": 5153000000,
      "rd": null,
      "sga": 2405000000,
      "fcf": 1001000000,
      "ocf": 1147000000,
      "capex": -146000000,
      "gross_margin": 0.38471641791044775,
      "op_margin": -0.017791044776119404,
      "fcf_margin": 0.11952238805970149,
      "incr_op_margin_yoy": 3.9663461538461537,
      "rev_growth_yoy": -0.02423395083304206,
      "rev_growth_yoy_accel": 0.054236874116656134,
      "op_leverage_ratio": 1.0278957891260334,
      "fcf_margin_change": 0.16080861275203973
    },
    {
      "date": "2024-05-04T00:00:00",
      "quarter_label": "2024-05 (Q2)",
      "revenue": 5000000000,
      "gross_profit": 2054000000,
      "operating_income": 125000000,
      "net_income": 62000000,
      "opex": 1929000000,
      "cogs": 2946000000,
      "rd": null,
      "sga": 1911000000,
      "fcf": -25000000,
      "ocf": 129000000,
      "capex": -154000000,
      "gross_margin": 0.4108,
      "op_margin": 0.025,
      "fcf_margin": -0.005,
      "incr_op_margin_yoy": 0.6878612716763006,
      "rev_growth_yoy": -0.033442876473999614,
      "rev_growth_yoy_accel": -0.009208925640957554,
      "fcf_margin_change": -0.12452238805970149
    },
    {
      "date": "2024-08-03T00:00:00",
      "quarter_label": "2024-08 (Q3)",
      "revenue": 5096000000,
      "gross_profit": 2158000000,
      "operating_income": 222000000,
      "net_income": 150000000,
      "opex": 1936000000,
      "cogs": 2938000000,
      "rd": null,
      "sga": 1973000000,
      "fcf": -109000000,
      "ocf": 8000000,
      "capex": -117000000,
      "gross_margin": 0.42346938775510207,
      "op_margin": 0.04356357927786499,
      "fcf_margin": -0.021389324960753534,
      "incr_op_margin_yoy": -0.532608695652174,
      "rev_growth_yoy": -0.03484848484848485,
      "rev_growth_yoy_accel": -0.0014056083744852371,
      "op_leverage_ratio": 5.290971428571428,
      "fcf_margin_change": -0.016389324960753533
    },
    {
      "date": "2024-11-02T00:00:00",
      "quarter_label": "2024-11 (Q4)",
      "revenue": 4903000000,
      "gross_profit": 2039000000,
      "operating_income": 64000000,
      "net_income": 28000000,
      "opex": 1975000000,
      "cogs": 2864000000,
      "rd": null,
      "sga": 2064000000,
      "fcf": -295000000,
      "ocf": -167000000,
      "capex": -128000000,
      "gross_margin": 0.41586783601876404,
      "op_margin": 0.01305323271466449,
      "fcf_margin": -0.06016724454415664,
      "incr_op_margin_yoy": 0.16296296296296298,
      "rev_growth_yoy": -0.026796347757046448,
      "rev_growth_yoy_accel": 0.008052137091438403,
      "fcf_margin_change": -0.038777919583403105
    },
    {
      "date": "2025-02-01T00:00:00",
      "quarter_label": "2025-02 (Q1)",
      "revenue": 8007000000,
      "gross_profit": 3016000000,
      "operating_income": 499000000,
      "net_income": 342000000,
      "opex": 2517000000,
      "cogs": 4991000000,
      "rd": null,
      "sga": 2382000000,
      "fcf": 1189000000,
      "ocf": 1308000000,
      "capex": -119000000,
      "gross_margin": 0.3766704133882853,
      "op_margin": 0.06232046958910953,
      "fcf_margin": 0.14849506681653554,
      "incr_op_margin_yoy": -1.7608695652173914,
      "rev_growth_yoy": -0.043940298507462686,
      "rev_growth_yoy_accel": -0.017143950750416238,
      "op_leverage_ratio": 2.306893964309825,
      "fcf_margin_change": 0.2086623113606922
    },
    {
      "date": "2025-05-03T00:00:00",
      "quarter_label": "2025-05 (Q2)",
      "revenue": 4793000000,
      "gross_profit": 1998000000,
      "operating_income": 94000000,
      "net_income": 38000000,
      "opex": 1904000000,
      "cogs": 2795000000,
      "rd": null,
      "sga": 1913000000,
      "fcf": -164000000,
      "ocf": -64000000,
      "capex": -100000000,
      "gross_margin": 0.416857917796787,
      "op_margin": 0.019611934070519508,
      "fcf_margin": -0.03421656582516169,
      "incr_op_margin_yoy": 0.1497584541062802,
      "rev_growth_yoy": -0.0414,
      "rev_growth_yoy_accel": 0.0025402985074626863,
      "fcf_margin_change": -0.18271163264169724
    },
    {
      "date": "2025-08-02T00:00:00",
      "quarter_label": "2025-08 (Q3)",
      "revenue": 4999000000,
      "gross_profit": 2099000000,
      "operating_income": 149000000,
      "net_income": 87000000,
      "opex": 1950000000,
      "cogs": 2900000000,
      "rd": null,
      "sga": 1944000000,
      "fcf": 240000000,
      "ocf": 319000000,
      "capex": -79000000,
      "gross_margin": 0.41988397679535905,
      "op_margin": 0.029805961192238446,
      "fcf_margin": 0.048009601920384073,
      "incr_op_margin_yoy": 0.7525773195876289,
      "rev_growth_yoy": -0.01903453689167975,
      "rev_growth_yoy_accel": 0.02236546310832025,
      "op_leverage_ratio": 1.7789711445132848,
      "fcf_margin_change": 0.08222616774554577
    },
    {
      "date": "2025-11-01T00:00:00",
      "quarter_label": "2025-11 (Q4)",
      "revenue": 4913000000,
      "gross_profit": 2058000000,
      "operating_income": 42000000,
      "net_income": 11000000,
      "opex": 2016000000,
      "cogs": 2855000000,
      "rd": null,
      "sga": 2024000000,
      "fcf": -101000000,
      "ocf": -8000000,
      "capex": -93000000,
      "gross_margin": 0.4188886627315286,
      "op_margin": 0.008548748219010787,
      "fcf_margin": -0.020557704050478322,
      "incr_op_margin_yoy": -2.2,
      "rev_growth_yoy": 0.002039567611666327,
      "rev_growth_yoy_accel": 0.021074104503346076,
      "fcf_margin_change": -0.0685673059708624
    }
  ],
  "signals": [
    {
      "quarter": "2025-08 (Q3)",
      "signal": "FCF TURNED POSITIVE",
      "detail": "FCF margin: -3.4% -> +4.8%",
      "severity": "HIGH"
    },
    {
      "quarter": "2025-08 (Q3)",
      "signal": "OPERATING LEVERAGE",
      "detail": "Rev growth +4.3% vs OpEx growth +2.4% (leverage: 1.8x)",
      "severity": "MEDIUM"
    },
    {
      "quarter": "2025-08 (Q3)",
      "signal": "INCREMENTAL MARGIN (YoY)",
      "detail": "YoY Incr OPM: +75.3% vs year-ago OPM: +4.4%",
      "severity": "HIGH"
    },
    {
      "quarter": "2025-05 (Q2)",
      "signal": "GROSS MARGIN INFLECTION",
      "detail": "GM: +41.6% -> +37.7% -> +41.7% (reversal +4.0%)",
      "severity": "MEDIUM"
    },
    {
      "quarter": "2025-05 (Q2)",
      "signal": "INCREMENTAL MARGIN (YoY)",
      "detail": "YoY Incr OPM: +15.0% vs year-ago OPM: +2.5%",
      "severity": "MEDIUM"
    },
    {
      "quarter": "2025-02 (Q1)",
      "signal": "FCF TURNED POSITIVE",
      "detail": "FCF margin: -6.0% -> +14.8%",
      "severity": "HIGH"
    },
    {
      "quarter": "2025-02 (Q1)",
      "signal": "OPERATING LEVERAGE",
      "detail": "Rev growth +63.3% vs OpEx growth +27.4% (leverage: 2.3x)",
      "severity": "MEDIUM"
    },
    {
      "quarter": "2025-02 (Q1)",
      "signal": "OP MARGIN TURNED POSITIVE (YoY)",
      "detail": "Op margin: -1.8% (year-ago) -> +6.2%",
      "severity": "HIGH"
    },
    {
      "quarter": "2024-11 (Q4)",
      "signal": "INCREMENTAL MARGIN (YoY)",
      "detail": "YoY Incr OPM: +16.3% vs year-ago OPM: +1.7%",
      "severity": "MEDIUM"
    },
    {
      "quarter": "2024-08 (Q3)",
      "signal": "OPERATING LEVERAGE",
      "detail": "Rev growth +1.9% vs OpEx growth +0.4% (leverage: 5.3x)",
      "severity": "MEDIUM"
    },
    {
      "quarter": "2024-05 (Q2)",
      "signal": "GROSS MARGIN INFLECTION",
      "detail": "GM: +42.4% -> +38.5% -> +41.1% (reversal +2.6%)",
      "severity": "MEDIUM"
    },
    {
      "quarter": "2024-05 (Q2)",
      "signal": "INCREMENTAL MARGIN (YoY)",
      "detail": "YoY Incr OPM: +68.8% vs year-ago OPM: +4.7%",
      "severity": "HIGH"
    },
    {
      "quarter": "2024-05 (Q2)",
      "signal": "OP MARGIN TURNED POSITIVE (QoQ)",
      "detail": "Op margin: -1.8% -> +2.5%",
      "severity": "HIGH"
    },
    {
      "quarter": "2024-02 (Q1)",
      "signal": "FCF TURNED POSITIVE",
      "detail": "FCF margin: -4.1% -> +12.0%",
      "severity": "HIGH"
    },
    {
      "quarter": "2024-02 (Q1)",
      "signal": "YoY REVENUE GROWTH ACCELERATION",
      "detail": "YoY growth: -2.4% vs prior quarter YoY: -7.8% (accel: +5.4%)",
      "severity": "MEDIUM"
    },
    {
      "quarter": "2023-10 (Q4)",
      "signal": "GROSS MARGIN INFLECTION",
      "detail": "GM: +42.2% -> +39.8% -> +42.4% (reversal +2.5%)",
      "severity": "MEDIUM"
    },
    {
      "quarter": "2023-10 (Q4)",
      "signal": "INCREMENTAL MARGIN (YoY)",
      "detail": "YoY Incr OPM: +24.7% vs year-ago OPM: +3.5%",
      "severity": "HIGH"
    },
    {
      "quarter": "2023-07 (Q3)",
      "signal": "INCREMENTAL MARGIN (YoY)",
      "detail": "YoY Incr OPM: +49.6% vs year-ago OPM: +6.8%",
      "severity": "HIGH"
    },
    {
      "quarter": "2023-04 (Q2)",
      "signal": "GROSS MARGIN INFLECTION",
      "detail": "GM: +41.4% -> +36.5% -> +42.2% (reversal +5.7%)",
      "severity": "HIGH"
    },
    {
      "quarter": "2023-04 (Q2)",
      "signal": "INCREMENTAL MARGIN (YoY)",
      "detail": "YoY Incr OPM: +55.9% vs year-ago OPM: +8.3%",
      "severity": "HIGH"
    },
    {
      "quarter": "2023-01 (Q1)",
      "signal": "FCF TURNED POSITIVE",
      "detail": "FCF margin: -1.7% -> +10.4%",
      "severity": "HIGH"
    },
    {
      "quarter": "2023-01 (Q1)",
      "signal": "OPERATING LEVERAGE",
      "detail": "Rev growth +57.0% vs OpEx growth +18.6% (leverage: 3.1x)",
      "severity": "MEDIUM"
    },
    {
      "quarter": "2023-01 (Q1)",
      "signal": "YoY REVENUE GROWTH DECELERATION",
      "detail": "YoY growth: -10.6% vs prior quarter YoY: +0.5% (decel: -11.1%)",
      "severity": "WARNING"
    },
    {
      "quarter": "2023-01 (Q1)",
      "signal": "INCREMENTAL MARGIN (YoY)",
      "detail": "YoY Incr OPM: +33.2% vs year-ago OPM: +10.6%",
      "severity": "HIGH"
    },
    {
      "quarter": "2022-07 (Q3)",
      "signal": "YoY REVENUE GROWTH DECELERATION",
      "detail": "YoY growth: +3.3% vs prior quarter YoY: +18.3% (decel: -14.9%)",
      "severity": "WARNING"
    },
    {
      "quarter": "2022-04 (Q2)",
      "signal": "YoY REVENUE GROWTH DECELERATION",
      "detail": "YoY growth: +18.3% vs prior quarter YoY: +41.7% (decel: -23.4%)",
      "severity": "WARNING"
    },
    {
      "quarter": "2022-04 (Q2)",
      "signal": "INCREMENTAL MARGIN (YoY)",
      "detail": "YoY Incr OPM: +28.9% vs year-ago OPM: +4.6%",
      "severity": "HIGH"
    },
    {
      "quarter": "2022-01 (Q1)",
      "signal": "FCF TURNED POSITIVE",
      "detail": "FCF margin: -3.9% -> +18.2%",
      "severity": "HIGH"
    },
    {
      "quarter": "2022-01 (Q1)",
      "signal": "INCREMENTAL MARGIN (YoY)",
      "detail": "YoY Incr OPM: +21.7% vs year-ago OPM: +5.9%",
      "severity": "MEDIUM"
    },
    {
      "quarter": "2021-07 (Q3)",
      "signal": "OPERATING LEVERAGE",
      "detail": "Rev growth +20.0% vs OpEx growth +5.9% (leverage: 3.4x)",
      "severity": "MEDIUM"
    }
  ],
  "data_quality": {
    "n_quarters": 20,
    "coverage": {
      "revenue": [
        20,
        20
      ],
      "gross_profit": [
        20,
        20
      ],
      "op_income": [
        20,
        20
      ],
      "fcf": [
        20,
        20
      ]
    },
    "gaps": [],
    "warnings": []
  },
  "market_cap": null,
  "source": "SEC EDGAR",
  "last_updated": "2026-02-02T21:00:38.279911",
  "sector": "Consumer Cyclical",
  "industry": "Department Stores"
}