{
  "ticker": "MAGN",
  "name": "Magnera Corporation",
  "quarters": [
    {
      "date": "2021-12-31T00:00:00",
      "quarter_label": "2021-12 (Q4)",
      "revenue": 334458000,
      "gross_profit": 31588000,
      "operating_income": -11354000,
      "net_income": -10394000,
      "opex": 42942000,
      "cogs": 302870000,
      "rd": null,
      "sga": 43373000,
      "fcf": 20962000,
      "ocf": 32480000,
      "capex": -11518000,
      "gross_margin": 0.09444534141805548,
      "op_margin": -0.033947461265689566,
      "fcf_margin": 0.06267453611514749
    },
    {
      "date": "2022-03-31T00:00:00",
      "quarter_label": "2022-03 (Q1)",
      "revenue": 381680000,
      "gross_profit": 31665000,
      "operating_income": -115889000,
      "net_income": -108327000,
      "opex": 147554000,
      "cogs": 350015000,
      "rd": null,
      "sga": 33166000,
      "fcf": -78589000,
      "ocf": -66240000,
      "capex": -12349000,
      "gross_margin": 0.08296216726053238,
      "op_margin": -0.3036286941940893,
      "fcf_margin": -0.2059028505554391,
      "op_leverage_ratio": 0.057956686884217956,
      "fcf_margin_change": -0.2685773866705866
    },
    {
      "date": "2022-06-30T00:00:00",
      "quarter_label": "2022-06 (Q2)",
      "revenue": 363963000,
      "gross_profit": 37397000,
      "operating_income": 8924000,
      "net_income": -2052000,
      "opex": 28473000,
      "cogs": 326566000,
      "rd": null,
      "sga": 28400000,
      "fcf": -23643000,
      "ocf": -13295000,
      "capex": -10348000,
      "gross_margin": 0.10274945530177518,
      "op_margin": 0.024518975829960737,
      "fcf_margin": -0.06495989977003157,
      "fcf_margin_change": 0.14094295078540753
    },
    {
      "date": "2022-09-30T00:00:00",
      "quarter_label": "2022-09 (Q3)",
      "revenue": 371780000,
      "gross_profit": 37384000,
      "operating_income": -34067000,
      "net_income": -49496000,
      "opex": 71451000,
      "cogs": 334396000,
      "rd": null,
      "sga": 28890000,
      "fcf": 7795000,
      "ocf": 15182000,
      "capex": -7387000,
      "gross_margin": 0.1005540911291624,
      "op_margin": -0.09163214804454248,
      "fcf_margin": 0.020966700736994998,
      "op_leverage_ratio": 0.014228853321028748,
      "fcf_margin_change": 0.08592660050702657
    },
    {
      "date": "2022-12-31T00:00:00",
      "quarter_label": "2022-12 (Q4)",
      "revenue": 373903000,
      "gross_profit": 42356000,
      "operating_income": -22919000,
      "net_income": -34333000,
      "opex": 65275000,
      "cogs": 331547000,
      "rd": null,
      "sga": 34545000,
      "fcf": 15877000,
      "ocf": 23533000,
      "capex": -7656000,
      "gross_margin": 0.11328071719135711,
      "op_margin": -0.06129664645643389,
      "fcf_margin": 0.04246288475888131,
      "incr_op_margin_yoy": -0.29319305361896314,
      "rev_growth_yoy": 0.11793708029109784,
      "fcf_margin_change": 0.021496184021886314
    },
    {
      "date": "2023-03-31T00:00:00",
      "quarter_label": "2023-03 (Q1)",
      "revenue": 378208000,
      "gross_profit": 36214000,
      "operating_income": 6113000,
      "net_income": -13584000,
      "opex": 30101000,
      "cogs": 341994000,
      "rd": null,
      "sga": 30745000,
      "fcf": -40132000,
      "ocf": -30632000,
      "capex": -9500000,
      "gross_margin": 0.09575154412386835,
      "op_margin": 0.016163063710973855,
      "fcf_margin": -0.10611092308993993,
      "incr_op_margin_yoy": -35.138824884792626,
      "rev_growth_yoy": -0.009096625445399287,
      "rev_growth_yoy_accel": -0.12703370573649714,
      "op_leverage_ratio": Infinity,
      "fcf_margin_change": -0.14857380784882124
    },
    {
      "date": "2023-06-30T00:00:00",
      "quarter_label": "2023-06 (Q2)",
      "revenue": 357005000,
      "gross_profit": 18133000,
      "operating_income": -10485000,
      "net_income": -36940000,
      "opex": 28618000,
      "cogs": 338872000,
      "rd": null,
      "sga": 28639000,
      "fcf": -30347000,
      "ocf": -22389000,
      "capex": -7958000,
      "gross_margin": 0.05079200571420568,
      "op_margin": -0.029369336563913672,
      "fcf_margin": -0.08500441170291732,
      "incr_op_margin_yoy": 2.789450991664271,
      "rev_growth_yoy": -0.01911732786024953,
      "rev_growth_yoy_accel": -0.010020702414850244,
      "fcf_margin_change": 0.021106511387022603
    },
    {
      "date": "2023-09-30T00:00:00",
      "quarter_label": "2023-09 (Q3)",
      "revenue": 329921000,
      "gross_profit": 44487000,
      "operating_income": 2653000,
      "net_income": -19863000,
      "opex": 41834000,
      "cogs": 285434000,
      "rd": null,
      "sga": 24714000,
      "fcf": null,
      "ocf": null,
      "capex": -7771000,
      "gross_margin": 0.1348413711161157,
      "op_margin": 0.008041318982423065,
      "fcf_margin": null,
      "incr_op_margin_yoy": -0.8772307030746076,
      "rev_growth_yoy": -0.1125907794932487,
      "rev_growth_yoy_accel": -0.09347345163299917
    },
    {
      "date": "2023-12-30T00:00:00",
      "quarter_label": "2023-12 (Q4)",
      "revenue": 519000000,
      "gross_profit": 42000000,
      "operating_income": -12000000,
      "net_income": -8000000,
      "opex": 54000000,
      "cogs": 477000000,
      "rd": null,
      "sga": 28000000,
      "fcf": -43000000,
      "ocf": -27000000,
      "capex": -16000000,
      "gross_margin": 0.08092485549132948,
      "op_margin": -0.023121387283236993,
      "fcf_margin": -0.08285163776493257,
      "incr_op_margin_yoy": 0.07525310654251983,
      "rev_growth_yoy": 0.3880605397656611,
      "rev_growth_yoy_accel": 0.5006513192589098,
      "op_leverage_ratio": 1.9706745896257165
    },
    {
      "date": "2023-12-31T00:00:00",
      "quarter_label": "2023-12 (Q4)",
      "revenue": 320382000,
      "gross_profit": 30873000,
      "operating_income": 4431000,
      "net_income": -8666000,
      "opex": 26442000,
      "cogs": 289509000,
      "rd": null,
      "sga": 25643000,
      "fcf": null,
      "ocf": null,
      "capex": -8541000,
      "gross_margin": 0.0963630915594509,
      "op_margin": 0.013830365001779126,
      "fcf_margin": null,
      "incr_op_margin_yoy": -0.5110143681919247,
      "rev_growth_yoy": -0.14314140298419645,
      "rev_growth_yoy_accel": -0.5312019427498575
    },
    {
      "date": "2024-03-30T00:00:00",
      "quarter_label": "2024-03 (Q1)",
      "revenue": 558000000,
      "gross_profit": 70000000,
      "operating_income": 21000000,
      "net_income": 14000000,
      "opex": 49000000,
      "cogs": 488000000,
      "rd": null,
      "sga": 28000000,
      "fcf": -5000000,
      "ocf": 20000000,
      "capex": -25000000,
      "gross_margin": 0.12544802867383512,
      "op_margin": 0.03763440860215054,
      "fcf_margin": -0.008960573476702509,
      "incr_op_margin_yoy": 0.0828012369849604,
      "rev_growth_yoy": 0.47537862763347155,
      "rev_growth_yoy_accel": 0.618520030617668,
      "op_leverage_ratio": 0.8693705744827047
    },
    {
      "date": "2024-03-31T00:00:00",
      "quarter_label": "2024-03 (Q1)",
      "revenue": 327256000,
      "gross_profit": 34510000,
      "operating_income": -1545000,
      "net_income": -26347000,
      "opex": 36055000,
      "cogs": 292746000,
      "rd": null,
      "sga": 36057000,
      "fcf": null,
      "ocf": null,
      "capex": -7482000,
      "gross_margin": 0.10545261202239226,
      "op_margin": -0.004721074632703449,
      "fcf_margin": null,
      "incr_op_margin_yoy": 0.15029831998743917,
      "rev_growth_yoy": -0.13471951941788646,
      "rev_growth_yoy_accel": -0.610098147051358
    },
    {
      "date": "2024-06-29T00:00:00",
      "quarter_label": "2024-06 (Q2)",
      "revenue": 556000000,
      "gross_profit": 67000000,
      "operating_income": 17000000,
      "net_income": 19000000,
      "opex": 50000000,
      "cogs": 489000000,
      "rd": null,
      "sga": 26000000,
      "fcf": 23000000,
      "ocf": 38000000,
      "capex": -15000000,
      "gross_margin": 0.12050359712230216,
      "op_margin": 0.030575539568345324,
      "fcf_margin": 0.04136690647482014,
      "incr_op_margin_yoy": 0.1381190482172919,
      "rev_growth_yoy": 0.5574011568465428,
      "rev_growth_yoy_accel": 0.6921206762644292,
      "op_leverage_ratio": 1.8072118881486707
    },
    {
      "date": "2024-06-30T00:00:00",
      "quarter_label": "2024-06 (Q2)",
      "revenue": 329443000,
      "gross_profit": 36787000,
      "operating_income": 7294000,
      "net_income": -16279000,
      "opex": 29493000,
      "cogs": 292656000,
      "rd": null,
      "sga": 29420000,
      "fcf": null,
      "ocf": null,
      "capex": -5690000,
      "gross_margin": 0.11166423326645276,
      "op_margin": 0.022140400615584487,
      "fcf_margin": null,
      "incr_op_margin_yoy": -0.6450547855743415,
      "rev_growth_yoy": -0.07720340051259786,
      "rev_growth_yoy_accel": -0.6346045573591407
    },
    {
      "date": "2024-09-28T00:00:00",
      "quarter_label": "2024-09 (Q3)",
      "revenue": 554000000,
      "gross_profit": 58000000,
      "operating_income": -167000000,
      "net_income": -179000000,
      "opex": 225000000,
      "cogs": 496000000,
      "rd": null,
      "sga": 25000000,
      "fcf": 145000000,
      "ocf": 161000000,
      "capex": -16000000,
      "gross_margin": 0.10469314079422383,
      "op_margin": -0.30144404332129965,
      "fcf_margin": 0.26173285198555957,
      "incr_op_margin_yoy": -0.7571124469495133,
      "rev_growth_yoy": 0.6791898666650501,
      "rev_growth_yoy_accel": 0.756393267177648,
      "op_leverage_ratio": 0.10282600259111453
    },
    {
      "date": "2024-09-30T00:00:00",
      "quarter_label": "2024-09 (Q3)",
      "revenue": 332101000,
      "gross_profit": 35481000,
      "operating_income": 2971000,
      "net_income": -15247000,
      "opex": 32510000,
      "cogs": 296620000,
      "rd": null,
      "sga": 32511000,
      "fcf": null,
      "ocf": null,
      "capex": -8523000,
      "gross_margin": 0.10683798001210475,
      "op_margin": 0.008946073634225733,
      "fcf_margin": null,
      "incr_op_margin_yoy": 0.14587155963302753,
      "rev_growth_yoy": 0.006607642435613374,
      "rev_growth_yoy_accel": -0.6725822242294367
    },
    {
      "date": "2024-12-28T00:00:00",
      "quarter_label": "2024-12 (Q4)",
      "revenue": 702000000,
      "gross_profit": 71000000,
      "operating_income": -22000000,
      "net_income": -60000000,
      "opex": 93000000,
      "cogs": 631000000,
      "rd": null,
      "sga": 44000000,
      "fcf": -74000000,
      "ocf": -58000000,
      "capex": -16000000,
      "gross_margin": 0.10113960113960115,
      "op_margin": -0.03133903133903134,
      "fcf_margin": -0.10541310541310542,
      "incr_op_margin_yoy": -0.0546448087431694,
      "rev_growth_yoy": 0.35260115606936415,
      "rev_growth_yoy_accel": 0.3459935136337508,
      "op_leverage_ratio": 0.5986132960368833
    },
    {
      "date": "2025-03-29T00:00:00",
      "quarter_label": "2025-03 (Q1)",
      "revenue": 824000000,
      "gross_profit": 88000000,
      "operating_income": 4000000,
      "net_income": -41000000,
      "opex": 84000000,
      "cogs": 736000000,
      "rd": null,
      "sga": 47000000,
      "fcf": 42000000,
      "ocf": 65000000,
      "capex": -23000000,
      "gross_margin": 0.10679611650485436,
      "op_margin": 0.0048543689320388345,
      "fcf_margin": 0.050970873786407765,
      "incr_op_margin_yoy": -0.06390977443609022,
      "rev_growth_yoy": 0.4767025089605735,
      "rev_growth_yoy_accel": 0.12410135289120933,
      "op_leverage_ratio": Infinity,
      "fcf_margin_change": 0.1563839791995132
    },
    {
      "date": "2025-06-28T00:00:00",
      "quarter_label": "2025-06 (Q2)",
      "revenue": 839000000,
      "gross_profit": 90000000,
      "operating_income": 13000000,
      "net_income": -18000000,
      "opex": 77000000,
      "cogs": 749000000,
      "rd": null,
      "sga": 50000000,
      "fcf": -13000000,
      "ocf": 0,
      "capex": -13000000,
      "gross_margin": 0.10727056019070322,
      "op_margin": 0.015494636471990465,
      "fcf_margin": -0.015494636471990465,
      "incr_op_margin_yoy": -0.014134275618374558,
      "rev_growth_yoy": 0.5089928057553957,
      "rev_growth_yoy_accel": 0.03229029679482226,
      "op_leverage_ratio": Infinity,
      "fcf_margin_change": -0.06646551025839822
    },
    {
      "date": "2025-09-27T00:00:00",
      "quarter_label": "2025-09 (Q3)",
      "revenue": 839000000,
      "gross_profit": 88000000,
      "operating_income": 10000000,
      "net_income": -40000000,
      "opex": 78000000,
      "cogs": 751000000,
      "rd": null,
      "sga": 49000000,
      "fcf": 81000000,
      "ocf": 96000000,
      "capex": -15000000,
      "gross_margin": 0.10488676996424315,
      "op_margin": 0.011918951132300357,
      "fcf_margin": 0.09654350417163289,
      "incr_op_margin_yoy": 0.6210526315789474,
      "rev_growth_yoy": 0.5144404332129964,
      "rev_growth_yoy_accel": 0.0054476274576006345,
      "fcf_margin_change": 0.11203814064362336
    }
  ],
  "signals": [
    {
      "quarter": "2025-09 (Q3)",
      "signal": "FCF TURNED POSITIVE",
      "detail": "FCF margin: -1.5% -> +9.7%",
      "severity": "HIGH"
    },
    {
      "quarter": "2025-09 (Q3)",
      "signal": "OP MARGIN TURNED POSITIVE (YoY)",
      "detail": "Op margin: -30.1% (year-ago) -> +1.2%",
      "severity": "HIGH"
    },
    {
      "quarter": "2025-03 (Q1)",
      "signal": "FCF TURNED POSITIVE",
      "detail": "FCF margin: -10.5% -> +5.1%",
      "severity": "HIGH"
    },
    {
      "quarter": "2025-03 (Q1)",
      "signal": "YoY REVENUE GROWTH ACCELERATION",
      "detail": "YoY growth: +47.7% vs prior quarter YoY: +35.3% (accel: +12.4%)",
      "severity": "MEDIUM"
    },
    {
      "quarter": "2025-03 (Q1)",
      "signal": "OP MARGIN TURNED POSITIVE (QoQ)",
      "detail": "Op margin: -3.1% -> +0.5%",
      "severity": "HIGH"
    },
    {
      "quarter": "2024-12 (Q4)",
      "signal": "YoY REVENUE GROWTH ACCELERATION",
      "detail": "YoY growth: +35.3% vs prior quarter YoY: +0.7% (accel: +34.6%)",
      "severity": "HIGH"
    },
    {
      "quarter": "2024-09 (Q3)",
      "signal": "YoY REVENUE GROWTH DECELERATION",
      "detail": "YoY growth: +0.7% vs prior quarter YoY: +67.9% (decel: -67.3%)",
      "severity": "WARNING"
    },
    {
      "quarter": "2024-09 (Q3)",
      "signal": "INCREMENTAL MARGIN (YoY)",
      "detail": "YoY Incr OPM: +14.6% vs year-ago OPM: +0.8%",
      "severity": "MEDIUM"
    },
    {
      "quarter": "2024-09 (Q3)",
      "signal": "OP MARGIN TURNED POSITIVE (QoQ)",
      "detail": "Op margin: -30.1% -> +0.9%",
      "severity": "HIGH"
    },
    {
      "quarter": "2024-09 (Q3)",
      "signal": "YoY REVENUE GROWTH ACCELERATION",
      "detail": "YoY growth: +67.9% vs prior quarter YoY: -7.7% (accel: +75.6%)",
      "severity": "HIGH"
    },
    {
      "quarter": "2024-06 (Q2)",
      "signal": "YoY REVENUE GROWTH DECELERATION",
      "detail": "YoY growth: -7.7% vs prior quarter YoY: +55.7% (decel: -63.5%)",
      "severity": "WARNING"
    },
    {
      "quarter": "2024-06 (Q2)",
      "signal": "OP MARGIN TURNED POSITIVE (YoY)",
      "detail": "Op margin: -2.9% (year-ago) -> +2.2%",
      "severity": "HIGH"
    },
    {
      "quarter": "2024-06 (Q2)",
      "signal": "OPERATING LEVERAGE",
      "detail": "Rev growth +69.9% vs OpEx growth +38.7% (leverage: 1.8x)",
      "severity": "MEDIUM"
    },
    {
      "quarter": "2024-06 (Q2)",
      "signal": "YoY REVENUE GROWTH ACCELERATION",
      "detail": "YoY growth: +55.7% vs prior quarter YoY: -13.5% (accel: +69.2%)",
      "severity": "HIGH"
    },
    {
      "quarter": "2024-06 (Q2)",
      "signal": "OP MARGIN TURNED POSITIVE (YoY)",
      "detail": "Op margin: -2.9% (year-ago) -> +3.1%",
      "severity": "HIGH"
    },
    {
      "quarter": "2024-06 (Q2)",
      "signal": "OP MARGIN TURNED POSITIVE (QoQ)",
      "detail": "Op margin: -0.5% -> +3.1%",
      "severity": "HIGH"
    },
    {
      "quarter": "2024-03 (Q1)",
      "signal": "YoY REVENUE GROWTH DECELERATION",
      "detail": "YoY growth: -13.5% vs prior quarter YoY: +47.5% (decel: -61.0%)",
      "severity": "WARNING"
    },
    {
      "quarter": "2024-03 (Q1)",
      "signal": "YoY REVENUE GROWTH ACCELERATION",
      "detail": "YoY growth: +47.5% vs prior quarter YoY: -14.3% (accel: +61.9%)",
      "severity": "HIGH"
    },
    {
      "quarter": "2023-12 (Q4)",
      "signal": "YoY REVENUE GROWTH DECELERATION",
      "detail": "YoY growth: -14.3% vs prior quarter YoY: +38.8% (decel: -53.1%)",
      "severity": "WARNING"
    },
    {
      "quarter": "2023-12 (Q4)",
      "signal": "OP MARGIN TURNED POSITIVE (YoY)",
      "detail": "Op margin: -6.1% (year-ago) -> +1.4%",
      "severity": "HIGH"
    },
    {
      "quarter": "2023-12 (Q4)",
      "signal": "OP MARGIN TURNED POSITIVE (QoQ)",
      "detail": "Op margin: -2.3% -> +1.4%",
      "severity": "HIGH"
    },
    {
      "quarter": "2023-12 (Q4)",
      "signal": "OPERATING LEVERAGE",
      "detail": "Rev growth +57.3% vs OpEx growth +29.1% (leverage: 2.0x)",
      "severity": "MEDIUM"
    },
    {
      "quarter": "2023-12 (Q4)",
      "signal": "YoY REVENUE GROWTH ACCELERATION",
      "detail": "YoY growth: +38.8% vs prior quarter YoY: -11.3% (accel: +50.1%)",
      "severity": "HIGH"
    },
    {
      "quarter": "2023-09 (Q3)",
      "signal": "GROSS MARGIN INFLECTION",
      "detail": "GM: +9.6% -> +5.1% -> +13.5% (reversal +8.4%)",
      "severity": "HIGH"
    },
    {
      "quarter": "2023-09 (Q3)",
      "signal": "YoY REVENUE GROWTH DECELERATION",
      "detail": "YoY growth: -11.3% vs prior quarter YoY: -1.9% (decel: -9.3%)",
      "severity": "WARNING"
    },
    {
      "quarter": "2023-09 (Q3)",
      "signal": "OP MARGIN TURNED POSITIVE (YoY)",
      "detail": "Op margin: -9.2% (year-ago) -> +0.8%",
      "severity": "HIGH"
    },
    {
      "quarter": "2023-09 (Q3)",
      "signal": "OP MARGIN TURNED POSITIVE (QoQ)",
      "detail": "Op margin: -2.9% -> +0.8%",
      "severity": "HIGH"
    },
    {
      "quarter": "2023-03 (Q1)",
      "signal": "YoY REVENUE GROWTH DECELERATION",
      "detail": "YoY growth: -0.9% vs prior quarter YoY: +11.8% (decel: -12.7%)",
      "severity": "WARNING"
    },
    {
      "quarter": "2023-03 (Q1)",
      "signal": "OP MARGIN TURNED POSITIVE (YoY)",
      "detail": "Op margin: -30.4% (year-ago) -> +1.6%",
      "severity": "HIGH"
    },
    {
      "quarter": "2023-03 (Q1)",
      "signal": "OP MARGIN TURNED POSITIVE (QoQ)",
      "detail": "Op margin: -6.1% -> +1.6%",
      "severity": "HIGH"
    },
    {
      "quarter": "2022-09 (Q3)",
      "signal": "FCF TURNED POSITIVE",
      "detail": "FCF margin: -6.5% -> +2.1%",
      "severity": "HIGH"
    },
    {
      "quarter": "2022-06 (Q2)",
      "signal": "FCF MARGIN EXPANSION",
      "detail": "FCF margin: -20.6% -> -6.5% (+14.1%)",
      "severity": "MEDIUM"
    },
    {
      "quarter": "2022-06 (Q2)",
      "signal": "OP MARGIN TURNED POSITIVE (QoQ)",
      "detail": "Op margin: -30.4% -> +2.5%",
      "severity": "HIGH"
    }
  ],
  "data_quality": {
    "n_quarters": 20,
    "coverage": {
      "revenue": [
        20,
        20
      ],
      "gross_profit": [
        20,
        20
      ],
      "op_income": [
        20,
        20
      ],
      "fcf": [
        15,
        20
      ]
    },
    "gaps": [],
    "warnings": [
      "fcf: 15/20Q"
    ]
  },
  "market_cap": null,
  "source": "SEC EDGAR",
  "last_updated": "2026-02-02T22:26:35.445481"
}