{
  "ticker": "MAMA",
  "name": "Mama\u2019s Creations, Inc.",
  "quarters": [
    {
      "date": "2021-01-31T00:00:00",
      "quarter_label": "2021-01 (Q1)",
      "revenue": 9374211,
      "gross_profit": 2672299,
      "operating_income": 908001,
      "net_income": 1687095,
      "opex": 1764298,
      "cogs": 6701912,
      "rd": 24610,
      "sga": null,
      "fcf": 1065203,
      "ocf": 1180528,
      "capex": -115325,
      "gross_margin": 0.2850692180920613,
      "op_margin": 0.09686159187157191,
      "fcf_margin": 0.11363121653651705
    },
    {
      "date": "2021-04-30T00:00:00",
      "quarter_label": "2021-04 (Q2)",
      "revenue": 10313400,
      "gross_profit": 3344353,
      "operating_income": 852199,
      "net_income": 631524,
      "opex": 2492154,
      "cogs": 6969047,
      "rd": 23436,
      "sga": null,
      "fcf": 989374,
      "ocf": 1343768,
      "capex": -354394,
      "gross_margin": 0.32427259681579307,
      "op_margin": 0.08263026741908584,
      "fcf_margin": 0.09593092481625846,
      "op_leverage_ratio": 0.2428537131828208,
      "fcf_margin_change": -0.017700291720258582
    },
    {
      "date": "2021-07-31T00:00:00",
      "quarter_label": "2021-07 (Q3)",
      "revenue": 12459429,
      "gross_profit": 3369284,
      "operating_income": 584913,
      "net_income": 431925,
      "opex": 2784371,
      "cogs": 8695300,
      "rd": 30541,
      "sga": null,
      "fcf": 147941,
      "ocf": 274842,
      "capex": -126901,
      "gross_margin": 0.2704204181427576,
      "op_margin": 0.046945409777606986,
      "fcf_margin": 0.011873818615604294,
      "op_leverage_ratio": 1.7746108081079681,
      "fcf_margin_change": -0.08405710620065417
    },
    {
      "date": "2021-10-31T00:00:00",
      "quarter_label": "2021-10 (Q4)",
      "revenue": 11165524,
      "gross_profit": 2729165,
      "operating_income": 1201,
      "net_income": -5455,
      "opex": 2727964,
      "cogs": 8123517,
      "rd": 33866,
      "sga": null,
      "fcf": 337875,
      "ocf": 514187,
      "capex": -176312,
      "gross_margin": 0.2444278477212534,
      "op_margin": 0.0001075632455762936,
      "fcf_margin": 0.030260559199908575,
      "fcf_margin_change": 0.01838674058430428
    },
    {
      "date": "2022-01-31T00:00:00",
      "quarter_label": "2022-01 (Q1)",
      "revenue": 14425537,
      "gross_profit": 2411071,
      "operating_income": -1355546,
      "net_income": -1309920,
      "opex": 3766617,
      "cogs": 11442003,
      "rd": 32849,
      "sga": null,
      "fcf": -10973891,
      "ocf": -1222956,
      "capex": -9750935,
      "gross_margin": 0.16713908120023538,
      "op_margin": -0.09396849489901138,
      "fcf_margin": -0.7607266890653707,
      "incr_op_margin_yoy": -0.4481094667024065,
      "rev_growth_yoy": 0.5388534565735719,
      "op_leverage_ratio": 0.7668463900401824,
      "fcf_margin_change": -0.7909872482652792
    },
    {
      "date": "2022-04-30T00:00:00",
      "quarter_label": "2022-04 (Q2)",
      "revenue": 21830580,
      "gross_profit": 3860263,
      "operating_income": 260973,
      "net_income": 103697,
      "opex": 3599290,
      "cogs": 17970317,
      "rd": 26535,
      "sga": null,
      "fcf": -1517020,
      "ocf": -1343013,
      "capex": -174007,
      "gross_margin": 0.17682823818698357,
      "op_margin": 0.011954469372778918,
      "fcf_margin": -0.06949059530255265,
      "incr_op_margin_yoy": -0.05133426758980931,
      "rev_growth_yoy": 1.1167199953458606,
      "rev_growth_yoy_accel": 0.5778665387722888,
      "op_leverage_ratio": Infinity,
      "fcf_margin_change": 0.691236093762818
    },
    {
      "date": "2022-07-31T00:00:00",
      "quarter_label": "2022-07 (Q3)",
      "revenue": 23631857,
      "gross_profit": 2726612,
      "operating_income": -831295,
      "net_income": -743246,
      "opex": 3557907,
      "cogs": 20119862,
      "rd": 41792,
      "sga": null,
      "fcf": 1444451,
      "ocf": 1575991,
      "capex": -131540,
      "gross_margin": 0.11537866025509548,
      "op_margin": -0.035176880090295064,
      "fcf_margin": 0.06112304250994748,
      "incr_op_margin_yoy": -0.12675919683707068,
      "rev_growth_yoy": 0.896704656369084,
      "rev_growth_yoy_accel": -0.2200153389767766,
      "op_leverage_ratio": Infinity,
      "fcf_margin_change": 0.13061363781250013
    },
    {
      "date": "2022-10-31T00:00:00",
      "quarter_label": "2022-10 (Q4)",
      "revenue": 26044732,
      "gross_profit": 6564206,
      "operating_income": 1498561,
      "net_income": 1097940,
      "opex": 5065645,
      "cogs": 19129707,
      "rd": 24432,
      "sga": null,
      "fcf": 2749569,
      "ocf": 2952022,
      "capex": -202453,
      "gross_margin": 0.25203584356329717,
      "op_margin": 0.05753796967463516,
      "fcf_margin": 0.10557102296157242,
      "incr_op_margin_yoy": 0.10063438860455476,
      "rev_growth_yoy": 1.3326027511113674,
      "rev_growth_yoy_accel": 0.43589809474228336,
      "op_leverage_ratio": 0.24093821301239615,
      "fcf_margin_change": 0.04444798045162494
    },
    {
      "date": "2023-01-31T00:00:00",
      "quarter_label": "2023-01 (Q1)",
      "revenue": 23394948,
      "gross_profit": 6432248,
      "operating_income": 1893415,
      "net_income": 1844283,
      "opex": 4538833,
      "cogs": 16384406,
      "rd": 42382,
      "sga": null,
      "fcf": 2239000,
      "ocf": 2324000,
      "capex": -85000,
      "gross_margin": 0.27494175238175356,
      "op_margin": 0.08093264409051049,
      "fcf_margin": 0.09570442302329546,
      "incr_op_margin_yoy": 0.3622267950481921,
      "rev_growth_yoy": 0.6217731097289481,
      "rev_growth_yoy_accel": -0.7108296413824193,
      "fcf_margin_change": -0.00986659993827696
    },
    {
      "date": "2023-04-30T00:00:00",
      "quarter_label": "2023-04 (Q2)",
      "revenue": 23120816,
      "gross_profit": 6371000,
      "operating_income": 1942784,
      "net_income": 1400926,
      "opex": 4428216,
      "cogs": 16749816,
      "rd": 71185,
      "sga": 4357000,
      "fcf": 1467000,
      "ocf": 1612000,
      "capex": -145000,
      "gross_margin": 0.2755525583526118,
      "op_margin": 0.0840274841510784,
      "fcf_margin": 0.06344931770574187,
      "incr_op_margin_yoy": 1.3034909892453783,
      "rev_growth_yoy": 0.059102231823433,
      "rev_growth_yoy_accel": -0.5626708779055151,
      "fcf_margin_change": -0.03225510531755359
    },
    {
      "date": "2023-07-31T00:00:00",
      "quarter_label": "2023-07 (Q3)",
      "revenue": 24790085,
      "gross_profit": 7506238,
      "operating_income": 2275830,
      "net_income": 1743911,
      "opex": 5230408,
      "cogs": 17283847,
      "rd": 94871,
      "sga": 5136000,
      "fcf": 1638000,
      "ocf": 1746000,
      "capex": -108000,
      "gross_margin": 0.3027919428271424,
      "op_margin": 0.09180404181752504,
      "fcf_margin": 0.06607480369671988,
      "incr_op_margin_yoy": 2.6826540197612214,
      "rev_growth_yoy": 0.049011298604252726,
      "rev_growth_yoy_accel": -0.010090933219180274,
      "op_leverage_ratio": 0.39854158242330945,
      "fcf_margin_change": 0.002625485990978005
    },
    {
      "date": "2023-10-31T00:00:00",
      "quarter_label": "2023-10 (Q4)",
      "revenue": 28648000,
      "gross_profit": 8635000,
      "operating_income": 2707000,
      "net_income": 2009000,
      "opex": 5928000,
      "cogs": 20013000,
      "rd": 124000,
      "sga": 5804000,
      "fcf": 1102000,
      "ocf": 1520000,
      "capex": -418000,
      "gross_margin": 0.3014172018989109,
      "op_margin": 0.09449176207763195,
      "fcf_margin": 0.03846690868472494,
      "incr_op_margin_yoy": 0.46420076611397676,
      "rev_growth_yoy": 0.09995372576688445,
      "rev_growth_yoy_accel": 0.050942427162631726,
      "op_leverage_ratio": 1.1668330315191657,
      "fcf_margin_change": -0.02760789501199494
    },
    {
      "date": "2024-01-31T00:00:00",
      "quarter_label": "2024-01 (Q1)",
      "revenue": 26725000,
      "gross_profit": 7821000,
      "operating_income": 1965000,
      "net_income": 1408000,
      "opex": 5856000,
      "cogs": 18904000,
      "rd": 124000,
      "sga": null,
      "fcf": 6628000,
      "ocf": 6743000,
      "capex": -115000,
      "gross_margin": 0.2926473339569691,
      "op_margin": 0.0735266604303087,
      "fcf_margin": 0.24800748362956035,
      "incr_op_margin_yoy": 0.02149666131339691,
      "rev_growth_yoy": 0.1423406455103042,
      "rev_growth_yoy_accel": 0.04238691974341975,
      "fcf_margin_change": 0.2095405749448354
    },
    {
      "date": "2024-04-30T00:00:00",
      "quarter_label": "2024-04 (Q2)",
      "revenue": 29838000,
      "gross_profit": 7463000,
      "operating_income": 773000,
      "net_income": 553000,
      "opex": 6690000,
      "cogs": 22375000,
      "rd": 104000,
      "sga": 6586000,
      "fcf": 2497000,
      "ocf": 3641000,
      "capex": -1144000,
      "gross_margin": 0.25011730008713723,
      "op_margin": 0.025906562102017562,
      "fcf_margin": 0.08368523359474496,
      "incr_op_margin_yoy": -0.1741479762948283,
      "rev_growth_yoy": 0.29052538630124475,
      "rev_growth_yoy_accel": 0.14818474079094054,
      "op_leverage_ratio": 0.8178928737272109,
      "fcf_margin_change": -0.16432225003481538
    },
    {
      "date": "2024-07-31T00:00:00",
      "quarter_label": "2024-07 (Q3)",
      "revenue": 28382000,
      "gross_profit": 6879000,
      "operating_income": 1612000,
      "net_income": 1148000,
      "opex": 5267000,
      "cogs": 21503000,
      "rd": 93000,
      "sga": 5174000,
      "fcf": -4003000,
      "ocf": -2407000,
      "capex": -1596000,
      "gross_margin": 0.2423719258685082,
      "op_margin": 0.05679656120076105,
      "fcf_margin": -0.14104009583538862,
      "incr_op_margin_yoy": -0.18481227980060774,
      "rev_growth_yoy": 0.14489321032985567,
      "rev_growth_yoy_accel": -0.14563217597138908,
      "fcf_margin_change": -0.22472532943013357
    },
    {
      "date": "2024-10-31T00:00:00",
      "quarter_label": "2024-10 (Q4)",
      "revenue": 31523000,
      "gross_profit": 7113000,
      "operating_income": 563000,
      "net_income": 410000,
      "opex": 6550000,
      "cogs": 24410000,
      "rd": 155000,
      "sga": 6395000,
      "fcf": 2518000,
      "ocf": 4800000,
      "capex": -2282000,
      "gross_margin": 0.22564476731275576,
      "op_margin": 0.017859975256162168,
      "fcf_margin": 0.07987818418297751,
      "incr_op_margin_yoy": -0.7457391304347826,
      "rev_growth_yoy": 0.10035604579726333,
      "rev_growth_yoy_accel": -0.044537164532592335,
      "op_leverage_ratio": 0.45431973532454706,
      "fcf_margin_change": 0.22091828001836614
    },
    {
      "date": "2025-01-31T00:00:00",
      "quarter_label": "2025-01 (Q1)",
      "revenue": 33585000,
      "gross_profit": 9078000,
      "operating_income": 1929000,
      "net_income": 1600000,
      "opex": 7149000,
      "cogs": 24507000,
      "rd": 103000,
      "sga": null,
      "fcf": -930000,
      "ocf": -857000,
      "capex": -73000,
      "gross_margin": 0.27029924073246986,
      "op_margin": 0.05743635551585529,
      "fcf_margin": -0.027690933452434122,
      "incr_op_margin_yoy": -0.0052478134110787176,
      "rev_growth_yoy": 0.256688493919551,
      "rev_growth_yoy_accel": 0.1563324481222877,
      "op_leverage_ratio": 0.7152792007023305,
      "fcf_margin_change": -0.10756911763541163
    },
    {
      "date": "2025-04-30T00:00:00",
      "quarter_label": "2025-04 (Q2)",
      "revenue": 35255000,
      "gross_profit": 9184000,
      "operating_income": 1578000,
      "net_income": 1237000,
      "opex": 7606000,
      "cogs": 26071000,
      "rd": 73000,
      "sga": 7533000,
      "fcf": 5466000,
      "ocf": 6005000,
      "capex": -539000,
      "gross_margin": 0.2605020564458942,
      "op_margin": 0.044759608566160826,
      "fcf_margin": 0.15504183803715785,
      "incr_op_margin_yoy": 0.14860623961602362,
      "rev_growth_yoy": 0.1815470205777867,
      "rev_growth_yoy_accel": -0.0751414733417643,
      "op_leverage_ratio": 0.7778578081219832,
      "fcf_margin_change": 0.18273277148959197
    },
    {
      "date": "2025-07-31T00:00:00",
      "quarter_label": "2025-07 (Q3)",
      "revenue": 35203000,
      "gross_profit": 8771000,
      "operating_income": 1700000,
      "net_income": 1277000,
      "opex": 7071000,
      "cogs": 26432000,
      "rd": 55000,
      "sga": 7016000,
      "fcf": -2185000,
      "ocf": -1671000,
      "capex": -514000,
      "gross_margin": 0.24915490157088885,
      "op_margin": 0.04829133880635173,
      "fcf_margin": -0.062068573701105016,
      "incr_op_margin_yoy": 0.012901334115232371,
      "rev_growth_yoy": 0.2403283771404411,
      "rev_growth_yoy_accel": 0.0587813565626544,
      "fcf_margin_change": -0.21711041173826287
    },
    {
      "date": "2025-10-31T00:00:00",
      "quarter_label": "2025-10 (Q4)",
      "revenue": 47269000,
      "gross_profit": 11136000,
      "operating_income": 823000,
      "net_income": 540000,
      "opex": 10313000,
      "cogs": 36133000,
      "rd": 80000,
      "sga": 10233000,
      "fcf": 3672000,
      "ocf": 3866000,
      "capex": -194000,
      "gross_margin": 0.2355878059616239,
      "op_margin": 0.01741098817406757,
      "fcf_margin": 0.07768304808648374,
      "incr_op_margin_yoy": 0.016512130064778356,
      "rev_growth_yoy": 0.4995082955302478,
      "rev_growth_yoy_accel": 0.2591799183898067,
      "op_leverage_ratio": 0.7475693239719016,
      "fcf_margin_change": 0.13975162178758876
    }
  ],
  "signals": [
    {
      "quarter": "2025-10 (Q4)",
      "signal": "FCF TURNED POSITIVE",
      "detail": "FCF margin: -6.2% -> +7.8%",
      "severity": "HIGH"
    },
    {
      "quarter": "2025-10 (Q4)",
      "signal": "YoY REVENUE GROWTH ACCELERATION",
      "detail": "YoY growth: +50.0% vs prior quarter YoY: +24.0% (accel: +25.9%)",
      "severity": "HIGH"
    },
    {
      "quarter": "2025-07 (Q3)",
      "signal": "YoY REVENUE GROWTH ACCELERATION",
      "detail": "YoY growth: +24.0% vs prior quarter YoY: +18.2% (accel: +5.9%)",
      "severity": "MEDIUM"
    },
    {
      "quarter": "2025-04 (Q2)",
      "signal": "FCF TURNED POSITIVE",
      "detail": "FCF margin: -2.8% -> +15.5%",
      "severity": "HIGH"
    },
    {
      "quarter": "2025-04 (Q2)",
      "signal": "YoY REVENUE GROWTH DECELERATION",
      "detail": "YoY growth: +18.2% vs prior quarter YoY: +25.7% (decel: -7.5%)",
      "severity": "WARNING"
    },
    {
      "quarter": "2025-04 (Q2)",
      "signal": "INCREMENTAL MARGIN (YoY)",
      "detail": "YoY Incr OPM: +14.9% vs year-ago OPM: +2.6%",
      "severity": "MEDIUM"
    },
    {
      "quarter": "2025-01 (Q1)",
      "signal": "GROSS MARGIN INFLECTION",
      "detail": "GM: +24.2% -> +22.6% -> +27.0% (reversal +4.5%)",
      "severity": "MEDIUM"
    },
    {
      "quarter": "2025-01 (Q1)",
      "signal": "YoY REVENUE GROWTH ACCELERATION",
      "detail": "YoY growth: +25.7% vs prior quarter YoY: +10.0% (accel: +15.6%)",
      "severity": "HIGH"
    },
    {
      "quarter": "2024-10 (Q4)",
      "signal": "FCF TURNED POSITIVE",
      "detail": "FCF margin: -14.1% -> +8.0%",
      "severity": "HIGH"
    },
    {
      "quarter": "2024-07 (Q3)",
      "signal": "YoY REVENUE GROWTH DECELERATION",
      "detail": "YoY growth: +14.5% vs prior quarter YoY: +29.1% (decel: -14.6%)",
      "severity": "WARNING"
    },
    {
      "quarter": "2024-04 (Q2)",
      "signal": "YoY REVENUE GROWTH ACCELERATION",
      "detail": "YoY growth: +29.1% vs prior quarter YoY: +14.2% (accel: +14.8%)",
      "severity": "MEDIUM"
    },
    {
      "quarter": "2024-01 (Q1)",
      "signal": "FCF MARGIN EXPANSION",
      "detail": "FCF margin: +3.8% -> +24.8% (+21.0%)",
      "severity": "MEDIUM"
    },
    {
      "quarter": "2023-10 (Q4)",
      "signal": "YoY REVENUE GROWTH ACCELERATION",
      "detail": "YoY growth: +10.0% vs prior quarter YoY: +4.9% (accel: +5.1%)",
      "severity": "MEDIUM"
    },
    {
      "quarter": "2023-10 (Q4)",
      "signal": "INCREMENTAL MARGIN (YoY)",
      "detail": "YoY Incr OPM: +46.4% vs year-ago OPM: +5.8%",
      "severity": "HIGH"
    },
    {
      "quarter": "2023-07 (Q3)",
      "signal": "OP MARGIN TURNED POSITIVE (YoY)",
      "detail": "Op margin: -3.5% (year-ago) -> +9.2%",
      "severity": "HIGH"
    },
    {
      "quarter": "2023-04 (Q2)",
      "signal": "YoY REVENUE GROWTH DECELERATION",
      "detail": "YoY growth: +5.9% vs prior quarter YoY: +62.2% (decel: -56.3%)",
      "severity": "WARNING"
    },
    {
      "quarter": "2023-04 (Q2)",
      "signal": "INCREMENTAL MARGIN (YoY)",
      "detail": "YoY Incr OPM: +130.3% vs year-ago OPM: +1.2%",
      "severity": "HIGH"
    },
    {
      "quarter": "2023-01 (Q1)",
      "signal": "YoY REVENUE GROWTH DECELERATION",
      "detail": "YoY growth: +62.2% vs prior quarter YoY: +133.3% (decel: -71.1%)",
      "severity": "WARNING"
    },
    {
      "quarter": "2023-01 (Q1)",
      "signal": "OP MARGIN TURNED POSITIVE (YoY)",
      "detail": "Op margin: -9.4% (year-ago) -> +8.1%",
      "severity": "HIGH"
    },
    {
      "quarter": "2022-10 (Q4)",
      "signal": "GROSS MARGIN INFLECTION",
      "detail": "GM: +17.7% -> +11.5% -> +25.2% (reversal +13.7%)",
      "severity": "HIGH"
    },
    {
      "quarter": "2022-10 (Q4)",
      "signal": "YoY REVENUE GROWTH ACCELERATION",
      "detail": "YoY growth: +133.3% vs prior quarter YoY: +89.7% (accel: +43.6%)",
      "severity": "HIGH"
    },
    {
      "quarter": "2022-10 (Q4)",
      "signal": "INCREMENTAL MARGIN (YoY)",
      "detail": "YoY Incr OPM: +10.1% vs year-ago OPM: +0.0%",
      "severity": "MEDIUM"
    },
    {
      "quarter": "2022-10 (Q4)",
      "signal": "OP MARGIN TURNED POSITIVE (QoQ)",
      "detail": "Op margin: -3.5% -> +5.8%",
      "severity": "HIGH"
    },
    {
      "quarter": "2022-07 (Q3)",
      "signal": "FCF TURNED POSITIVE",
      "detail": "FCF margin: -6.9% -> +6.1%",
      "severity": "HIGH"
    },
    {
      "quarter": "2022-07 (Q3)",
      "signal": "YoY REVENUE GROWTH DECELERATION",
      "detail": "YoY growth: +89.7% vs prior quarter YoY: +111.7% (decel: -22.0%)",
      "severity": "WARNING"
    },
    {
      "quarter": "2022-04 (Q2)",
      "signal": "FCF MARGIN EXPANSION",
      "detail": "FCF margin: -76.1% -> -6.9% (+69.1%)",
      "severity": "MEDIUM"
    },
    {
      "quarter": "2022-04 (Q2)",
      "signal": "YoY REVENUE GROWTH ACCELERATION",
      "detail": "YoY growth: +111.7% vs prior quarter YoY: +53.9% (accel: +57.8%)",
      "severity": "HIGH"
    },
    {
      "quarter": "2022-04 (Q2)",
      "signal": "OP MARGIN TURNED POSITIVE (QoQ)",
      "detail": "Op margin: -9.4% -> +1.2%",
      "severity": "HIGH"
    },
    {
      "quarter": "2021-07 (Q3)",
      "signal": "OPERATING LEVERAGE",
      "detail": "Rev growth +20.8% vs OpEx growth +11.7% (leverage: 1.8x)",
      "severity": "MEDIUM"
    }
  ],
  "data_quality": {
    "n_quarters": 20,
    "coverage": {
      "revenue": [
        20,
        20
      ],
      "gross_profit": [
        20,
        20
      ],
      "op_income": [
        20,
        20
      ],
      "fcf": [
        20,
        20
      ]
    },
    "gaps": [],
    "warnings": []
  },
  "market_cap": null,
  "source": "SEC EDGAR",
  "last_updated": "2026-02-02T22:18:46.229122",
  "sector": "Consumer Defensive",
  "industry": "Packaged Foods"
}