{
  "ticker": "MANH",
  "name": "Manhattan Associates, Inc.",
  "quarters": [
    {
      "date": "2020-12-31T00:00:00",
      "quarter_label": "2020-12 (Q4)",
      "revenue": 147082000,
      "gross_profit": 80250000,
      "operating_income": 28197000,
      "net_income": 20540000,
      "opex": 118885000,
      "cogs": 66832000,
      "rd": 20563000,
      "sga": null,
      "fcf": 37215000,
      "ocf": 38017000,
      "capex": -802000,
      "gross_margin": 0.5456140112318298,
      "op_margin": 0.19170938660067174,
      "fcf_margin": 0.2530221237133028
    },
    {
      "date": "2021-03-31T00:00:00",
      "quarter_label": "2021-03 (Q1)",
      "revenue": 156850000,
      "gross_profit": 82785000,
      "operating_income": 25425000,
      "net_income": 22643000,
      "opex": 131425000,
      "cogs": 74065000,
      "rd": 24260000,
      "sga": null,
      "fcf": 39316000,
      "ocf": 39885000,
      "capex": -569000,
      "gross_margin": 0.5277972585272553,
      "op_margin": 0.16209754542556581,
      "fcf_margin": 0.2506598661141218,
      "op_leverage_ratio": 0.6296158462268451,
      "fcf_margin_change": -0.002362257599181017
    },
    {
      "date": "2021-06-30T00:00:00",
      "quarter_label": "2021-06 (Q2)",
      "revenue": 166114000,
      "gross_profit": 95486000,
      "operating_income": 39357000,
      "net_income": 30593000,
      "opex": 126757000,
      "cogs": 70628000,
      "rd": 23213000,
      "sga": null,
      "fcf": 44908000,
      "ocf": 45510000,
      "capex": -602000,
      "gross_margin": 0.5748221101171485,
      "op_margin": 0.23692765209434485,
      "fcf_margin": 0.27034446223677716,
      "op_leverage_ratio": Infinity,
      "fcf_margin_change": 0.019684596122655384
    },
    {
      "date": "2021-09-30T00:00:00",
      "quarter_label": "2021-09 (Q3)",
      "revenue": 169185000,
      "gross_profit": 97682000,
      "operating_income": 42408000,
      "net_income": 36654000,
      "opex": 126777000,
      "cogs": 71503000,
      "rd": 23372000,
      "sga": null,
      "fcf": 58698000,
      "ocf": 59685000,
      "capex": -987000,
      "gross_margin": 0.5773679699736974,
      "op_margin": 0.25066051954960544,
      "fcf_margin": 0.34694565121021365,
      "op_leverage_ratio": Infinity,
      "fcf_margin_change": 0.07660118897343648
    },
    {
      "date": "2021-12-31T00:00:00",
      "quarter_label": "2021-12 (Q4)",
      "revenue": 171494000,
      "gross_profit": 89863000,
      "operating_income": 27143000,
      "net_income": 20582000,
      "opex": 144351000,
      "cogs": 81631000,
      "rd": 26783000,
      "sga": null,
      "fcf": 38245000,
      "ocf": 40103000,
      "capex": -1858000,
      "gross_margin": 0.5240008396795223,
      "op_margin": 0.15827375884870606,
      "fcf_margin": 0.22301071757612512,
      "incr_op_margin_yoy": -0.04317548746518106,
      "rev_growth_yoy": 0.1659754422702982,
      "op_leverage_ratio": 0.09845367362922278,
      "fcf_margin_change": -0.12393493363408853
    },
    {
      "date": "2022-03-31T00:00:00",
      "quarter_label": "2022-03 (Q1)",
      "revenue": 178956000,
      "gross_profit": 95529000,
      "operating_income": 33972000,
      "net_income": 30592000,
      "opex": 144984000,
      "cogs": 83427000,
      "rd": 27455000,
      "sga": null,
      "fcf": 30633000,
      "ocf": 31792000,
      "capex": -1159000,
      "gross_margin": 0.5338127807952793,
      "op_margin": 0.18983437269496412,
      "fcf_margin": 0.17117615503252195,
      "incr_op_margin_yoy": 0.38663711209626345,
      "rev_growth_yoy": 0.14093720114759326,
      "rev_growth_yoy_accel": -0.025038241122704946,
      "op_leverage_ratio": 9.922529559985712,
      "fcf_margin_change": -0.05183456254360316
    },
    {
      "date": "2022-06-30T00:00:00",
      "quarter_label": "2022-06 (Q2)",
      "revenue": 191924000,
      "gross_profit": 103278000,
      "operating_income": 37253000,
      "net_income": 30825000,
      "opex": 154671000,
      "cogs": 88646000,
      "rd": 27924000,
      "sga": null,
      "fcf": 51606000,
      "ocf": 52690000,
      "capex": -1084000,
      "gross_margin": 0.5381192555386507,
      "op_margin": 0.19410287405431317,
      "fcf_margin": 0.26888768470853047,
      "incr_op_margin_yoy": -0.08151879116621465,
      "rev_growth_yoy": 0.15537522424359176,
      "rev_growth_yoy_accel": 0.014438023095998509,
      "op_leverage_ratio": 1.0845698208828023,
      "fcf_margin_change": 0.09771152967600852
    },
    {
      "date": "2022-09-30T00:00:00",
      "quarter_label": "2022-09 (Q3)",
      "revenue": 198101000,
      "gross_profit": 101943000,
      "operating_income": 36770000,
      "net_income": 29674000,
      "opex": 161331000,
      "cogs": 96158000,
      "rd": 29375000,
      "sga": null,
      "fcf": 38011000,
      "ocf": 39920000,
      "capex": -1909000,
      "gross_margin": 0.5146011378034437,
      "op_margin": 0.18561238963962828,
      "fcf_margin": 0.19187687088909192,
      "incr_op_margin_yoy": -0.1949785585834832,
      "rev_growth_yoy": 0.17091349705943198,
      "rev_growth_yoy_accel": 0.01553827281584022,
      "op_leverage_ratio": 0.7474514334784547,
      "fcf_margin_change": -0.07701081381943856
    },
    {
      "date": "2022-12-31T00:00:00",
      "quarter_label": "2022-12 (Q4)",
      "revenue": 198103000,
      "gross_profit": 108097000,
      "operating_income": 44705000,
      "net_income": 37868000,
      "opex": 153398000,
      "cogs": 90006000,
      "rd": 27123000,
      "sga": null,
      "fcf": 52793000,
      "ocf": 55228000,
      "capex": -2435000,
      "gross_margin": 0.5456605907028163,
      "op_margin": 0.22566543666678446,
      "fcf_margin": 0.2664926830991959,
      "incr_op_margin_yoy": 0.6600022548761697,
      "rev_growth_yoy": 0.15515994728678553,
      "rev_growth_yoy_accel": -0.015753549772646452,
      "fcf_margin_change": 0.07461581221010397
    },
    {
      "date": "2023-03-31T00:00:00",
      "quarter_label": "2023-03 (Q1)",
      "revenue": 221013000,
      "gross_profit": 117384000,
      "operating_income": 47085000,
      "net_income": 38791000,
      "opex": 173928000,
      "cogs": 103629000,
      "rd": 30794000,
      "sga": null,
      "fcf": 58050000,
      "ocf": 58716000,
      "capex": -666000,
      "gross_margin": 0.5311180790270256,
      "op_margin": 0.2130417667739002,
      "fcf_margin": 0.26265423300891805,
      "incr_op_margin_yoy": 0.3117911405949069,
      "rev_growth_yoy": 0.23501307583987124,
      "rev_growth_yoy_accel": 0.07985312855308571,
      "op_leverage_ratio": 0.8641015511916205,
      "fcf_margin_change": -0.003838450090277834
    },
    {
      "date": "2023-06-30T00:00:00",
      "quarter_label": "2023-06 (Q2)",
      "revenue": 231016000,
      "gross_profit": 122203000,
      "operating_income": 50483000,
      "net_income": 39620000,
      "opex": 180533000,
      "cogs": 108813000,
      "rd": 31600000,
      "sga": null,
      "fcf": 39561000,
      "ocf": 40570000,
      "capex": -1009000,
      "gross_margin": 0.5289806766630882,
      "op_margin": 0.2185259895418499,
      "fcf_margin": 0.1712478789347924,
      "incr_op_margin_yoy": 0.33843241583955797,
      "rev_growth_yoy": 0.20368479189679248,
      "rev_growth_yoy_accel": -0.031328283943078766,
      "op_leverage_ratio": 1.1918157769811772,
      "fcf_margin_change": -0.09140635407412565
    },
    {
      "date": "2023-09-30T00:00:00",
      "quarter_label": "2023-09 (Q3)",
      "revenue": 238441000,
      "gross_profit": 127002000,
      "operating_income": 53448000,
      "net_income": 49421000,
      "opex": 184993000,
      "cogs": 111439000,
      "rd": 33093000,
      "sga": null,
      "fcf": 57487000,
      "ocf": 58573000,
      "capex": -1086000,
      "gross_margin": 0.5326349075872019,
      "op_margin": 0.22415608053984004,
      "fcf_margin": 0.24109528143230402,
      "incr_op_margin_yoy": 0.41343579573624195,
      "rev_growth_yoy": 0.20363350008329084,
      "rev_growth_yoy_accel": -5.129181350163603e-05,
      "op_leverage_ratio": 1.3009965308636244,
      "fcf_margin_change": 0.06984740249751162
    },
    {
      "date": "2023-12-31T00:00:00",
      "quarter_label": "2023-12 (Q4)",
      "revenue": 238255000,
      "gross_profit": 131522000,
      "operating_income": 58865000,
      "net_income": 48736000,
      "opex": 179390000,
      "cogs": 106733000,
      "rd": 31327000,
      "sga": null,
      "fcf": 86390000,
      "ocf": 88359000,
      "capex": -1969000,
      "gross_margin": 0.5520219932425343,
      "op_margin": 0.24706721789679126,
      "fcf_margin": 0.36259469895699986,
      "incr_op_margin_yoy": 0.3526598924088464,
      "rev_growth_yoy": 0.2026824429715855,
      "rev_growth_yoy_accel": -0.0009510571117053446,
      "fcf_margin_change": 0.12149941752469584
    },
    {
      "date": "2024-03-31T00:00:00",
      "quarter_label": "2024-03 (Q1)",
      "revenue": 254552000,
      "gross_profit": 135265000,
      "operating_income": 57630000,
      "net_income": 53801000,
      "opex": 196922000,
      "cogs": 119287000,
      "rd": 35010000,
      "sga": null,
      "fcf": 52417000,
      "ocf": 54738000,
      "capex": -2321000,
      "gross_margin": 0.5313845501115686,
      "op_margin": 0.22639774977214872,
      "fcf_margin": 0.20591863352085232,
      "incr_op_margin_yoy": 0.31441008974626555,
      "rev_growth_yoy": 0.15175125445109564,
      "rev_growth_yoy_accel": -0.05093118852048986,
      "op_leverage_ratio": 0.6998942248423451,
      "fcf_margin_change": -0.15667606543614754
    },
    {
      "date": "2024-06-30T00:00:00",
      "quarter_label": "2024-06 (Q2)",
      "revenue": 265318000,
      "gross_profit": 145277000,
      "operating_income": 68188000,
      "net_income": 52766000,
      "opex": 197130000,
      "cogs": 120041000,
      "rd": 35334000,
      "sga": null,
      "fcf": 71045000,
      "ocf": 73262000,
      "capex": -2217000,
      "gross_margin": 0.5475580247099707,
      "op_margin": 0.25700480178502777,
      "fcf_margin": 0.2677730120082316,
      "incr_op_margin_yoy": 0.516150661768993,
      "rev_growth_yoy": 0.1484832219413374,
      "rev_growth_yoy_accel": -0.0032680325097582397,
      "op_leverage_ratio": 40.041354932466575,
      "fcf_margin_change": 0.06185437848737929
    },
    {
      "date": "2024-09-30T00:00:00",
      "quarter_label": "2024-09 (Q3)",
      "revenue": 266681000,
      "gross_profit": 148021000,
      "operating_income": 75090000,
      "net_income": 63781000,
      "opex": 191591000,
      "cogs": 118660000,
      "rd": 34349000,
      "sga": null,
      "fcf": 61290000,
      "ocf": 62299000,
      "capex": -1009000,
      "gross_margin": 0.5550489161207585,
      "op_margin": 0.28157236548535514,
      "fcf_margin": 0.2298251468983542,
      "incr_op_margin_yoy": 0.7663597733711048,
      "rev_growth_yoy": 0.11843600723030016,
      "rev_growth_yoy_accel": -0.030047214711037232,
      "fcf_margin_change": -0.03794786510987741
    },
    {
      "date": "2024-12-31T00:00:00",
      "quarter_label": "2024-12 (Q4)",
      "revenue": 255801000,
      "gross_profit": 142809000,
      "operating_income": 60688000,
      "net_income": 48016000,
      "opex": 195113000,
      "cogs": 112992000,
      "rd": 32996000,
      "sga": null,
      "fcf": 101576000,
      "ocf": 104704000,
      "capex": -3128000,
      "gross_margin": 0.5582816329881432,
      "op_margin": 0.23724692241234396,
      "fcf_margin": 0.39708992537167564,
      "incr_op_margin_yoy": 0.10389832440442266,
      "rev_growth_yoy": 0.07364378502025141,
      "rev_growth_yoy_accel": -0.04479222221004875,
      "fcf_margin_change": 0.16726477847332144
    },
    {
      "date": "2025-03-31T00:00:00",
      "quarter_label": "2025-03 (Q1)",
      "revenue": 262787000,
      "gross_profit": 148220000,
      "operating_income": 63172000,
      "net_income": 52582000,
      "opex": 199615000,
      "cogs": 114567000,
      "rd": 35298000,
      "sga": null,
      "fcf": 74369000,
      "ocf": 75260000,
      "capex": -891000,
      "gross_margin": 0.5640309452141848,
      "op_margin": 0.24039240906133105,
      "fcf_margin": 0.28300106169635486,
      "incr_op_margin_yoy": 0.6729811778992106,
      "rev_growth_yoy": 0.032350953832615735,
      "rev_growth_yoy_accel": -0.04129283118763568,
      "op_leverage_ratio": 1.1836057307923957,
      "fcf_margin_change": -0.11408886367532078
    },
    {
      "date": "2025-06-30T00:00:00",
      "quarter_label": "2025-06 (Q2)",
      "revenue": 272421000,
      "gross_profit": 156206000,
      "operating_income": 73788000,
      "net_income": 56780000,
      "opex": 198633000,
      "cogs": 116215000,
      "rd": 34871000,
      "sga": null,
      "fcf": 70070000,
      "ocf": 74050000,
      "capex": -3980000,
      "gross_margin": 0.5733992607031029,
      "op_margin": 0.27086017597762285,
      "fcf_margin": 0.2572121826144093,
      "incr_op_margin_yoy": 0.7883992679149655,
      "rev_growth_yoy": 0.02677164760777633,
      "rev_growth_yoy_accel": -0.005579306224839407,
      "op_leverage_ratio": Infinity,
      "fcf_margin_change": -0.025788879081945548
    },
    {
      "date": "2025-09-30T00:00:00",
      "quarter_label": "2025-09 (Q3)",
      "revenue": 275795000,
      "gross_profit": 155983000,
      "operating_income": 75828000,
      "net_income": 58633000,
      "opex": 199967000,
      "cogs": 119812000,
      "rd": 36360000,
      "sga": null,
      "fcf": 87182000,
      "ocf": 93110000,
      "capex": -5928000,
      "gross_margin": 0.5655758806359796,
      "op_margin": 0.2749433456008992,
      "fcf_margin": 0.3161116046338766,
      "incr_op_margin_yoy": 0.08097432521395655,
      "rev_growth_yoy": 0.03417566305811063,
      "rev_growth_yoy_accel": 0.007404015450334301,
      "op_leverage_ratio": 1.8441662415678415,
      "fcf_margin_change": 0.058899422019467296
    }
  ],
  "signals": [
    {
      "quarter": "2025-09 (Q3)",
      "signal": "FCF MARGIN EXPANSION",
      "detail": "FCF margin: +25.7% -> +31.6% (+5.9%)",
      "severity": "MEDIUM"
    },
    {
      "quarter": "2025-09 (Q3)",
      "signal": "OPERATING LEVERAGE",
      "detail": "Rev growth +1.2% vs OpEx growth +0.7% (leverage: 1.8x)",
      "severity": "MEDIUM"
    },
    {
      "quarter": "2025-06 (Q2)",
      "signal": "INCREMENTAL MARGIN (YoY)",
      "detail": "YoY Incr OPM: +78.8% vs year-ago OPM: +25.7%",
      "severity": "HIGH"
    },
    {
      "quarter": "2025-03 (Q1)",
      "signal": "INCREMENTAL MARGIN (YoY)",
      "detail": "YoY Incr OPM: +67.3% vs year-ago OPM: +22.6%",
      "severity": "HIGH"
    },
    {
      "quarter": "2024-12 (Q4)",
      "signal": "FCF MARGIN EXPANSION",
      "detail": "FCF margin: +23.0% -> +39.7% (+16.7%)",
      "severity": "MEDIUM"
    },
    {
      "quarter": "2024-09 (Q3)",
      "signal": "INCREMENTAL MARGIN (YoY)",
      "detail": "YoY Incr OPM: +76.6% vs year-ago OPM: +22.4%",
      "severity": "HIGH"
    },
    {
      "quarter": "2024-06 (Q2)",
      "signal": "FCF MARGIN EXPANSION",
      "detail": "FCF margin: +20.6% -> +26.8% (+6.2%)",
      "severity": "MEDIUM"
    },
    {
      "quarter": "2024-06 (Q2)",
      "signal": "OPERATING LEVERAGE",
      "detail": "Rev growth +4.2% vs OpEx growth +0.1% (leverage: 40.0x)",
      "severity": "MEDIUM"
    },
    {
      "quarter": "2024-06 (Q2)",
      "signal": "INCREMENTAL MARGIN (YoY)",
      "detail": "YoY Incr OPM: +51.6% vs year-ago OPM: +21.9%",
      "severity": "HIGH"
    },
    {
      "quarter": "2024-03 (Q1)",
      "signal": "YoY REVENUE GROWTH DECELERATION",
      "detail": "YoY growth: +15.2% vs prior quarter YoY: +20.3% (decel: -5.1%)",
      "severity": "WARNING"
    },
    {
      "quarter": "2024-03 (Q1)",
      "signal": "INCREMENTAL MARGIN (YoY)",
      "detail": "YoY Incr OPM: +31.4% vs year-ago OPM: +21.3%",
      "severity": "MEDIUM"
    },
    {
      "quarter": "2023-12 (Q4)",
      "signal": "FCF MARGIN EXPANSION",
      "detail": "FCF margin: +24.1% -> +36.3% (+12.1%)",
      "severity": "MEDIUM"
    },
    {
      "quarter": "2023-12 (Q4)",
      "signal": "INCREMENTAL MARGIN (YoY)",
      "detail": "YoY Incr OPM: +35.3% vs year-ago OPM: +22.6%",
      "severity": "MEDIUM"
    },
    {
      "quarter": "2023-09 (Q3)",
      "signal": "FCF MARGIN EXPANSION",
      "detail": "FCF margin: +17.1% -> +24.1% (+7.0%)",
      "severity": "MEDIUM"
    },
    {
      "quarter": "2023-09 (Q3)",
      "signal": "INCREMENTAL MARGIN (YoY)",
      "detail": "YoY Incr OPM: +41.3% vs year-ago OPM: +18.6%",
      "severity": "HIGH"
    },
    {
      "quarter": "2023-06 (Q2)",
      "signal": "INCREMENTAL MARGIN (YoY)",
      "detail": "YoY Incr OPM: +33.8% vs year-ago OPM: +19.4%",
      "severity": "MEDIUM"
    },
    {
      "quarter": "2023-03 (Q1)",
      "signal": "YoY REVENUE GROWTH ACCELERATION",
      "detail": "YoY growth: +23.5% vs prior quarter YoY: +15.5% (accel: +8.0%)",
      "severity": "MEDIUM"
    },
    {
      "quarter": "2023-03 (Q1)",
      "signal": "INCREMENTAL MARGIN (YoY)",
      "detail": "YoY Incr OPM: +31.2% vs year-ago OPM: +19.0%",
      "severity": "MEDIUM"
    },
    {
      "quarter": "2022-12 (Q4)",
      "signal": "FCF MARGIN EXPANSION",
      "detail": "FCF margin: +19.2% -> +26.6% (+7.5%)",
      "severity": "MEDIUM"
    },
    {
      "quarter": "2022-12 (Q4)",
      "signal": "GROSS MARGIN INFLECTION",
      "detail": "GM: +53.8% -> +51.5% -> +54.6% (reversal +3.1%)",
      "severity": "MEDIUM"
    },
    {
      "quarter": "2022-12 (Q4)",
      "signal": "INCREMENTAL MARGIN (YoY)",
      "detail": "YoY Incr OPM: +66.0% vs year-ago OPM: +15.8%",
      "severity": "HIGH"
    },
    {
      "quarter": "2022-06 (Q2)",
      "signal": "FCF MARGIN EXPANSION",
      "detail": "FCF margin: +17.1% -> +26.9% (+9.8%)",
      "severity": "MEDIUM"
    },
    {
      "quarter": "2022-03 (Q1)",
      "signal": "OPERATING LEVERAGE",
      "detail": "Rev growth +4.4% vs OpEx growth +0.4% (leverage: 9.9x)",
      "severity": "MEDIUM"
    },
    {
      "quarter": "2022-03 (Q1)",
      "signal": "INCREMENTAL MARGIN (YoY)",
      "detail": "YoY Incr OPM: +38.7% vs year-ago OPM: +16.2%",
      "severity": "HIGH"
    },
    {
      "quarter": "2021-09 (Q3)",
      "signal": "FCF MARGIN EXPANSION",
      "detail": "FCF margin: +27.0% -> +34.7% (+7.7%)",
      "severity": "MEDIUM"
    },
    {
      "quarter": "2021-09 (Q3)",
      "signal": "OPERATING LEVERAGE",
      "detail": "Rev growth +1.8% vs OpEx growth +0.0% (leverage: 117.2x)",
      "severity": "MEDIUM"
    },
    {
      "quarter": "2021-06 (Q2)",
      "signal": "GROSS MARGIN INFLECTION",
      "detail": "GM: +54.6% -> +52.8% -> +57.5% (reversal +4.7%)",
      "severity": "MEDIUM"
    }
  ],
  "data_quality": {
    "n_quarters": 20,
    "coverage": {
      "revenue": [
        20,
        20
      ],
      "gross_profit": [
        20,
        20
      ],
      "op_income": [
        20,
        20
      ],
      "fcf": [
        20,
        20
      ]
    },
    "gaps": [],
    "warnings": []
  },
  "market_cap": null,
  "source": "SEC EDGAR",
  "last_updated": "2026-02-02T20:37:16.932944",
  "sector": "Technology",
  "industry": "Software - Application"
}