{
  "ticker": "MAPSW",
  "name": "WM TECHNOLOGY, INC.",
  "quarters": [
    {
      "date": "2020-12-31T00:00:00",
      "quarter_label": "2020-12 (Q4)",
      "revenue": 44321000,
      "gross_profit": 42263000,
      "operating_income": -3024774,
      "net_income": -2952859,
      "opex": 3024774,
      "cogs": 2058000,
      "rd": 6817000,
      "sga": null,
      "fcf": 9262000,
      "ocf": 9670000,
      "capex": -408000,
      "gross_margin": 0.9535660296473455,
      "op_margin": -0.06824697096184652,
      "fcf_margin": 0.20897542925475507
    },
    {
      "date": "2021-03-31T00:00:00",
      "quarter_label": "2021-03 (Q1)",
      "revenue": 41154000,
      "gross_profit": 39297000,
      "operating_income": -737755,
      "net_income": -78928074,
      "opex": 737755,
      "cogs": 1857000,
      "rd": 7868000,
      "sga": null,
      "fcf": 10304000,
      "ocf": 10587000,
      "capex": -283000,
      "gross_margin": 0.9548768041988628,
      "op_margin": -0.017926689993682268,
      "fcf_margin": 0.2503766341060407,
      "fcf_margin_change": 0.04140120485128565
    },
    {
      "date": "2021-06-30T00:00:00",
      "quarter_label": "2021-06 (Q2)",
      "revenue": 46931000,
      "gross_profit": 45023000,
      "operating_income": -15277000,
      "net_income": 4263000,
      "opex": 62208000,
      "cogs": 1908000,
      "rd": 10271000,
      "sga": null,
      "fcf": 5399000,
      "ocf": 5952000,
      "capex": -553000,
      "gross_margin": 0.9593445696874134,
      "op_margin": -0.32552044490848264,
      "fcf_margin": 0.11504123074300569,
      "op_leverage_ratio": 0.0016847580173708836,
      "fcf_margin_change": -0.135335403363035
    },
    {
      "date": "2021-09-30T00:00:00",
      "quarter_label": "2021-09 (Q3)",
      "revenue": 50884000,
      "gross_profit": 48849000,
      "operating_income": 4061000,
      "net_income": 20835000,
      "opex": 46823000,
      "cogs": 2035000,
      "rd": 7782000,
      "sga": null,
      "fcf": 8931000,
      "ocf": 12341000,
      "capex": -3410000,
      "gross_margin": 0.9600070749154941,
      "op_margin": 0.07980897728166024,
      "fcf_margin": 0.17551686188192753,
      "op_leverage_ratio": Infinity,
      "fcf_margin_change": 0.060475631138921834
    },
    {
      "date": "2021-12-31T00:00:00",
      "quarter_label": "2021-12 (Q4)",
      "revenue": 54177000,
      "gross_profit": 52039000,
      "operating_income": -4906000,
      "net_income": 35285000,
      "opex": 59083000,
      "cogs": 2138000,
      "rd": 9474000,
      "sga": null,
      "fcf": -2379000,
      "ocf": 1310000,
      "capex": -3689000,
      "gross_margin": 0.9605367591413331,
      "op_margin": -0.09055503257840043,
      "fcf_margin": -0.04391162301345589,
      "incr_op_margin_yoy": -0.19087114448051948,
      "rev_growth_yoy": 0.22237765393380113,
      "op_leverage_ratio": 0.2471606066730418,
      "fcf_margin_change": -0.2194284848953834
    },
    {
      "date": "2022-03-31T00:00:00",
      "quarter_label": "2022-03 (Q1)",
      "revenue": 57452000,
      "gross_profit": 53712000,
      "operating_income": -14260000,
      "net_income": -13893000,
      "opex": 71712000,
      "cogs": 3740000,
      "rd": 13090000,
      "sga": null,
      "fcf": -8051000,
      "ocf": -3850000,
      "capex": -4201000,
      "gross_margin": 0.9349021792104714,
      "op_margin": -0.2482071990531226,
      "fcf_margin": -0.14013437304184362,
      "incr_op_margin_yoy": -0.8296873849552092,
      "rev_growth_yoy": 0.3960246877581766,
      "rev_growth_yoy_accel": 0.1736470338243755,
      "op_leverage_ratio": 0.28280685182470994,
      "fcf_margin_change": -0.09622275002838773
    },
    {
      "date": "2022-06-30T00:00:00",
      "quarter_label": "2022-06 (Q2)",
      "revenue": 58294000,
      "gross_profit": 54436000,
      "operating_income": -13018000,
      "net_income": 11692000,
      "opex": 71312000,
      "cogs": 3858000,
      "rd": 13263000,
      "sga": null,
      "fcf": -4317000,
      "ocf": 36000,
      "capex": -4353000,
      "gross_margin": 0.9338182317219611,
      "op_margin": -0.22331629327203487,
      "fcf_margin": -0.07405564895186469,
      "incr_op_margin_yoy": 0.19880313297544663,
      "rev_growth_yoy": 0.2421214122861222,
      "rev_growth_yoy_accel": -0.15390327547205443,
      "op_leverage_ratio": Infinity,
      "fcf_margin_change": 0.06607872408997893
    },
    {
      "date": "2022-09-30T00:00:00",
      "quarter_label": "2022-09 (Q3)",
      "revenue": 50500000,
      "gross_profit": 46228000,
      "operating_income": -19645000,
      "net_income": -5164000,
      "opex": 70145000,
      "cogs": 4272000,
      "rd": 11988000,
      "sga": null,
      "fcf": -11233000,
      "ocf": -6652000,
      "capex": -4581000,
      "gross_margin": 0.9154059405940594,
      "op_margin": -0.389009900990099,
      "fcf_margin": -0.22243564356435644,
      "rev_growth_yoy": -0.0075465765270025945,
      "rev_growth_yoy_accel": -0.2496679888131248,
      "fcf_margin_change": -0.14837999461249174
    },
    {
      "date": "2022-12-31T00:00:00",
      "quarter_label": "2022-12 (Q4)",
      "revenue": 49285000,
      "gross_profit": 45748000,
      "operating_income": -22699000,
      "net_income": -108624000,
      "opex": 71984000,
      "cogs": 3537000,
      "rd": 12179000,
      "sga": null,
      "fcf": -4075000,
      "ocf": -1155000,
      "capex": -2920000,
      "gross_margin": 0.9282337425180075,
      "op_margin": -0.46056609516079944,
      "fcf_margin": -0.08268235771532921,
      "incr_op_margin_yoy": 3.6371627146361405,
      "rev_growth_yoy": -0.0902966203370434,
      "rev_growth_yoy_accel": -0.08275004381004081,
      "fcf_margin_change": 0.13975328584902724
    },
    {
      "date": "2023-03-31T00:00:00",
      "quarter_label": "2023-03 (Q1)",
      "revenue": 48007000,
      "gross_profit": 44513000,
      "operating_income": -4148000,
      "net_income": -2475000,
      "opex": 52155000,
      "cogs": 3494000,
      "rd": 10934000,
      "sga": null,
      "fcf": -1069000,
      "ocf": 2157000,
      "capex": -3226000,
      "gross_margin": 0.9272189472368613,
      "op_margin": -0.08640406607369759,
      "fcf_margin": -0.022267585977045014,
      "incr_op_margin_yoy": -1.0706193753308628,
      "rev_growth_yoy": -0.1643981062452134,
      "rev_growth_yoy_accel": -0.07410148590816999,
      "fcf_margin_change": 0.0604147717382842
    },
    {
      "date": "2023-06-30T00:00:00",
      "quarter_label": "2023-06 (Q2)",
      "revenue": 50852000,
      "gross_profit": 47613000,
      "operating_income": 3783000,
      "net_income": 1226000,
      "opex": 47069000,
      "cogs": 3239000,
      "rd": 9200000,
      "sga": null,
      "fcf": -645000,
      "ocf": 1935000,
      "capex": -2580000,
      "gross_margin": 0.9363053567214662,
      "op_margin": 0.07439235428301738,
      "fcf_margin": -0.012683866907889562,
      "incr_op_margin_yoy": -2.2575920451491536,
      "rev_growth_yoy": -0.1276632243455587,
      "rev_growth_yoy_accel": 0.03673488189965468,
      "op_leverage_ratio": Infinity,
      "fcf_margin_change": 0.009583719069155451
    },
    {
      "date": "2023-09-30T00:00:00",
      "quarter_label": "2023-09 (Q3)",
      "revenue": 47725000,
      "gross_profit": 44710000,
      "operating_income": -5548000,
      "net_income": -1538000,
      "opex": 53273000,
      "cogs": 3015000,
      "rd": 7748000,
      "sga": null,
      "fcf": 5254000,
      "ocf": 8318000,
      "capex": -3064000,
      "gross_margin": 0.9368255631220535,
      "op_margin": -0.11624934520691461,
      "fcf_margin": 0.11008905185961236,
      "incr_op_margin_yoy": -5.08,
      "rev_growth_yoy": -0.05495049504950495,
      "rev_growth_yoy_accel": 0.07271272929605377,
      "fcf_margin_change": 0.12277291876750192
    },
    {
      "date": "2023-12-31T00:00:00",
      "quarter_label": "2023-12 (Q4)",
      "revenue": 41409000,
      "gross_profit": 38630000,
      "operating_income": -12544000,
      "net_income": -7111000,
      "opex": 53953000,
      "cogs": 2779000,
      "rd": 8119000,
      "sga": null,
      "fcf": 10518000,
      "ocf": 10518000,
      "capex": null,
      "gross_margin": 0.932888985486247,
      "op_margin": -0.30292931488323793,
      "fcf_margin": 0.25400275302470476,
      "incr_op_margin_yoy": -1.2893600812595225,
      "rev_growth_yoy": -0.15980521456832708,
      "rev_growth_yoy_accel": -0.10485471951882214,
      "fcf_margin_change": 0.1439137011650924
    },
    {
      "date": "2024-03-31T00:00:00",
      "quarter_label": "2024-03 (Q1)",
      "revenue": 44389000,
      "gross_profit": 42087000,
      "operating_income": 3761000,
      "net_income": 1240000,
      "opex": 40628000,
      "cogs": 2302000,
      "rd": 9229000,
      "sga": null,
      "fcf": 7402000,
      "ocf": 7402000,
      "capex": null,
      "gross_margin": 0.9481403050305256,
      "op_margin": 0.08472819842753836,
      "fcf_margin": 0.16675302439793643,
      "incr_op_margin_yoy": -2.186014372581537,
      "rev_growth_yoy": -0.0753640094152936,
      "rev_growth_yoy_accel": 0.08444120515303348,
      "op_leverage_ratio": Infinity,
      "fcf_margin_change": -0.08724972862676833
    },
    {
      "date": "2024-06-30T00:00:00",
      "quarter_label": "2024-06 (Q2)",
      "revenue": 45903000,
      "gross_profit": 43658000,
      "operating_income": 1231000,
      "net_income": 716000,
      "opex": 44672000,
      "cogs": 2245000,
      "rd": 9642000,
      "sga": null,
      "fcf": 12652000,
      "ocf": 12652000,
      "capex": null,
      "gross_margin": 0.9510925211859791,
      "op_margin": 0.026817419340783827,
      "fcf_margin": 0.2756246868396401,
      "incr_op_margin_yoy": 0.5156597292382299,
      "rev_growth_yoy": -0.09732163926689216,
      "rev_growth_yoy_accel": -0.021957629851598562,
      "op_leverage_ratio": 0.34266110474300365,
      "fcf_margin_change": 0.10887166244170365
    },
    {
      "date": "2024-09-30T00:00:00",
      "quarter_label": "2024-09 (Q3)",
      "revenue": 46552000,
      "gross_profit": 44370000,
      "operating_income": 5204000,
      "net_income": 3332000,
      "opex": 41348000,
      "cogs": 2182000,
      "rd": 9484000,
      "sga": null,
      "fcf": 7221000,
      "ocf": 7221000,
      "capex": null,
      "gross_margin": 0.953127685169273,
      "op_margin": 0.11178896717649081,
      "fcf_margin": 0.15511685856676405,
      "incr_op_margin_yoy": -9.16624040920716,
      "rev_growth_yoy": -0.02457831325301205,
      "rev_growth_yoy_accel": 0.07274332601388012,
      "op_leverage_ratio": Infinity,
      "fcf_margin_change": -0.12050782827287604
    },
    {
      "date": "2024-12-31T00:00:00",
      "quarter_label": "2024-12 (Q4)",
      "revenue": 47670000,
      "gross_profit": 45380000,
      "operating_income": 4552000,
      "net_income": 2351000,
      "opex": 43118000,
      "cogs": 2290000,
      "rd": 8071000,
      "sga": null,
      "fcf": 9401000,
      "ocf": 9401000,
      "capex": null,
      "gross_margin": 0.9519614013006084,
      "op_margin": 0.09548982588630166,
      "fcf_margin": 0.19720998531571218,
      "incr_op_margin_yoy": 2.730554224564766,
      "rev_growth_yoy": 0.15119901470694777,
      "rev_growth_yoy_accel": 0.17577732795995982,
      "op_leverage_ratio": 0.5610282116930414,
      "fcf_margin_change": 0.042093126748948134
    },
    {
      "date": "2025-03-31T00:00:00",
      "quarter_label": "2025-03 (Q1)",
      "revenue": 44612000,
      "gross_profit": 42371000,
      "operating_income": 2647000,
      "net_income": 1647000,
      "opex": 41965000,
      "cogs": 2241000,
      "rd": 8004000,
      "sga": null,
      "fcf": 5664000,
      "ocf": 5664000,
      "capex": null,
      "gross_margin": 0.9497668788666727,
      "op_margin": 0.059333811530529905,
      "fcf_margin": 0.12696135568905229,
      "rev_growth_yoy": 0.005023767149519025,
      "rev_growth_yoy_accel": -0.14617524755742875,
      "fcf_margin_change": -0.0702486296266599
    },
    {
      "date": "2025-06-30T00:00:00",
      "quarter_label": "2025-06 (Q2)",
      "revenue": 44847000,
      "gross_profit": 42567000,
      "operating_income": 1969000,
      "net_income": 1427000,
      "opex": 42878000,
      "cogs": 2280000,
      "rd": 7529000,
      "sga": null,
      "fcf": 11061000,
      "ocf": 11061000,
      "capex": null,
      "gross_margin": 0.9491604789618034,
      "op_margin": 0.04390483198430218,
      "fcf_margin": 0.2466385711418824,
      "incr_op_margin_yoy": -0.6988636363636364,
      "rev_growth_yoy": -0.023005032350826744,
      "rev_growth_yoy_accel": -0.02802879950034577,
      "fcf_margin_change": 0.11967721545283011
    },
    {
      "date": "2025-09-30T00:00:00",
      "quarter_label": "2025-09 (Q3)",
      "revenue": 42176000,
      "gross_profit": 40058000,
      "operating_income": 1959000,
      "net_income": 2460000,
      "opex": 40217000,
      "cogs": 2118000,
      "rd": 6412000,
      "sga": null,
      "fcf": 6417000,
      "ocf": 6417000,
      "capex": null,
      "gross_margin": 0.9497818664643399,
      "op_margin": 0.04644821699544765,
      "fcf_margin": 0.1521481411229135,
      "incr_op_margin_yoy": 0.7415447897623401,
      "rev_growth_yoy": -0.09400240591166867,
      "rev_growth_yoy_accel": -0.07099737356084193,
      "fcf_margin_change": -0.0944904300189689
    }
  ],
  "signals": [
    {
      "quarter": "2025-09 (Q3)",
      "signal": "YoY REVENUE GROWTH DECELERATION",
      "detail": "YoY growth: -9.4% vs prior quarter YoY: -2.3% (decel: -7.1%)",
      "severity": "WARNING"
    },
    {
      "quarter": "2025-09 (Q3)",
      "signal": "INCREMENTAL MARGIN (YoY)",
      "detail": "YoY Incr OPM: +74.2% vs year-ago OPM: +11.2%",
      "severity": "HIGH"
    },
    {
      "quarter": "2025-06 (Q2)",
      "signal": "FCF MARGIN EXPANSION",
      "detail": "FCF margin: +12.7% -> +24.7% (+12.0%)",
      "severity": "MEDIUM"
    },
    {
      "quarter": "2025-03 (Q1)",
      "signal": "YoY REVENUE GROWTH DECELERATION",
      "detail": "YoY growth: +0.5% vs prior quarter YoY: +15.1% (decel: -14.6%)",
      "severity": "WARNING"
    },
    {
      "quarter": "2024-12 (Q4)",
      "signal": "YoY REVENUE GROWTH ACCELERATION",
      "detail": "YoY growth: +15.1% vs prior quarter YoY: -2.5% (accel: +17.6%)",
      "severity": "HIGH"
    },
    {
      "quarter": "2024-12 (Q4)",
      "signal": "OP MARGIN TURNED POSITIVE (YoY)",
      "detail": "Op margin: -30.3% (year-ago) -> +9.5%",
      "severity": "HIGH"
    },
    {
      "quarter": "2024-09 (Q3)",
      "signal": "YoY REVENUE GROWTH ACCELERATION",
      "detail": "YoY growth: -2.5% vs prior quarter YoY: -9.7% (accel: +7.3%)",
      "severity": "MEDIUM"
    },
    {
      "quarter": "2024-09 (Q3)",
      "signal": "OP MARGIN TURNED POSITIVE (YoY)",
      "detail": "Op margin: -11.6% (year-ago) -> +11.2%",
      "severity": "HIGH"
    },
    {
      "quarter": "2024-06 (Q2)",
      "signal": "FCF MARGIN EXPANSION",
      "detail": "FCF margin: +16.7% -> +27.6% (+10.9%)",
      "severity": "MEDIUM"
    },
    {
      "quarter": "2024-06 (Q2)",
      "signal": "INCREMENTAL MARGIN (YoY)",
      "detail": "YoY Incr OPM: +51.6% vs year-ago OPM: +7.4%",
      "severity": "HIGH"
    },
    {
      "quarter": "2024-03 (Q1)",
      "signal": "YoY REVENUE GROWTH ACCELERATION",
      "detail": "YoY growth: -7.5% vs prior quarter YoY: -16.0% (accel: +8.4%)",
      "severity": "MEDIUM"
    },
    {
      "quarter": "2024-03 (Q1)",
      "signal": "OP MARGIN TURNED POSITIVE (YoY)",
      "detail": "Op margin: -8.6% (year-ago) -> +8.5%",
      "severity": "HIGH"
    },
    {
      "quarter": "2024-03 (Q1)",
      "signal": "OP MARGIN TURNED POSITIVE (QoQ)",
      "detail": "Op margin: -30.3% -> +8.5%",
      "severity": "HIGH"
    },
    {
      "quarter": "2023-12 (Q4)",
      "signal": "FCF MARGIN EXPANSION",
      "detail": "FCF margin: +11.0% -> +25.4% (+14.4%)",
      "severity": "MEDIUM"
    },
    {
      "quarter": "2023-12 (Q4)",
      "signal": "YoY REVENUE GROWTH DECELERATION",
      "detail": "YoY growth: -16.0% vs prior quarter YoY: -5.5% (decel: -10.5%)",
      "severity": "WARNING"
    },
    {
      "quarter": "2023-09 (Q3)",
      "signal": "FCF TURNED POSITIVE",
      "detail": "FCF margin: -1.3% -> +11.0%",
      "severity": "HIGH"
    },
    {
      "quarter": "2023-09 (Q3)",
      "signal": "YoY REVENUE GROWTH ACCELERATION",
      "detail": "YoY growth: -5.5% vs prior quarter YoY: -12.8% (accel: +7.3%)",
      "severity": "MEDIUM"
    },
    {
      "quarter": "2023-06 (Q2)",
      "signal": "OP MARGIN TURNED POSITIVE (YoY)",
      "detail": "Op margin: -22.3% (year-ago) -> +7.4%",
      "severity": "HIGH"
    },
    {
      "quarter": "2023-06 (Q2)",
      "signal": "OP MARGIN TURNED POSITIVE (QoQ)",
      "detail": "Op margin: -8.6% -> +7.4%",
      "severity": "HIGH"
    },
    {
      "quarter": "2023-03 (Q1)",
      "signal": "FCF MARGIN EXPANSION",
      "detail": "FCF margin: -8.3% -> -2.2% (+6.0%)",
      "severity": "MEDIUM"
    },
    {
      "quarter": "2023-03 (Q1)",
      "signal": "YoY REVENUE GROWTH DECELERATION",
      "detail": "YoY growth: -16.4% vs prior quarter YoY: -9.0% (decel: -7.4%)",
      "severity": "WARNING"
    },
    {
      "quarter": "2022-12 (Q4)",
      "signal": "FCF MARGIN EXPANSION",
      "detail": "FCF margin: -22.2% -> -8.3% (+14.0%)",
      "severity": "MEDIUM"
    },
    {
      "quarter": "2022-12 (Q4)",
      "signal": "YoY REVENUE GROWTH DECELERATION",
      "detail": "YoY growth: -9.0% vs prior quarter YoY: -0.8% (decel: -8.3%)",
      "severity": "WARNING"
    },
    {
      "quarter": "2022-09 (Q3)",
      "signal": "YoY REVENUE GROWTH DECELERATION",
      "detail": "YoY growth: -0.8% vs prior quarter YoY: +24.2% (decel: -25.0%)",
      "severity": "WARNING"
    },
    {
      "quarter": "2022-06 (Q2)",
      "signal": "FCF MARGIN EXPANSION",
      "detail": "FCF margin: -14.0% -> -7.4% (+6.6%)",
      "severity": "MEDIUM"
    },
    {
      "quarter": "2022-06 (Q2)",
      "signal": "YoY REVENUE GROWTH DECELERATION",
      "detail": "YoY growth: +24.2% vs prior quarter YoY: +39.6% (decel: -15.4%)",
      "severity": "WARNING"
    },
    {
      "quarter": "2022-03 (Q1)",
      "signal": "YoY REVENUE GROWTH ACCELERATION",
      "detail": "YoY growth: +39.6% vs prior quarter YoY: +22.2% (accel: +17.4%)",
      "severity": "HIGH"
    },
    {
      "quarter": "2021-09 (Q3)",
      "signal": "FCF MARGIN EXPANSION",
      "detail": "FCF margin: +11.5% -> +17.6% (+6.0%)",
      "severity": "MEDIUM"
    },
    {
      "quarter": "2021-09 (Q3)",
      "signal": "OP MARGIN TURNED POSITIVE (QoQ)",
      "detail": "Op margin: -32.6% -> +8.0%",
      "severity": "HIGH"
    }
  ],
  "data_quality": {
    "n_quarters": 20,
    "coverage": {
      "revenue": [
        20,
        20
      ],
      "gross_profit": [
        20,
        20
      ],
      "op_income": [
        20,
        20
      ],
      "fcf": [
        20,
        20
      ]
    },
    "gaps": [],
    "warnings": []
  },
  "market_cap": null,
  "source": "SEC EDGAR",
  "last_updated": "2026-02-03T01:10:49.817799"
}