{
  "ticker": "MARA",
  "name": "MARA HOLDINGS, INC.",
  "quarters": [
    {
      "date": "2020-12-31T00:00:00",
      "quarter_label": "2020-12 (Q4)",
      "revenue": 2643611,
      "gross_profit": -827747,
      "operating_income": -4955872,
      "net_income": -5234227,
      "opex": 7599483,
      "cogs": 3471358,
      "rd": null,
      "sga": null,
      "fcf": -18932872,
      "ocf": -4324780,
      "capex": -14608092,
      "gross_margin": -0.3131122544126197,
      "op_margin": -1.874660076690557,
      "fcf_margin": -7.161746565587751
    },
    {
      "date": "2021-03-31T00:00:00",
      "quarter_label": "2021-03 (Q1)",
      "revenue": 9152815,
      "gross_profit": 6746400,
      "operating_income": -47055414,
      "net_income": 83356742,
      "opex": 53801814,
      "cogs": 2406415,
      "rd": null,
      "sga": null,
      "fcf": -28539975,
      "ocf": -3083261,
      "capex": -25456714,
      "gross_margin": 0.7370847110970777,
      "op_margin": -5.141086540042599,
      "fcf_margin": -3.1181636469217393,
      "op_leverage_ratio": 0.4049957754260165,
      "fcf_margin_change": 4.0435829186660115
    },
    {
      "date": "2021-06-30T00:00:00",
      "quarter_label": "2021-06 (Q2)",
      "revenue": 29321857,
      "gross_profit": 22328023,
      "operating_income": 4621606,
      "net_income": -108884620,
      "opex": 24700251,
      "cogs": 6993834,
      "rd": null,
      "sga": null,
      "fcf": -44778706,
      "ocf": -3668581,
      "capex": -41110125,
      "gross_margin": 0.761480522874114,
      "op_margin": 0.1576164156315202,
      "fcf_margin": -1.5271442732975609,
      "op_leverage_ratio": Infinity,
      "fcf_margin_change": 1.5910193736241784
    },
    {
      "date": "2021-09-30T00:00:00",
      "quarter_label": "2021-09 (Q3)",
      "revenue": 51707483,
      "gross_profit": 41444474,
      "operating_income": -64283755,
      "net_income": -22172567,
      "opex": 115991238,
      "cogs": 10263009,
      "rd": null,
      "sga": null,
      "fcf": -1776177,
      "ocf": -37605328,
      "capex": 35829151,
      "gross_margin": 0.8015179156951036,
      "op_margin": -1.2432195742345455,
      "fcf_margin": -0.03435048269512558,
      "op_leverage_ratio": 0.20656238351560638,
      "fcf_margin_change": 1.4927937906024353
    },
    {
      "date": "2021-12-31T00:00:00",
      "quarter_label": "2021-12 (Q4)",
      "revenue": 68980845,
      "gross_profit": 46249103,
      "operating_income": 21629319,
      "net_income": 11525939,
      "opex": 38652296,
      "cogs": 22731742,
      "rd": null,
      "sga": null,
      "fcf": -217720142,
      "ocf": 25393170,
      "capex": -243113312,
      "gross_margin": 0.6704629814262205,
      "op_margin": 0.31355543702023364,
      "fcf_margin": -3.15624057664124,
      "incr_op_margin_yoy": 0.4007582076756471,
      "rev_growth_yoy": 25.093417299292522,
      "op_leverage_ratio": Infinity,
      "fcf_margin_change": -3.1218900939461145
    },
    {
      "date": "2022-03-31T00:00:00",
      "quarter_label": "2022-03 (Q1)",
      "revenue": 51717718,
      "gross_profit": 25324082,
      "operating_income": -9126268,
      "net_income": -12958589,
      "opex": 34450350,
      "cogs": 26393636,
      "rd": null,
      "sga": null,
      "fcf": -32596000,
      "ocf": -26062000,
      "capex": -6534000,
      "gross_margin": 0.48965969457507774,
      "op_margin": -0.17646308369599756,
      "fcf_margin": -0.6302675613026855,
      "incr_op_margin_yoy": 0.8910896848513904,
      "rev_growth_yoy": 4.650471248462905,
      "rev_growth_yoy_accel": -20.44294605082962,
      "fcf_margin_change": 2.5259730153385545
    },
    {
      "date": "2022-06-30T00:00:00",
      "quarter_label": "2022-06 (Q2)",
      "revenue": 24921816,
      "gross_profit": -16472740,
      "operating_income": -178211376,
      "net_income": -191646642,
      "opex": 140231562,
      "cogs": 41394556,
      "rd": null,
      "sga": null,
      "fcf": -22029000,
      "ocf": -14811000,
      "capex": -7218000,
      "gross_margin": -0.6609767121304483,
      "op_margin": -7.150818222877498,
      "fcf_margin": -0.8839243496541344,
      "incr_op_margin_yoy": 41.552563260205986,
      "rev_growth_yoy": -0.15006010703892322,
      "rev_growth_yoy_accel": -4.800531355501828,
      "fcf_margin_change": -0.2536567883514489
    },
    {
      "date": "2022-09-30T00:00:00",
      "quarter_label": "2022-09 (Q3)",
      "revenue": 12690452,
      "gross_profit": -27376945,
      "operating_income": -46645684,
      "net_income": -75422407,
      "opex": 19268739,
      "cogs": 40067397,
      "rd": null,
      "sga": null,
      "fcf": -48947000,
      "ocf": -42870000,
      "capex": -6077000,
      "gross_margin": -2.1572868326518235,
      "op_margin": -3.67565189955409,
      "fcf_margin": -3.8569942189608377,
      "incr_op_margin_yoy": -0.4520608192868391,
      "rev_growth_yoy": -0.7545722347382486,
      "rev_growth_yoy_accel": -0.6045121276993254,
      "fcf_margin_change": -2.9730698693067033
    },
    {
      "date": "2022-12-31T00:00:00",
      "quarter_label": "2022-12 (Q4)",
      "revenue": 28417000,
      "gross_profit": -15146000,
      "operating_income": -410925,
      "net_income": -392726000,
      "opex": 395779000,
      "cogs": 43563000,
      "rd": null,
      "sga": null,
      "fcf": -114014000,
      "ocf": -92735000,
      "capex": -21279000,
      "gross_margin": -0.5329908153570047,
      "op_margin": -0.014460534187282261,
      "fcf_margin": -4.012175810254425,
      "incr_op_margin_yoy": 0.5433470125921248,
      "rev_growth_yoy": -0.5880450580157434,
      "rev_growth_yoy_accel": 0.16652717672250528,
      "op_leverage_ratio": 0.06342095708823645,
      "fcf_margin_change": -0.15518159129358766
    },
    {
      "date": "2023-03-31T00:00:00",
      "quarter_label": "2023-03 (Q1)",
      "revenue": 51132000,
      "gross_profit": 22000,
      "operating_income": -3858000,
      "net_income": -7235000,
      "opex": 3880000,
      "cogs": 51110000,
      "rd": 209000,
      "sga": null,
      "fcf": -108728000,
      "ocf": -91458000,
      "capex": -17270000,
      "gross_margin": 0.00043025893765156846,
      "op_margin": -0.07545177188453414,
      "fcf_margin": -2.1264178987718063,
      "rev_growth_yoy": -0.011325287012856986,
      "rev_growth_yoy_accel": 0.5767197710028864,
      "op_leverage_ratio": Infinity,
      "fcf_margin_change": 1.885757911482619
    },
    {
      "date": "2023-06-30T00:00:00",
      "quarter_label": "2023-06 (Q2)",
      "revenue": 81759000,
      "gross_profit": -10738000,
      "operating_income": -16238000,
      "net_income": -19133000,
      "opex": 5500000,
      "cogs": 92497000,
      "rd": 651000,
      "sga": null,
      "fcf": -57456000,
      "ocf": -51410000,
      "capex": -6046000,
      "gross_margin": -0.13133722281339058,
      "op_margin": -0.19860810430655954,
      "fcf_margin": -0.7027483212857301,
      "incr_op_margin_yoy": 2.8497783422908496,
      "rev_growth_yoy": 2.2806196787585624,
      "rev_growth_yoy_accel": 2.2919449657714193,
      "op_leverage_ratio": 1.434591949377211,
      "fcf_margin_change": 1.4236695774860761
    },
    {
      "date": "2023-09-30T00:00:00",
      "quarter_label": "2023-09 (Q3)",
      "revenue": 97849000,
      "gross_profit": -15327000,
      "operating_income": -15633000,
      "net_income": 64137000,
      "opex": 306000,
      "cogs": 113176000,
      "rd": 713000,
      "sga": null,
      "fcf": -84116000,
      "ocf": -81619000,
      "capex": -2497000,
      "gross_margin": -0.15663931159235148,
      "op_margin": -0.15976657911680242,
      "fcf_margin": -0.859651095054625,
      "incr_op_margin_yoy": 0.36417581943740984,
      "rev_growth_yoy": 6.710442464933479,
      "rev_growth_yoy_accel": 4.429822786174917,
      "op_leverage_ratio": Infinity,
      "fcf_margin_change": -0.15690277376889494
    },
    {
      "date": "2023-12-31T00:00:00",
      "quarter_label": "2023-12 (Q4)",
      "revenue": 156768000,
      "gross_profit": 10700000,
      "operating_income": 256641000,
      "net_income": 223404000,
      "opex": -245941000,
      "cogs": 146068000,
      "rd": 1239000,
      "sga": null,
      "fcf": -92962000,
      "ocf": -91164000,
      "capex": -1798000,
      "gross_margin": 0.06825372525005104,
      "op_margin": 1.6370751684017146,
      "fcf_margin": -0.5929909165135742,
      "incr_op_margin_yoy": 2.0027263130010673,
      "rev_growth_yoy": 4.516697751346025,
      "rev_growth_yoy_accel": -2.1937447135874537,
      "op_leverage_ratio": Infinity,
      "fcf_margin_change": 0.26666017854105084
    },
    {
      "date": "2024-03-31T00:00:00",
      "quarter_label": "2024-03 (Q1)",
      "revenue": 165198000,
      "gross_profit": -3008000,
      "operating_income": 369704000,
      "net_income": 337173000,
      "opex": -372712000,
      "cogs": 168206000,
      "rd": 2466000,
      "sga": null,
      "fcf": -97428000,
      "ocf": -88340000,
      "capex": -9088000,
      "gross_margin": -0.018208452886838825,
      "op_margin": 2.2379447693071346,
      "fcf_margin": -0.5897650092616133,
      "incr_op_margin_yoy": 3.274963617554749,
      "rev_growth_yoy": 2.230814362825628,
      "rev_growth_yoy_accel": -2.2858833885203973,
      "op_leverage_ratio": 0.10432326609215455,
      "fcf_margin_change": 0.0032259072519608134
    },
    {
      "date": "2024-06-30T00:00:00",
      "quarter_label": "2024-06 (Q2)",
      "revenue": 145139000,
      "gross_profit": -36556000,
      "operating_income": -232397000,
      "net_income": -199659000,
      "opex": 195841000,
      "cogs": 181695000,
      "rd": 3845000,
      "sga": null,
      "fcf": -132392000,
      "ocf": -115171000,
      "capex": -17221000,
      "gross_margin": -0.2518688980907957,
      "op_margin": -1.6012029847249878,
      "fcf_margin": -0.9121738471396386,
      "incr_op_margin_yoy": -3.4105238245503315,
      "rev_growth_yoy": 0.7752051761885541,
      "rev_growth_yoy_accel": -1.4556091866370737,
      "fcf_margin_change": -0.3224088378780252
    },
    {
      "date": "2024-09-30T00:00:00",
      "quarter_label": "2024-09 (Q3)",
      "revenue": 131647000,
      "gross_profit": -67016000,
      "operating_income": -172223000,
      "net_income": -124789000,
      "opex": 105207000,
      "cogs": 198663000,
      "rd": 2813000,
      "sga": null,
      "fcf": -198079000,
      "ocf": -160085000,
      "capex": -37994000,
      "gross_margin": -0.5090583150394616,
      "op_margin": -1.3082181895523635,
      "fcf_margin": -1.5046222093933017,
      "incr_op_margin_yoy": -4.6331143854665955,
      "rev_growth_yoy": 0.3454097640241597,
      "rev_growth_yoy_accel": -0.42979541216439443,
      "fcf_margin_change": -0.5924483622536632
    },
    {
      "date": "2024-12-31T00:00:00",
      "quarter_label": "2024-12 (Q4)",
      "revenue": 214394000,
      "gross_profit": -52793000,
      "operating_income": 341027000,
      "net_income": 528528000,
      "opex": -393820000,
      "cogs": 267187000,
      "rd": 4105000,
      "sga": null,
      "fcf": -499948000,
      "ocf": -313426000,
      "capex": -186522000,
      "gross_margin": -0.2462428985885799,
      "op_margin": 1.5906555220761776,
      "fcf_margin": -2.331912273664375,
      "incr_op_margin_yoy": 1.464373720195745,
      "rev_growth_yoy": 0.367587773014901,
      "rev_growth_yoy_accel": 0.022178008990741294,
      "op_leverage_ratio": Infinity,
      "fcf_margin_change": -0.8272900642710734
    },
    {
      "date": "2025-03-31T00:00:00",
      "quarter_label": "2025-03 (Q1)",
      "revenue": 213884000,
      "gross_profit": null,
      "operating_income": -541063000,
      "net_income": null,
      "opex": null,
      "cogs": null,
      "rd": 9298000,
      "sga": null,
      "fcf": -254344000,
      "ocf": -215488000,
      "capex": -38856000,
      "gross_margin": null,
      "op_margin": -2.529703016588431,
      "fcf_margin": -1.1891679602027267,
      "incr_op_margin_yoy": -18.7069588793493,
      "rev_growth_yoy": 0.2947130110534026,
      "rev_growth_yoy_accel": -0.07287476196149839,
      "fcf_margin_change": 1.1427443134616484
    },
    {
      "date": "2025-06-30T00:00:00",
      "quarter_label": "2025-06 (Q2)",
      "revenue": 238485000,
      "gross_profit": null,
      "operating_income": 679777000,
      "net_income": null,
      "opex": null,
      "cogs": null,
      "rd": 8546000,
      "sga": null,
      "fcf": -282358000,
      "ocf": -163443000,
      "capex": -118915000,
      "gross_margin": null,
      "op_margin": 2.8503972996205214,
      "fcf_margin": -1.183965448560706,
      "incr_op_margin_yoy": 9.771966661667346,
      "rev_growth_yoy": 0.643148981321354,
      "rev_growth_yoy_accel": 0.3484359702679514,
      "fcf_margin_change": 0.00520251164202068
    },
    {
      "date": "2025-09-30T00:00:00",
      "quarter_label": "2025-09 (Q3)",
      "revenue": 252410000,
      "gross_profit": null,
      "operating_income": 47591000,
      "net_income": null,
      "opex": null,
      "cogs": null,
      "rd": 8716000,
      "sga": null,
      "fcf": -283877000,
      "ocf": -199049000,
      "capex": -84828000,
      "gross_margin": null,
      "op_margin": 0.18854641258270274,
      "fcf_margin": -1.1246662176617408,
      "incr_op_margin_yoy": 1.8202098324818032,
      "rev_growth_yoy": 0.9173243598410902,
      "rev_growth_yoy_accel": 0.27417537851973617,
      "fcf_margin_change": 0.05929923089896527
    }
  ],
  "signals": [
    {
      "quarter": "2025-09 (Q3)",
      "signal": "FCF MARGIN EXPANSION",
      "detail": "FCF margin: -118.4% -> -112.5% (+5.9%)",
      "severity": "MEDIUM"
    },
    {
      "quarter": "2025-09 (Q3)",
      "signal": "YoY REVENUE GROWTH ACCELERATION",
      "detail": "YoY growth: +91.7% vs prior quarter YoY: +64.3% (accel: +27.4%)",
      "severity": "HIGH"
    },
    {
      "quarter": "2025-09 (Q3)",
      "signal": "OP MARGIN TURNED POSITIVE (YoY)",
      "detail": "Op margin: -130.8% (year-ago) -> +18.9%",
      "severity": "HIGH"
    },
    {
      "quarter": "2025-06 (Q2)",
      "signal": "YoY REVENUE GROWTH ACCELERATION",
      "detail": "YoY growth: +64.3% vs prior quarter YoY: +29.5% (accel: +34.8%)",
      "severity": "HIGH"
    },
    {
      "quarter": "2025-06 (Q2)",
      "signal": "OP MARGIN TURNED POSITIVE (YoY)",
      "detail": "Op margin: -160.1% (year-ago) -> +285.0%",
      "severity": "HIGH"
    },
    {
      "quarter": "2025-06 (Q2)",
      "signal": "OP MARGIN TURNED POSITIVE (QoQ)",
      "detail": "Op margin: -253.0% -> +285.0%",
      "severity": "HIGH"
    },
    {
      "quarter": "2025-03 (Q1)",
      "signal": "FCF MARGIN EXPANSION",
      "detail": "FCF margin: -233.2% -> -118.9% (+114.3%)",
      "severity": "MEDIUM"
    },
    {
      "quarter": "2025-03 (Q1)",
      "signal": "YoY REVENUE GROWTH DECELERATION",
      "detail": "YoY growth: +29.5% vs prior quarter YoY: +36.8% (decel: -7.3%)",
      "severity": "WARNING"
    },
    {
      "quarter": "2024-12 (Q4)",
      "signal": "GROSS MARGIN INFLECTION",
      "detail": "GM: -25.2% -> -50.9% -> -24.6% (reversal +26.3%)",
      "severity": "HIGH"
    },
    {
      "quarter": "2024-12 (Q4)",
      "signal": "OP MARGIN TURNED POSITIVE (QoQ)",
      "detail": "Op margin: -130.8% -> +159.1%",
      "severity": "HIGH"
    },
    {
      "quarter": "2024-09 (Q3)",
      "signal": "YoY REVENUE GROWTH DECELERATION",
      "detail": "YoY growth: +34.5% vs prior quarter YoY: +77.5% (decel: -43.0%)",
      "severity": "WARNING"
    },
    {
      "quarter": "2024-06 (Q2)",
      "signal": "YoY REVENUE GROWTH DECELERATION",
      "detail": "YoY growth: +77.5% vs prior quarter YoY: +223.1% (decel: -145.6%)",
      "severity": "WARNING"
    },
    {
      "quarter": "2024-03 (Q1)",
      "signal": "YoY REVENUE GROWTH DECELERATION",
      "detail": "YoY growth: +223.1% vs prior quarter YoY: +451.7% (decel: -228.6%)",
      "severity": "WARNING"
    },
    {
      "quarter": "2024-03 (Q1)",
      "signal": "OP MARGIN TURNED POSITIVE (YoY)",
      "detail": "Op margin: -7.5% (year-ago) -> +223.8%",
      "severity": "HIGH"
    },
    {
      "quarter": "2023-12 (Q4)",
      "signal": "FCF MARGIN EXPANSION",
      "detail": "FCF margin: -86.0% -> -59.3% (+26.7%)",
      "severity": "MEDIUM"
    },
    {
      "quarter": "2023-12 (Q4)",
      "signal": "GROSS MARGIN INFLECTION",
      "detail": "GM: -13.1% -> -15.7% -> +6.8% (reversal +22.5%)",
      "severity": "HIGH"
    },
    {
      "quarter": "2023-12 (Q4)",
      "signal": "YoY REVENUE GROWTH DECELERATION",
      "detail": "YoY growth: +451.7% vs prior quarter YoY: +671.0% (decel: -219.4%)",
      "severity": "WARNING"
    },
    {
      "quarter": "2023-12 (Q4)",
      "signal": "OP MARGIN TURNED POSITIVE (YoY)",
      "detail": "Op margin: -1.4% (year-ago) -> +163.7%",
      "severity": "HIGH"
    },
    {
      "quarter": "2023-12 (Q4)",
      "signal": "OP MARGIN TURNED POSITIVE (QoQ)",
      "detail": "Op margin: -16.0% -> +163.7%",
      "severity": "HIGH"
    },
    {
      "quarter": "2023-09 (Q3)",
      "signal": "YoY REVENUE GROWTH ACCELERATION",
      "detail": "YoY growth: +671.0% vs prior quarter YoY: +228.1% (accel: +443.0%)",
      "severity": "HIGH"
    },
    {
      "quarter": "2023-06 (Q2)",
      "signal": "FCF MARGIN EXPANSION",
      "detail": "FCF margin: -212.6% -> -70.3% (+142.4%)",
      "severity": "MEDIUM"
    },
    {
      "quarter": "2023-06 (Q2)",
      "signal": "YoY REVENUE GROWTH ACCELERATION",
      "detail": "YoY growth: +228.1% vs prior quarter YoY: -1.1% (accel: +229.2%)",
      "severity": "HIGH"
    },
    {
      "quarter": "2023-03 (Q1)",
      "signal": "FCF MARGIN EXPANSION",
      "detail": "FCF margin: -401.2% -> -212.6% (+188.6%)",
      "severity": "MEDIUM"
    },
    {
      "quarter": "2023-03 (Q1)",
      "signal": "YoY REVENUE GROWTH ACCELERATION",
      "detail": "YoY growth: -1.1% vs prior quarter YoY: -58.8% (accel: +57.7%)",
      "severity": "HIGH"
    },
    {
      "quarter": "2022-12 (Q4)",
      "signal": "GROSS MARGIN INFLECTION",
      "detail": "GM: -66.1% -> -215.7% -> -53.3% (reversal +162.4%)",
      "severity": "HIGH"
    },
    {
      "quarter": "2022-12 (Q4)",
      "signal": "YoY REVENUE GROWTH ACCELERATION",
      "detail": "YoY growth: -58.8% vs prior quarter YoY: -75.5% (accel: +16.7%)",
      "severity": "HIGH"
    },
    {
      "quarter": "2022-09 (Q3)",
      "signal": "YoY REVENUE GROWTH DECELERATION",
      "detail": "YoY growth: -75.5% vs prior quarter YoY: -15.0% (decel: -60.5%)",
      "severity": "WARNING"
    },
    {
      "quarter": "2022-06 (Q2)",
      "signal": "YoY REVENUE GROWTH DECELERATION",
      "detail": "YoY growth: -15.0% vs prior quarter YoY: +465.0% (decel: -480.1%)",
      "severity": "WARNING"
    },
    {
      "quarter": "2022-03 (Q1)",
      "signal": "FCF MARGIN EXPANSION",
      "detail": "FCF margin: -315.6% -> -63.0% (+252.6%)",
      "severity": "MEDIUM"
    },
    {
      "quarter": "2022-03 (Q1)",
      "signal": "YoY REVENUE GROWTH DECELERATION",
      "detail": "YoY growth: +465.0% vs prior quarter YoY: +2509.3% (decel: -2044.3%)",
      "severity": "WARNING"
    },
    {
      "quarter": "2021-12 (Q4)",
      "signal": "OP MARGIN TURNED POSITIVE (YoY)",
      "detail": "Op margin: -187.5% (year-ago) -> +31.4%",
      "severity": "HIGH"
    },
    {
      "quarter": "2021-12 (Q4)",
      "signal": "OP MARGIN TURNED POSITIVE (QoQ)",
      "detail": "Op margin: -124.3% -> +31.4%",
      "severity": "HIGH"
    },
    {
      "quarter": "2021-09 (Q3)",
      "signal": "FCF MARGIN EXPANSION",
      "detail": "FCF margin: -152.7% -> -3.4% (+149.3%)",
      "severity": "MEDIUM"
    },
    {
      "quarter": "2021-06 (Q2)",
      "signal": "FCF MARGIN EXPANSION",
      "detail": "FCF margin: -311.8% -> -152.7% (+159.1%)",
      "severity": "MEDIUM"
    },
    {
      "quarter": "2021-06 (Q2)",
      "signal": "OP MARGIN TURNED POSITIVE (QoQ)",
      "detail": "Op margin: -514.1% -> +15.8%",
      "severity": "HIGH"
    },
    {
      "quarter": "2021-03 (Q1)",
      "signal": "FCF MARGIN EXPANSION",
      "detail": "FCF margin: -716.2% -> -311.8% (+404.4%)",
      "severity": "MEDIUM"
    }
  ],
  "data_quality": {
    "n_quarters": 20,
    "coverage": {
      "revenue": [
        20,
        20
      ],
      "gross_profit": [
        17,
        20
      ],
      "op_income": [
        20,
        20
      ],
      "fcf": [
        20,
        20
      ]
    },
    "gaps": [],
    "warnings": []
  },
  "market_cap": null,
  "source": "SEC EDGAR",
  "last_updated": "2026-02-02T21:13:01.061138",
  "sector": "Financial Services",
  "industry": "Capital Markets"
}