{
  "ticker": "MASI",
  "name": "MASIMO CORP",
  "quarters": [
    {
      "date": "2021-01-02T00:00:00",
      "quarter_label": "2021-01 (Q1)",
      "revenue": 295054000,
      "gross_profit": 186926000,
      "operating_income": 64895000,
      "net_income": 70669000,
      "opex": 122031000,
      "cogs": 108128000,
      "rd": 31688000,
      "sga": 90343000,
      "fcf": 52072000,
      "ocf": 64555000,
      "capex": -12483000,
      "gross_margin": 0.6335314891511384,
      "op_margin": 0.21994279013333154,
      "fcf_margin": 0.17648294888393312
    },
    {
      "date": "2021-04-03T00:00:00",
      "quarter_label": "2021-04 (Q2)",
      "revenue": 299043000,
      "gross_profit": 196875000,
      "operating_income": 65664000,
      "net_income": 53375000,
      "opex": 131211000,
      "cogs": 102168000,
      "rd": 34511000,
      "sga": 96700000,
      "fcf": 50357000,
      "ocf": 59260000,
      "capex": -8903000,
      "gross_margin": 0.6583501369368285,
      "op_margin": 0.21958046167273604,
      "fcf_margin": 0.16839384302591934,
      "op_leverage_ratio": 0.17971735516144138,
      "fcf_margin_change": -0.008089105858013784
    },
    {
      "date": "2021-07-03T00:00:00",
      "quarter_label": "2021-07 (Q3)",
      "revenue": 305118000,
      "gross_profit": 192912000,
      "operating_income": 65136000,
      "net_income": 50235000,
      "opex": 127776000,
      "cogs": 112206000,
      "rd": 33943000,
      "sga": 93833000,
      "fcf": 20643000,
      "ocf": 25940000,
      "capex": -5297000,
      "gross_margin": 0.6322537510078068,
      "op_margin": 0.21347806422433288,
      "fcf_margin": 0.06765579218531846,
      "op_leverage_ratio": Infinity,
      "fcf_margin_change": -0.10073805084060088
    },
    {
      "date": "2021-10-02T00:00:00",
      "quarter_label": "2021-10 (Q4)",
      "revenue": 307414000,
      "gross_profit": 203664000,
      "operating_income": 67611000,
      "net_income": 57771000,
      "opex": 136053000,
      "cogs": 103750000,
      "rd": 35406000,
      "sga": 100647000,
      "fcf": 75400000,
      "ocf": 81900000,
      "capex": -6500000,
      "gross_margin": 0.662507237796587,
      "op_margin": 0.21993468091889112,
      "fcf_margin": 0.24527184838686591,
      "fcf_margin_change": 0.17761605620154747
    },
    {
      "date": "2022-01-01T00:00:00",
      "quarter_label": "2022-01 (Q1)",
      "revenue": 327578000,
      "gross_profit": 214896000,
      "operating_income": 77411000,
      "net_income": 68258000,
      "opex": 137485000,
      "cogs": 112682000,
      "rd": 33374000,
      "sga": 104111000,
      "fcf": 92700000,
      "ocf": 97500000,
      "capex": -4800000,
      "gross_margin": 0.656014750685333,
      "op_margin": 0.23631318342501634,
      "fcf_margin": 0.28298603691334584,
      "incr_op_margin_yoy": 0.3848235149428115,
      "rev_growth_yoy": 0.11023066964013367,
      "op_leverage_ratio": 6.23186664586722,
      "fcf_margin_change": 0.037714188526479925
    },
    {
      "date": "2022-04-02T00:00:00",
      "quarter_label": "2022-04 (Q2)",
      "revenue": 304241000,
      "gross_profit": 204764000,
      "operating_income": 59745000,
      "net_income": 46600000,
      "opex": 145019000,
      "cogs": 99477000,
      "rd": 36119000,
      "sga": 108900000,
      "fcf": 2700000,
      "ocf": 23200000,
      "capex": -20500000,
      "gross_margin": 0.6730322343142443,
      "op_margin": 0.1963739272484642,
      "fcf_margin": 0.008874543536209782,
      "incr_op_margin_yoy": -1.138707195075029,
      "rev_growth_yoy": 0.01738211561548005,
      "rev_growth_yoy_accel": -0.09284855402465363,
      "fcf_margin_change": -0.2741114933771361
    },
    {
      "date": "2022-07-02T00:00:00",
      "quarter_label": "2022-07 (Q3)",
      "revenue": 565300000,
      "gross_profit": 258200000,
      "operating_income": 22100000,
      "net_income": 18100000,
      "opex": 236100000,
      "cogs": 307100000,
      "rd": 47800000,
      "sga": 188300000,
      "fcf": -7100000,
      "ocf": 2400000,
      "capex": -9500000,
      "gross_margin": 0.45674862904652397,
      "op_margin": 0.03909428621970635,
      "fcf_margin": -0.012559702812665842,
      "incr_op_margin_yoy": -0.16540729181880376,
      "rev_growth_yoy": 0.8527258306622356,
      "rev_growth_yoy_accel": 0.8353437150467555,
      "op_leverage_ratio": 1.366211844229702,
      "fcf_margin_change": -0.021434246348875623
    },
    {
      "date": "2022-10-01T00:00:00",
      "quarter_label": "2022-10 (Q4)",
      "revenue": 549300000,
      "gross_profit": 282500000,
      "operating_income": 54800000,
      "net_income": 37900000,
      "opex": 227700000,
      "cogs": 266800000,
      "rd": 53100000,
      "sga": 174600000,
      "fcf": 4400000,
      "ocf": 10400000,
      "capex": -6000000,
      "gross_margin": 0.5142909157109048,
      "op_margin": 0.09976333515383215,
      "fcf_margin": 0.008010194793373384,
      "incr_op_margin_yoy": -0.05296296602531771,
      "rev_growth_yoy": 0.7868411978634675,
      "rev_growth_yoy_accel": -0.0658846327987681,
      "fcf_margin_change": 0.020569897606039226
    },
    {
      "date": "2022-12-31T00:00:00",
      "quarter_label": "2022-12 (Q4)",
      "revenue": 617000000,
      "gross_profit": 313400000,
      "operating_income": 73300000,
      "net_income": 40900000,
      "opex": 240100000,
      "cogs": 303600000,
      "rd": 54300000,
      "sga": 185800000,
      "fcf": -23400000,
      "ocf": -6600000,
      "capex": -16800000,
      "gross_margin": 0.5079416531604538,
      "op_margin": 0.11880064829821718,
      "fcf_margin": -0.03792544570502431,
      "incr_op_margin_yoy": -0.014204172454063616,
      "rev_growth_yoy": 0.8835208713649879,
      "rev_growth_yoy_accel": 0.0966796735015204,
      "op_leverage_ratio": 2.2631868712672434,
      "fcf_margin_change": -0.0459356404983977
    },
    {
      "date": "2023-04-01T00:00:00",
      "quarter_label": "2023-04 (Q2)",
      "revenue": 565000000,
      "gross_profit": 284800000,
      "operating_income": 38000000,
      "net_income": 21300000,
      "opex": 246800000,
      "cogs": 280200000,
      "rd": 50500000,
      "sga": 196300000,
      "fcf": -8100000,
      "ocf": 400000,
      "capex": -8500000,
      "gross_margin": 0.5040707964601769,
      "op_margin": 0.06725663716814159,
      "fcf_margin": -0.014336283185840707,
      "incr_op_margin_yoy": -0.08339117729397642,
      "rev_growth_yoy": 0.857080406651306,
      "rev_growth_yoy_accel": -0.026440464713681888,
      "fcf_margin_change": 0.023589162519183603
    },
    {
      "date": "2023-07-01T00:00:00",
      "quarter_label": "2023-07 (Q3)",
      "revenue": 455300000,
      "gross_profit": 221200000,
      "operating_income": 29300000,
      "net_income": 15700000,
      "opex": 191900000,
      "cogs": 234100000,
      "rd": 40200000,
      "sga": 151700000,
      "fcf": 11700000,
      "ocf": 23600000,
      "capex": -11900000,
      "gross_margin": 0.48583351636283767,
      "op_margin": 0.06435317373160554,
      "fcf_margin": 0.025697342411596748,
      "incr_op_margin_yoy": -0.06545454545454546,
      "rev_growth_yoy": -0.19458694498496373,
      "rev_growth_yoy_accel": -1.0516673516362698,
      "fcf_margin_change": 0.04003362559743746
    },
    {
      "date": "2023-09-30T00:00:00",
      "quarter_label": "2023-09 (Q3)",
      "revenue": 478900000,
      "gross_profit": 234800000,
      "operating_income": 25200000,
      "net_income": 10600000,
      "opex": 209600000,
      "cogs": 244100000,
      "rd": 46500000,
      "sga": 156100000,
      "fcf": -19700000,
      "ocf": -7000000,
      "capex": -12700000,
      "gross_margin": 0.490290248486114,
      "op_margin": 0.05262058884944665,
      "fcf_margin": -0.041135936521194405,
      "incr_op_margin_yoy": 0.42045454545454547,
      "rev_growth_yoy": -0.12816311669397415,
      "rev_growth_yoy_accel": 0.06642382829098958,
      "op_leverage_ratio": 0.5619737901749762,
      "fcf_margin_change": -0.06683327893279115
    },
    {
      "date": "2023-12-30T00:00:00",
      "quarter_label": "2023-12 (Q4)",
      "revenue": 548900000,
      "gross_profit": 262700000,
      "operating_income": 44000000,
      "net_income": 33900000,
      "opex": 218700000,
      "cogs": 286200000,
      "rd": 38000000,
      "sga": 159900000,
      "fcf": 66200000,
      "ocf": 77100000,
      "capex": -10900000,
      "gross_margin": 0.4785935507378393,
      "op_margin": 0.08016032064128256,
      "fcf_margin": 0.12060484605574785,
      "incr_op_margin_yoy": 0.4302496328928047,
      "rev_growth_yoy": -0.11037277147487845,
      "rev_growth_yoy_accel": 0.0177903452190957,
      "op_leverage_ratio": 3.366689689512826,
      "fcf_margin_change": 0.16174078257694224
    },
    {
      "date": "2024-03-30T00:00:00",
      "quarter_label": "2024-03 (Q1)",
      "revenue": 492800000,
      "gross_profit": 241700000,
      "operating_income": 34000000,
      "net_income": 18900000,
      "opex": 207700000,
      "cogs": 251100000,
      "rd": 47800000,
      "sga": 159900000,
      "fcf": 39700000,
      "ocf": 45800000,
      "capex": -6100000,
      "gross_margin": 0.49046266233766234,
      "op_margin": 0.0689935064935065,
      "fcf_margin": 0.08056006493506493,
      "incr_op_margin_yoy": 0.055401662049861494,
      "rev_growth_yoy": -0.12778761061946903,
      "rev_growth_yoy_accel": -0.017414839144590577,
      "fcf_margin_change": -0.040044781120682924
    },
    {
      "date": "2024-06-29T00:00:00",
      "quarter_label": "2024-06 (Q2)",
      "revenue": 496300000,
      "gross_profit": 254800000,
      "operating_income": 28300000,
      "net_income": 16000000,
      "opex": 226500000,
      "cogs": 241500000,
      "rd": 49000000,
      "sga": 177500000,
      "fcf": 70900000,
      "ocf": 74500000,
      "capex": -3600000,
      "gross_margin": 0.5133991537376587,
      "op_margin": 0.05702196252266774,
      "fcf_margin": 0.14285714285714285,
      "incr_op_margin_yoy": -0.024390243902439025,
      "rev_growth_yoy": 0.09005051614320228,
      "rev_growth_yoy_accel": 0.2178381267626713,
      "fcf_margin_change": 0.06229707792207792
    },
    {
      "date": "2024-09-28T00:00:00",
      "quarter_label": "2024-09 (Q3)",
      "revenue": 504600000,
      "gross_profit": 263200000,
      "operating_income": 30100000,
      "net_income": 9800000,
      "opex": 233100000,
      "cogs": 241400000,
      "rd": 48300000,
      "sga": 184800000,
      "fcf": 20400000,
      "ocf": 25600000,
      "capex": -5200000,
      "gross_margin": 0.5216012683313516,
      "op_margin": 0.05965120887831946,
      "fcf_margin": 0.04042806183115339,
      "incr_op_margin_yoy": 0.19066147859922178,
      "rev_growth_yoy": 0.053664648152015035,
      "rev_growth_yoy_accel": -0.036385867991187246,
      "op_leverage_ratio": 0.5739288919824885,
      "fcf_margin_change": -0.10242908102598947
    },
    {
      "date": "2024-12-28T00:00:00",
      "quarter_label": "2024-12 (Q4)",
      "revenue": 600700000,
      "gross_profit": 244700000,
      "operating_income": -359100000,
      "net_income": -349600000,
      "opex": 603800000,
      "cogs": 356000000,
      "rd": 77700000,
      "sga": 221600000,
      "fcf": 45400000,
      "ocf": 50500000,
      "capex": -5100000,
      "gross_margin": 0.40735808223738973,
      "op_margin": -0.5978025636757117,
      "fcf_margin": 0.07557849175961379,
      "incr_op_margin_yoy": -7.781853281853282,
      "rev_growth_yoy": 0.09437055930041902,
      "rev_growth_yoy_accel": 0.04070591114840398,
      "op_leverage_ratio": 0.11975559944277417,
      "fcf_margin_change": 0.035150429928460396
    },
    {
      "date": "2025-03-29T00:00:00",
      "quarter_label": "2025-03 (Q1)",
      "revenue": 372000000,
      "gross_profit": 234000000,
      "operating_income": 78000000,
      "net_income": -170700000,
      "opex": 156000000,
      "cogs": 138000000,
      "rd": 33900000,
      "sga": 119400000,
      "fcf": 28500000,
      "ocf": 31100000,
      "capex": -2600000,
      "gross_margin": 0.6290322580645161,
      "op_margin": 0.20967741935483872,
      "fcf_margin": 0.07661290322580645,
      "incr_op_margin_yoy": -0.36423841059602646,
      "rev_growth_yoy": -0.24512987012987014,
      "rev_growth_yoy_accel": -0.33950042943028913,
      "fcf_margin_change": 0.0010344114661926668
    },
    {
      "date": "2025-06-28T00:00:00",
      "quarter_label": "2025-06 (Q2)",
      "revenue": 370900000,
      "gross_profit": 233300000,
      "operating_income": 64500000,
      "net_income": 51300000,
      "opex": 168800000,
      "cogs": 137600000,
      "rd": 29900000,
      "sga": 138900000,
      "fcf": 65600000,
      "ocf": 69400000,
      "capex": -3800000,
      "gross_margin": 0.629010514963602,
      "op_margin": 0.17390132111081155,
      "fcf_margin": 0.17686708007549204,
      "incr_op_margin_yoy": -0.2886762360446571,
      "rev_growth_yoy": -0.2526697561958493,
      "rev_growth_yoy_accel": -0.007539886065979162,
      "fcf_margin_change": 0.10025417684968559
    },
    {
      "date": "2025-09-27T00:00:00",
      "quarter_label": "2025-09 (Q3)",
      "revenue": 371500000,
      "gross_profit": 230600000,
      "operating_income": 83600000,
      "net_income": -100400000,
      "opex": 147000000,
      "cogs": 140900000,
      "rd": 30500000,
      "sga": 116400000,
      "fcf": 50900000,
      "ocf": 56800000,
      "capex": -5900000,
      "gross_margin": 0.6207267833109017,
      "op_margin": 0.22503364737550471,
      "fcf_margin": 0.13701211305518168,
      "incr_op_margin_yoy": -0.4019534184823441,
      "rev_growth_yoy": -0.26377328577090764,
      "rev_growth_yoy_accel": -0.011103529575058335,
      "fcf_margin_change": -0.039854967020310356
    }
  ],
  "signals": [
    {
      "quarter": "2025-06 (Q2)",
      "signal": "FCF MARGIN EXPANSION",
      "detail": "FCF margin: +7.7% -> +17.7% (+10.0%)",
      "severity": "MEDIUM"
    },
    {
      "quarter": "2025-03 (Q1)",
      "signal": "GROSS MARGIN INFLECTION",
      "detail": "GM: +52.2% -> +40.7% -> +62.9% (reversal +22.2%)",
      "severity": "HIGH"
    },
    {
      "quarter": "2025-03 (Q1)",
      "signal": "YoY REVENUE GROWTH DECELERATION",
      "detail": "YoY growth: -24.5% vs prior quarter YoY: +9.4% (decel: -34.0%)",
      "severity": "WARNING"
    },
    {
      "quarter": "2025-03 (Q1)",
      "signal": "OP MARGIN TURNED POSITIVE (QoQ)",
      "detail": "Op margin: -59.8% -> +21.0%",
      "severity": "HIGH"
    },
    {
      "quarter": "2024-09 (Q3)",
      "signal": "INCREMENTAL MARGIN (YoY)",
      "detail": "YoY Incr OPM: +19.1% vs year-ago OPM: +5.3%",
      "severity": "MEDIUM"
    },
    {
      "quarter": "2024-06 (Q2)",
      "signal": "FCF MARGIN EXPANSION",
      "detail": "FCF margin: +8.1% -> +14.3% (+6.2%)",
      "severity": "MEDIUM"
    },
    {
      "quarter": "2024-06 (Q2)",
      "signal": "YoY REVENUE GROWTH ACCELERATION",
      "detail": "YoY growth: +9.0% vs prior quarter YoY: -12.8% (accel: +21.8%)",
      "severity": "HIGH"
    },
    {
      "quarter": "2023-12 (Q4)",
      "signal": "FCF TURNED POSITIVE",
      "detail": "FCF margin: -4.1% -> +12.1%",
      "severity": "HIGH"
    },
    {
      "quarter": "2023-12 (Q4)",
      "signal": "OPERATING LEVERAGE",
      "detail": "Rev growth +14.6% vs OpEx growth +4.3% (leverage: 3.4x)",
      "severity": "MEDIUM"
    },
    {
      "quarter": "2023-12 (Q4)",
      "signal": "INCREMENTAL MARGIN (YoY)",
      "detail": "YoY Incr OPM: +43.0% vs year-ago OPM: +11.9%",
      "severity": "HIGH"
    },
    {
      "quarter": "2023-09 (Q3)",
      "signal": "YoY REVENUE GROWTH ACCELERATION",
      "detail": "YoY growth: -12.8% vs prior quarter YoY: -19.5% (accel: +6.6%)",
      "severity": "MEDIUM"
    },
    {
      "quarter": "2023-09 (Q3)",
      "signal": "INCREMENTAL MARGIN (YoY)",
      "detail": "YoY Incr OPM: +42.0% vs year-ago OPM: +10.0%",
      "severity": "HIGH"
    },
    {
      "quarter": "2023-07 (Q3)",
      "signal": "FCF TURNED POSITIVE",
      "detail": "FCF margin: -1.4% -> +2.6%",
      "severity": "HIGH"
    },
    {
      "quarter": "2023-07 (Q3)",
      "signal": "YoY REVENUE GROWTH DECELERATION",
      "detail": "YoY growth: -19.5% vs prior quarter YoY: +85.7% (decel: -105.2%)",
      "severity": "WARNING"
    },
    {
      "quarter": "2022-12 (Q4)",
      "signal": "OPERATING LEVERAGE",
      "detail": "Rev growth +12.3% vs OpEx growth +5.4% (leverage: 2.3x)",
      "severity": "MEDIUM"
    },
    {
      "quarter": "2022-12 (Q4)",
      "signal": "YoY REVENUE GROWTH ACCELERATION",
      "detail": "YoY growth: +88.4% vs prior quarter YoY: +78.7% (accel: +9.7%)",
      "severity": "MEDIUM"
    },
    {
      "quarter": "2022-10 (Q4)",
      "signal": "FCF TURNED POSITIVE",
      "detail": "FCF margin: -1.3% -> +0.8%",
      "severity": "HIGH"
    },
    {
      "quarter": "2022-10 (Q4)",
      "signal": "GROSS MARGIN INFLECTION",
      "detail": "GM: +67.3% -> +45.7% -> +51.4% (reversal +5.8%)",
      "severity": "HIGH"
    },
    {
      "quarter": "2022-10 (Q4)",
      "signal": "YoY REVENUE GROWTH DECELERATION",
      "detail": "YoY growth: +78.7% vs prior quarter YoY: +85.3% (decel: -6.6%)",
      "severity": "WARNING"
    },
    {
      "quarter": "2022-07 (Q3)",
      "signal": "YoY REVENUE GROWTH ACCELERATION",
      "detail": "YoY growth: +85.3% vs prior quarter YoY: +1.7% (accel: +83.5%)",
      "severity": "HIGH"
    },
    {
      "quarter": "2022-04 (Q2)",
      "signal": "YoY REVENUE GROWTH DECELERATION",
      "detail": "YoY growth: +1.7% vs prior quarter YoY: +11.0% (decel: -9.3%)",
      "severity": "WARNING"
    },
    {
      "quarter": "2022-01 (Q1)",
      "signal": "OPERATING LEVERAGE",
      "detail": "Rev growth +6.6% vs OpEx growth +1.1% (leverage: 6.2x)",
      "severity": "MEDIUM"
    },
    {
      "quarter": "2022-01 (Q1)",
      "signal": "INCREMENTAL MARGIN (YoY)",
      "detail": "YoY Incr OPM: +38.5% vs year-ago OPM: +22.0%",
      "severity": "MEDIUM"
    },
    {
      "quarter": "2021-10 (Q4)",
      "signal": "FCF MARGIN EXPANSION",
      "detail": "FCF margin: +6.8% -> +24.5% (+17.8%)",
      "severity": "MEDIUM"
    },
    {
      "quarter": "2021-10 (Q4)",
      "signal": "GROSS MARGIN INFLECTION",
      "detail": "GM: +65.8% -> +63.2% -> +66.3% (reversal +3.0%)",
      "severity": "MEDIUM"
    }
  ],
  "data_quality": {
    "n_quarters": 20,
    "coverage": {
      "revenue": [
        20,
        20
      ],
      "gross_profit": [
        20,
        20
      ],
      "op_income": [
        20,
        20
      ],
      "fcf": [
        20,
        20
      ]
    },
    "gaps": [],
    "warnings": []
  },
  "market_cap": null,
  "source": "SEC EDGAR",
  "last_updated": "2026-02-02T20:48:52.234867"
}