{
  "ticker": "MASS",
  "name": "908 Devices Inc.",
  "quarters": [
    {
      "date": "2020-12-31T00:00:00",
      "quarter_label": "2020-12 (Q4)",
      "revenue": 5717000,
      "gross_profit": 2579000,
      "operating_income": -3886000,
      "net_income": 15393000,
      "opex": 6465000,
      "cogs": 3138000,
      "rd": 2282000,
      "sga": 4183000,
      "fcf": 2332000,
      "ocf": 2332000,
      "capex": null,
      "gross_margin": 0.45111072240685673,
      "op_margin": -0.6797271296134336,
      "fcf_margin": 0.40790624453384644
    },
    {
      "date": "2021-03-31T00:00:00",
      "quarter_label": "2021-03 (Q1)",
      "revenue": 5543000,
      "gross_profit": 2908000,
      "operating_income": -5810000,
      "net_income": -6095000,
      "opex": 8718000,
      "cogs": 2635000,
      "rd": 2965000,
      "sga": 5753000,
      "fcf": -9642000,
      "ocf": -9633000,
      "capex": -9000,
      "gross_margin": 0.5246256539779902,
      "op_margin": -1.0481688616272777,
      "fcf_margin": -1.7394912502255095,
      "fcf_margin_change": -2.147397494759356
    },
    {
      "date": "2021-06-30T00:00:00",
      "quarter_label": "2021-06 (Q2)",
      "revenue": 8277000,
      "gross_profit": 4379000,
      "operating_income": -7455000,
      "net_income": -7424000,
      "opex": 11834000,
      "cogs": 3898000,
      "rd": 3055000,
      "sga": 8779000,
      "fcf": -7921000,
      "ocf": -7305000,
      "capex": -616000,
      "gross_margin": 0.529056421408723,
      "op_margin": -0.9006886553098948,
      "fcf_margin": -0.956989247311828,
      "op_leverage_ratio": 1.3799808105471125,
      "fcf_margin_change": 0.7825020029136815
    },
    {
      "date": "2021-09-30T00:00:00",
      "quarter_label": "2021-09 (Q3)",
      "revenue": 12545000,
      "gross_profit": 6812000,
      "operating_income": -5276000,
      "net_income": -5185000,
      "opex": 12088000,
      "cogs": 5733000,
      "rd": 3302000,
      "sga": 8786000,
      "fcf": -2982000,
      "ocf": -2924000,
      "capex": -58000,
      "gross_margin": 0.5430051813471503,
      "op_margin": -0.42056596253487444,
      "fcf_margin": -0.23770426464726982,
      "op_leverage_ratio": 24.02422042297268,
      "fcf_margin_change": 0.7192849826645582
    },
    {
      "date": "2021-12-31T00:00:00",
      "quarter_label": "2021-12 (Q4)",
      "revenue": 15841000,
      "gross_profit": 9134000,
      "operating_income": -3528000,
      "net_income": -3465000,
      "opex": 12662000,
      "cogs": 6707000,
      "rd": 3745000,
      "sga": 8917000,
      "fcf": -9274000,
      "ocf": -9220000,
      "capex": -54000,
      "gross_margin": 0.576605012309829,
      "op_margin": -0.22271321254971277,
      "fcf_margin": -0.5854428382046588,
      "incr_op_margin_yoy": 0.03536151718688266,
      "rev_growth_yoy": 1.7708588420500262,
      "op_leverage_ratio": 5.532979948144867,
      "fcf_margin_change": -0.347738573557389
    },
    {
      "date": "2022-03-31T00:00:00",
      "quarter_label": "2022-03 (Q1)",
      "revenue": 8306000,
      "gross_profit": 4129000,
      "operating_income": -9521000,
      "net_income": -9415000,
      "opex": 13650000,
      "cogs": 4177000,
      "rd": 3905000,
      "sga": 9745000,
      "fcf": -1083000,
      "ocf": -466000,
      "capex": -617000,
      "gross_margin": 0.4971105225138454,
      "op_margin": -1.146279797736576,
      "fcf_margin": -0.13038767156272574,
      "incr_op_margin_yoy": -1.3431053203040173,
      "rev_growth_yoy": 0.4984665343676709,
      "rev_growth_yoy_accel": -1.2723923076823553,
      "fcf_margin_change": 0.4550551666419331
    },
    {
      "date": "2022-06-30T00:00:00",
      "quarter_label": "2022-06 (Q2)",
      "revenue": 11106000,
      "gross_profit": 6634000,
      "operating_income": -8369000,
      "net_income": -8099000,
      "opex": 15003000,
      "cogs": 4472000,
      "rd": 4293000,
      "sga": 10710000,
      "fcf": -10482000,
      "ocf": -10410000,
      "capex": -72000,
      "gross_margin": 0.5973347739960382,
      "op_margin": -0.7535566360525842,
      "fcf_margin": -0.9438141545110751,
      "incr_op_margin_yoy": -0.3230823612583952,
      "rev_growth_yoy": 0.34179050380572673,
      "rev_growth_yoy_accel": -0.15667603056194418,
      "op_leverage_ratio": 3.400955577754013,
      "fcf_margin_change": -0.8134264829483493
    },
    {
      "date": "2022-09-30T00:00:00",
      "quarter_label": "2022-09 (Q3)",
      "revenue": 15797000,
      "gross_profit": 9338000,
      "operating_income": -7154000,
      "net_income": -6259000,
      "opex": 16492000,
      "cogs": 6459000,
      "rd": 4666000,
      "sga": 11826000,
      "fcf": -5682000,
      "ocf": -4938000,
      "capex": -744000,
      "gross_margin": 0.5911248971323669,
      "op_margin": -0.45287079825283283,
      "fcf_margin": -0.35968854845856807,
      "incr_op_margin_yoy": -0.577490774907749,
      "rev_growth_yoy": 0.25922678357911516,
      "rev_growth_yoy_accel": -0.08256372022661157,
      "op_leverage_ratio": 4.255897652476889,
      "fcf_margin_change": 0.5841256060525071
    },
    {
      "date": "2022-12-31T00:00:00",
      "quarter_label": "2022-12 (Q4)",
      "revenue": 11643000,
      "gross_profit": 5922000,
      "operating_income": -10338000,
      "net_income": -9791000,
      "opex": 16260000,
      "cogs": 5721000,
      "rd": 4662000,
      "sga": 11598000,
      "fcf": -5728000,
      "ocf": -5116000,
      "capex": -612000,
      "gross_margin": 0.5086317959288843,
      "op_margin": -0.887915485699562,
      "fcf_margin": -0.4919694236880529,
      "incr_op_margin_yoy": 1.6222010481181515,
      "rev_growth_yoy": -0.26500852218925575,
      "rev_growth_yoy_accel": -0.5242353057683709,
      "fcf_margin_change": -0.13228087522948484
    },
    {
      "date": "2023-03-31T00:00:00",
      "quarter_label": "2023-03 (Q1)",
      "revenue": 9487000,
      "gross_profit": 4384000,
      "operating_income": -13017000,
      "net_income": -12532000,
      "opex": 17401000,
      "cogs": 5103000,
      "rd": 5398000,
      "sga": 12003000,
      "fcf": -11832000,
      "ocf": -10647000,
      "capex": -1185000,
      "gross_margin": 0.46210603984399706,
      "op_margin": -1.372088120586065,
      "fcf_margin": -1.2471803520607148,
      "incr_op_margin_yoy": -2.960203217612193,
      "rev_growth_yoy": 0.14218637129785697,
      "rev_growth_yoy_accel": 0.4071948934871127,
      "fcf_margin_change": -0.7552109283726618
    },
    {
      "date": "2023-06-30T00:00:00",
      "quarter_label": "2023-06 (Q2)",
      "revenue": 12094000,
      "gross_profit": 5794000,
      "operating_income": -10939000,
      "net_income": -9346000,
      "opex": 16733000,
      "cogs": 6300000,
      "rd": 5525000,
      "sga": 11208000,
      "fcf": -8202000,
      "ocf": -7882000,
      "capex": -320000,
      "gross_margin": 0.47908053580287746,
      "op_margin": -0.9044980982305275,
      "fcf_margin": -0.6781875310071109,
      "rev_growth_yoy": 0.0889609220241311,
      "rev_growth_yoy_accel": -0.05322544927372587,
      "op_leverage_ratio": Infinity,
      "fcf_margin_change": 0.5689928210536038
    },
    {
      "date": "2023-09-30T00:00:00",
      "quarter_label": "2023-09 (Q3)",
      "revenue": 14297000,
      "gross_profit": 7869000,
      "operating_income": -9089000,
      "net_income": -7093000,
      "opex": 16958000,
      "cogs": 6428000,
      "rd": 5537000,
      "sga": 11421000,
      "fcf": -4807000,
      "ocf": -4600000,
      "capex": -207000,
      "gross_margin": 0.5503951878016367,
      "op_margin": -0.6357277750577044,
      "fcf_margin": -0.3362243827376373,
      "incr_op_margin_yoy": 1.29,
      "rev_growth_yoy": -0.09495473824143824,
      "rev_growth_yoy_accel": -0.18391566026556933,
      "op_leverage_ratio": 13.546772136780405,
      "fcf_margin_change": 0.34196314826947366
    },
    {
      "date": "2023-12-31T00:00:00",
      "quarter_label": "2023-12 (Q4)",
      "revenue": 14351000,
      "gross_profit": 7275000,
      "operating_income": -9713000,
      "net_income": -7429000,
      "opex": 16988000,
      "cogs": 7076000,
      "rd": 5444000,
      "sga": 11544000,
      "fcf": -2263000,
      "ocf": -1930000,
      "capex": -333000,
      "gross_margin": 0.5069333147515852,
      "op_margin": -0.6768169465542471,
      "fcf_margin": -0.15768935962650688,
      "incr_op_margin_yoy": 0.23079763663220088,
      "rev_growth_yoy": 0.23258610323799708,
      "rev_growth_yoy_accel": 0.3275408414794353,
      "fcf_margin_change": 0.1785350231111304
    },
    {
      "date": "2024-03-31T00:00:00",
      "quarter_label": "2024-03 (Q1)",
      "revenue": 9991000,
      "gross_profit": 5003000,
      "operating_income": -12688000,
      "net_income": -10917000,
      "opex": 17691000,
      "cogs": 4988000,
      "rd": 5790000,
      "sga": 11901000,
      "fcf": -10260000,
      "ocf": -9357000,
      "capex": -903000,
      "gross_margin": 0.5007506756080472,
      "op_margin": -1.2699429486537883,
      "fcf_margin": -1.0269242318086278,
      "rev_growth_yoy": 0.05312532939812375,
      "rev_growth_yoy_accel": -0.17946077383987333,
      "fcf_margin_change": -0.8692348721821209
    },
    {
      "date": "2024-06-30T00:00:00",
      "quarter_label": "2024-06 (Q2)",
      "revenue": 14047000,
      "gross_profit": 7418000,
      "operating_income": -13560000,
      "net_income": -12548000,
      "opex": 20978000,
      "cogs": 6629000,
      "rd": 6381000,
      "sga": 14597000,
      "fcf": -12393000,
      "ocf": -13040000,
      "capex": 647000,
      "gross_margin": 0.5280842884601694,
      "op_margin": -0.9653306755890938,
      "fcf_margin": -0.8822524382430412,
      "incr_op_margin_yoy": -1.3420378904249872,
      "rev_growth_yoy": 0.161485033901108,
      "rev_growth_yoy_accel": 0.10835970450298424,
      "op_leverage_ratio": 2.1849508183772453,
      "fcf_margin_change": 0.14467179356558657
    },
    {
      "date": "2024-09-30T00:00:00",
      "quarter_label": "2024-09 (Q3)",
      "revenue": 16773000,
      "gross_profit": 8332000,
      "operating_income": -30217000,
      "net_income": -29295000,
      "opex": 38549000,
      "cogs": 8441000,
      "rd": 6788000,
      "sga": 13379000,
      "fcf": -5763000,
      "ocf": -5607000,
      "capex": -156000,
      "gross_margin": 0.49675073034042805,
      "op_margin": -1.801526262445597,
      "fcf_margin": -0.3435879091396888,
      "incr_op_margin_yoy": -8.533117932148627,
      "rev_growth_yoy": 0.17318318528362595,
      "rev_growth_yoy_accel": 0.011698151382517952,
      "op_leverage_ratio": 0.23169137738309098,
      "fcf_margin_change": 0.5386645291033525
    },
    {
      "date": "2024-12-31T00:00:00",
      "quarter_label": "2024-12 (Q4)",
      "revenue": 18820000,
      "gross_profit": 9103000,
      "operating_income": -20253000,
      "net_income": -19446000,
      "opex": 29356000,
      "cogs": 9717000,
      "rd": 6536000,
      "sga": 13759000,
      "fcf": -2433000,
      "ocf": -2243000,
      "capex": -190000,
      "gross_margin": 0.48368756641870353,
      "op_margin": -1.0761424017003187,
      "fcf_margin": -0.12927736450584484,
      "incr_op_margin_yoy": -2.3584694562541957,
      "rev_growth_yoy": 0.3114068706013518,
      "rev_growth_yoy_accel": 0.13822368531772586,
      "op_leverage_ratio": Infinity,
      "fcf_margin_change": 0.21431054463384394
    },
    {
      "date": "2025-03-31T00:00:00",
      "quarter_label": "2025-03 (Q1)",
      "revenue": 11777000,
      "gross_profit": 5541000,
      "operating_income": -11026000,
      "net_income": 43603000,
      "opex": 16567000,
      "cogs": 6236000,
      "rd": 3829000,
      "sga": 10239000,
      "fcf": -15178000,
      "ocf": -15019000,
      "capex": -159000,
      "gross_margin": 0.4704933344654836,
      "op_margin": -0.9362316379383544,
      "fcf_margin": -1.2887832215334976,
      "incr_op_margin_yoy": 0.9305711086226204,
      "rev_growth_yoy": 0.1787608847963167,
      "rev_growth_yoy_accel": -0.13264598580503512,
      "fcf_margin_change": -1.1595058570276526
    },
    {
      "date": "2025-06-30T00:00:00",
      "quarter_label": "2025-06 (Q2)",
      "revenue": 13035000,
      "gross_profit": 6373000,
      "operating_income": -15161000,
      "net_income": -13306000,
      "opex": 21534000,
      "cogs": 6662000,
      "rd": 4405000,
      "sga": 10337000,
      "fcf": -5906000,
      "ocf": -5784000,
      "capex": -122000,
      "gross_margin": 0.4889144610663598,
      "op_margin": -1.1630993479094744,
      "fcf_margin": -0.4530878404296126,
      "incr_op_margin_yoy": 1.58201581027668,
      "rev_growth_yoy": -0.07204385277995301,
      "rev_growth_yoy_accel": -0.2508047375762697,
      "op_leverage_ratio": 0.35628347398510735,
      "fcf_margin_change": 0.835695381103885
    },
    {
      "date": "2025-09-30T00:00:00",
      "quarter_label": "2025-09 (Q3)",
      "revenue": 14005000,
      "gross_profit": 7355000,
      "operating_income": -16324000,
      "net_income": -14982000,
      "opex": 23679000,
      "cogs": 6650000,
      "rd": 3837000,
      "sga": 9134000,
      "fcf": -4884000,
      "ocf": -4204000,
      "capex": -680000,
      "gross_margin": 0.5251695822920386,
      "op_margin": -1.1655837200999644,
      "fcf_margin": -0.34873259550160657,
      "incr_op_margin_yoy": -5.019147398843931,
      "rev_growth_yoy": -0.16502712693018542,
      "rev_growth_yoy_accel": -0.09298327415023241,
      "op_leverage_ratio": 0.7470645196767176,
      "fcf_margin_change": 0.10435524492800602
    }
  ],
  "signals": [
    {
      "quarter": "2025-09 (Q3)",
      "signal": "FCF MARGIN EXPANSION",
      "detail": "FCF margin: -45.3% -> -34.9% (+10.4%)",
      "severity": "MEDIUM"
    },
    {
      "quarter": "2025-09 (Q3)",
      "signal": "YoY REVENUE GROWTH DECELERATION",
      "detail": "YoY growth: -16.5% vs prior quarter YoY: -7.2% (decel: -9.3%)",
      "severity": "WARNING"
    },
    {
      "quarter": "2025-06 (Q2)",
      "signal": "FCF MARGIN EXPANSION",
      "detail": "FCF margin: -128.9% -> -45.3% (+83.6%)",
      "severity": "MEDIUM"
    },
    {
      "quarter": "2025-06 (Q2)",
      "signal": "YoY REVENUE GROWTH DECELERATION",
      "detail": "YoY growth: -7.2% vs prior quarter YoY: +17.9% (decel: -25.1%)",
      "severity": "WARNING"
    },
    {
      "quarter": "2025-03 (Q1)",
      "signal": "YoY REVENUE GROWTH DECELERATION",
      "detail": "YoY growth: +17.9% vs prior quarter YoY: +31.1% (decel: -13.3%)",
      "severity": "WARNING"
    },
    {
      "quarter": "2024-12 (Q4)",
      "signal": "FCF MARGIN EXPANSION",
      "detail": "FCF margin: -34.4% -> -12.9% (+21.4%)",
      "severity": "MEDIUM"
    },
    {
      "quarter": "2024-12 (Q4)",
      "signal": "YoY REVENUE GROWTH ACCELERATION",
      "detail": "YoY growth: +31.1% vs prior quarter YoY: +17.3% (accel: +13.8%)",
      "severity": "MEDIUM"
    },
    {
      "quarter": "2024-09 (Q3)",
      "signal": "FCF MARGIN EXPANSION",
      "detail": "FCF margin: -88.2% -> -34.4% (+53.9%)",
      "severity": "MEDIUM"
    },
    {
      "quarter": "2024-06 (Q2)",
      "signal": "FCF MARGIN EXPANSION",
      "detail": "FCF margin: -102.7% -> -88.2% (+14.5%)",
      "severity": "MEDIUM"
    },
    {
      "quarter": "2024-06 (Q2)",
      "signal": "OPERATING LEVERAGE",
      "detail": "Rev growth +40.6% vs OpEx growth +18.6% (leverage: 2.2x)",
      "severity": "MEDIUM"
    },
    {
      "quarter": "2024-06 (Q2)",
      "signal": "GROSS MARGIN INFLECTION",
      "detail": "GM: +50.7% -> +50.1% -> +52.8% (reversal +2.7%)",
      "severity": "MEDIUM"
    },
    {
      "quarter": "2024-06 (Q2)",
      "signal": "YoY REVENUE GROWTH ACCELERATION",
      "detail": "YoY growth: +16.1% vs prior quarter YoY: +5.3% (accel: +10.8%)",
      "severity": "MEDIUM"
    },
    {
      "quarter": "2024-03 (Q1)",
      "signal": "YoY REVENUE GROWTH DECELERATION",
      "detail": "YoY growth: +5.3% vs prior quarter YoY: +23.3% (decel: -17.9%)",
      "severity": "WARNING"
    },
    {
      "quarter": "2023-12 (Q4)",
      "signal": "FCF MARGIN EXPANSION",
      "detail": "FCF margin: -33.6% -> -15.8% (+17.9%)",
      "severity": "MEDIUM"
    },
    {
      "quarter": "2023-12 (Q4)",
      "signal": "YoY REVENUE GROWTH ACCELERATION",
      "detail": "YoY growth: +23.3% vs prior quarter YoY: -9.5% (accel: +32.8%)",
      "severity": "HIGH"
    },
    {
      "quarter": "2023-09 (Q3)",
      "signal": "FCF MARGIN EXPANSION",
      "detail": "FCF margin: -67.8% -> -33.6% (+34.2%)",
      "severity": "MEDIUM"
    },
    {
      "quarter": "2023-09 (Q3)",
      "signal": "OPERATING LEVERAGE",
      "detail": "Rev growth +18.2% vs OpEx growth +1.3% (leverage: 13.5x)",
      "severity": "MEDIUM"
    },
    {
      "quarter": "2023-09 (Q3)",
      "signal": "YoY REVENUE GROWTH DECELERATION",
      "detail": "YoY growth: -9.5% vs prior quarter YoY: +8.9% (decel: -18.4%)",
      "severity": "WARNING"
    },
    {
      "quarter": "2023-06 (Q2)",
      "signal": "FCF MARGIN EXPANSION",
      "detail": "FCF margin: -124.7% -> -67.8% (+56.9%)",
      "severity": "MEDIUM"
    },
    {
      "quarter": "2023-06 (Q2)",
      "signal": "YoY REVENUE GROWTH DECELERATION",
      "detail": "YoY growth: +8.9% vs prior quarter YoY: +14.2% (decel: -5.3%)",
      "severity": "WARNING"
    },
    {
      "quarter": "2023-03 (Q1)",
      "signal": "YoY REVENUE GROWTH ACCELERATION",
      "detail": "YoY growth: +14.2% vs prior quarter YoY: -26.5% (accel: +40.7%)",
      "severity": "HIGH"
    },
    {
      "quarter": "2022-12 (Q4)",
      "signal": "YoY REVENUE GROWTH DECELERATION",
      "detail": "YoY growth: -26.5% vs prior quarter YoY: +25.9% (decel: -52.4%)",
      "severity": "WARNING"
    },
    {
      "quarter": "2022-09 (Q3)",
      "signal": "FCF MARGIN EXPANSION",
      "detail": "FCF margin: -94.4% -> -36.0% (+58.4%)",
      "severity": "MEDIUM"
    },
    {
      "quarter": "2022-09 (Q3)",
      "signal": "OPERATING LEVERAGE",
      "detail": "Rev growth +42.2% vs OpEx growth +9.9% (leverage: 4.3x)",
      "severity": "MEDIUM"
    },
    {
      "quarter": "2022-09 (Q3)",
      "signal": "YoY REVENUE GROWTH DECELERATION",
      "detail": "YoY growth: +25.9% vs prior quarter YoY: +34.2% (decel: -8.3%)",
      "severity": "WARNING"
    },
    {
      "quarter": "2022-06 (Q2)",
      "signal": "OPERATING LEVERAGE",
      "detail": "Rev growth +33.7% vs OpEx growth +9.9% (leverage: 3.4x)",
      "severity": "MEDIUM"
    },
    {
      "quarter": "2022-06 (Q2)",
      "signal": "GROSS MARGIN INFLECTION",
      "detail": "GM: +57.7% -> +49.7% -> +59.7% (reversal +10.0%)",
      "severity": "HIGH"
    },
    {
      "quarter": "2022-06 (Q2)",
      "signal": "YoY REVENUE GROWTH DECELERATION",
      "detail": "YoY growth: +34.2% vs prior quarter YoY: +49.8% (decel: -15.7%)",
      "severity": "WARNING"
    },
    {
      "quarter": "2022-03 (Q1)",
      "signal": "FCF MARGIN EXPANSION",
      "detail": "FCF margin: -58.5% -> -13.0% (+45.5%)",
      "severity": "MEDIUM"
    },
    {
      "quarter": "2022-03 (Q1)",
      "signal": "YoY REVENUE GROWTH DECELERATION",
      "detail": "YoY growth: +49.8% vs prior quarter YoY: +177.1% (decel: -127.2%)",
      "severity": "WARNING"
    },
    {
      "quarter": "2021-12 (Q4)",
      "signal": "OPERATING LEVERAGE",
      "detail": "Rev growth +26.3% vs OpEx growth +4.7% (leverage: 5.5x)",
      "severity": "MEDIUM"
    },
    {
      "quarter": "2021-09 (Q3)",
      "signal": "FCF MARGIN EXPANSION",
      "detail": "FCF margin: -95.7% -> -23.8% (+71.9%)",
      "severity": "MEDIUM"
    },
    {
      "quarter": "2021-09 (Q3)",
      "signal": "OPERATING LEVERAGE",
      "detail": "Rev growth +51.6% vs OpEx growth +2.1% (leverage: 24.0x)",
      "severity": "MEDIUM"
    },
    {
      "quarter": "2021-06 (Q2)",
      "signal": "FCF MARGIN EXPANSION",
      "detail": "FCF margin: -173.9% -> -95.7% (+78.3%)",
      "severity": "MEDIUM"
    }
  ],
  "data_quality": {
    "n_quarters": 20,
    "coverage": {
      "revenue": [
        20,
        20
      ],
      "gross_profit": [
        20,
        20
      ],
      "op_income": [
        20,
        20
      ],
      "fcf": [
        20,
        20
      ]
    },
    "gaps": [],
    "warnings": []
  },
  "market_cap": null,
  "source": "SEC EDGAR",
  "last_updated": "2026-02-02T22:53:58.162313"
}