{
  "ticker": "MAT",
  "name": "MATTEL INC /DE/",
  "quarters": [
    {
      "date": "2020-12-31T00:00:00",
      "quarter_label": "2020-12 (Q4)",
      "revenue": 1625763000,
      "gross_profit": 835179000,
      "operating_income": 192680000,
      "net_income": 130547000,
      "opex": 642499000,
      "cogs": 790584000,
      "rd": 52885000,
      "sga": null,
      "fcf": 727706000,
      "ocf": 727706000,
      "capex": null,
      "gross_margin": 0.5137150986951973,
      "op_margin": 0.11851665956231013,
      "fcf_margin": 0.44760890732536046
    },
    {
      "date": "2021-03-31T00:00:00",
      "quarter_label": "2021-03 (Q1)",
      "revenue": 874192000,
      "gross_profit": 409004000,
      "operating_income": 31038000,
      "net_income": -115218000,
      "opex": 377966000,
      "cogs": 465188000,
      "rd": 43981000,
      "sga": null,
      "fcf": -35724000,
      "ocf": -35724000,
      "capex": null,
      "gross_margin": 0.46786518293464135,
      "op_margin": 0.03550478613393854,
      "fcf_margin": -0.04086516463202591,
      "fcf_margin_change": -0.48847407195738635
    },
    {
      "date": "2021-06-30T00:00:00",
      "quarter_label": "2021-06 (Q2)",
      "revenue": 1026366000,
      "gross_profit": 488005000,
      "operating_income": 49140000,
      "net_income": -5537000,
      "opex": 438865000,
      "cogs": 538361000,
      "rd": 46747000,
      "sga": null,
      "fcf": -205646000,
      "ocf": -205646000,
      "capex": null,
      "gross_margin": 0.47546878988586916,
      "op_margin": 0.04787765767767054,
      "fcf_margin": -0.20036322325564174,
      "op_leverage_ratio": 1.0803791691612366,
      "fcf_margin_change": -0.15949805862361582
    },
    {
      "date": "2021-09-30T00:00:00",
      "quarter_label": "2021-09 (Q3)",
      "revenue": 1762293000,
      "gross_profit": 842539000,
      "operating_income": 389074000,
      "net_income": 795076000,
      "opex": 453465000,
      "cogs": 919754000,
      "rd": 47739000,
      "sga": null,
      "fcf": -14506000,
      "ocf": -14506000,
      "capex": null,
      "gross_margin": 0.4780924624906301,
      "op_margin": 0.22077713524368536,
      "fcf_margin": -0.008231321352351738,
      "op_leverage_ratio": 21.553141037848153,
      "fcf_margin_change": 0.19213190190329
    },
    {
      "date": "2021-12-31T00:00:00",
      "quarter_label": "2021-12 (Q4)",
      "revenue": 1794890000,
      "gross_profit": 884281000,
      "operating_income": 257476000,
      "net_income": 225833000,
      "opex": 626805000,
      "cogs": 910609000,
      "rd": 50906000,
      "sga": null,
      "fcf": 741339000,
      "ocf": 741339000,
      "capex": null,
      "gross_margin": 0.49266584581784956,
      "op_margin": 0.1434494592983414,
      "fcf_margin": 0.41302753929210145,
      "incr_op_margin_yoy": 0.3831203769948027,
      "rev_growth_yoy": 0.10402930808488076,
      "op_leverage_ratio": 0.04838876036845886,
      "fcf_margin_change": 0.42125886064445317
    },
    {
      "date": "2022-03-31T00:00:00",
      "quarter_label": "2022-03 (Q1)",
      "revenue": 1041301000,
      "gross_profit": 482895000,
      "operating_income": 80067000,
      "net_income": 21454000,
      "opex": 402828000,
      "cogs": 558406000,
      "rd": 42635000,
      "sga": null,
      "fcf": -143796000,
      "ocf": -143796000,
      "capex": null,
      "gross_margin": 0.4637419919888678,
      "op_margin": 0.07689131192613856,
      "fcf_margin": -0.1380926360389551,
      "incr_op_margin_yoy": 0.2933953287973718,
      "rev_growth_yoy": 0.1911582352618189,
      "rev_growth_yoy_accel": 0.08712892717693815,
      "fcf_margin_change": -0.5511201753310566
    },
    {
      "date": "2022-06-30T00:00:00",
      "quarter_label": "2022-06 (Q2)",
      "revenue": 1235687000,
      "gross_profit": 548918000,
      "operating_income": 125080000,
      "net_income": 66440000,
      "opex": 423838000,
      "cogs": 686769000,
      "rd": 49306000,
      "sga": null,
      "fcf": -281183000,
      "ocf": -281183000,
      "capex": null,
      "gross_margin": 0.4442209070743643,
      "op_margin": 0.10122304434699078,
      "fcf_margin": -0.22755196097393596,
      "incr_op_margin_yoy": 0.36279207532927893,
      "rev_growth_yoy": 0.2039438173127325,
      "rev_growth_yoy_accel": 0.012785582050913596,
      "op_leverage_ratio": 3.5791697427260205,
      "fcf_margin_change": -0.08945932493498085
    },
    {
      "date": "2022-09-30T00:00:00",
      "quarter_label": "2022-09 (Q3)",
      "revenue": 1755780000,
      "gross_profit": 846878000,
      "operating_income": 391372000,
      "net_income": 289882000,
      "opex": 455506000,
      "cogs": 908902000,
      "rd": 52204000,
      "sga": null,
      "fcf": 150212000,
      "ocf": 150212000,
      "capex": null,
      "gross_margin": 0.4823371948649603,
      "op_margin": 0.22290491975076604,
      "fcf_margin": 0.08555285969768422,
      "incr_op_margin_yoy": -0.3528327959465684,
      "rev_growth_yoy": -0.003695753203354947,
      "rev_growth_yoy_accel": -0.20763957051608745,
      "op_leverage_ratio": 5.633156101410505,
      "fcf_margin_change": 0.31310482067162015
    },
    {
      "date": "2022-12-31T00:00:00",
      "quarter_label": "2022-12 (Q4)",
      "revenue": 1401920000,
      "gross_profit": 602661000,
      "operating_income": 78996000,
      "net_income": 16137000,
      "opex": 523665000,
      "cogs": 799259000,
      "rd": 51306000,
      "sga": null,
      "fcf": 717609000,
      "ocf": 717609000,
      "capex": null,
      "gross_margin": 0.4298825895914175,
      "op_margin": 0.056348436430038805,
      "fcf_margin": 0.5118758559689569,
      "incr_op_margin_yoy": 0.45418225309820087,
      "rev_growth_yoy": -0.2189382079124626,
      "rev_growth_yoy_accel": -0.21524245470910766,
      "fcf_margin_change": 0.4263229962712727
    },
    {
      "date": "2023-03-31T00:00:00",
      "quarter_label": "2023-03 (Q1)",
      "revenue": 814579000,
      "gross_profit": 325787000,
      "operating_income": -115037000,
      "net_income": -106471000,
      "opex": 440824000,
      "cogs": 488792000,
      "rd": 48756000,
      "sga": null,
      "fcf": -206380000,
      "ocf": -206380000,
      "capex": null,
      "gross_margin": 0.3999452477905765,
      "op_margin": -0.14122264384424346,
      "fcf_margin": -0.2533578695252394,
      "incr_op_margin_yoy": 0.860542867476469,
      "rev_growth_yoy": -0.21772955178185752,
      "rev_growth_yoy_accel": 0.0012086561306050847,
      "fcf_margin_change": -0.7652337254941963
    },
    {
      "date": "2023-06-30T00:00:00",
      "quarter_label": "2023-06 (Q2)",
      "revenue": 1087164000,
      "gross_profit": 489806000,
      "operating_income": 62775000,
      "net_income": 27187000,
      "opex": 427031000,
      "cogs": 597358000,
      "rd": 49782000,
      "sga": null,
      "fcf": -119201000,
      "ocf": -119201000,
      "capex": null,
      "gross_margin": 0.4505355217796027,
      "op_margin": 0.057741978211199044,
      "fcf_margin": -0.10964399115496834,
      "incr_op_margin_yoy": 0.41949731691387865,
      "rev_growth_yoy": -0.12019467713102104,
      "rev_growth_yoy_accel": 0.09753487465083648,
      "op_leverage_ratio": Infinity,
      "fcf_margin_change": 0.14371387837027108
    },
    {
      "date": "2023-09-30T00:00:00",
      "quarter_label": "2023-09 (Q3)",
      "revenue": 1918788000,
      "gross_profit": 977934000,
      "operating_income": 473858000,
      "net_income": 146319000,
      "opex": 504076000,
      "cogs": 940854000,
      "rd": 49781000,
      "sga": null,
      "fcf": 245940000,
      "ocf": 245940000,
      "capex": null,
      "gross_margin": 0.5096623493580322,
      "op_margin": 0.2469569332307686,
      "fcf_margin": 0.1281746602542855,
      "incr_op_margin_yoy": 0.5060242442088732,
      "rev_growth_yoy": 0.09284078870929159,
      "rev_growth_yoy_accel": 0.21303546584031263,
      "op_leverage_ratio": 4.2398148858008975,
      "fcf_margin_change": 0.23781865140925385
    },
    {
      "date": "2023-12-31T00:00:00",
      "quarter_label": "2023-12 (Q4)",
      "revenue": 1620688000,
      "gross_profit": 790189000,
      "operating_income": 140063000,
      "net_income": 147318000,
      "opex": 650126000,
      "cogs": 830499000,
      "rd": 50284000,
      "sga": null,
      "fcf": 949432000,
      "ocf": 949432000,
      "capex": null,
      "gross_margin": 0.48756392346953886,
      "op_margin": 0.08642193932453378,
      "fcf_margin": 0.5858203429654566,
      "incr_op_margin_yoy": 0.2791404592993491,
      "rev_growth_yoy": 0.1560488472951381,
      "rev_growth_yoy_accel": 0.06320805858584651,
      "fcf_margin_change": 0.4576456827111711
    },
    {
      "date": "2024-03-31T00:00:00",
      "quarter_label": "2024-03 (Q1)",
      "revenue": 809508000,
      "gross_profit": 388870000,
      "operating_income": -35518000,
      "net_income": -28281000,
      "opex": 424388000,
      "cogs": 420638000,
      "rd": 47610000,
      "sga": null,
      "fcf": 35495000,
      "ocf": 35495000,
      "capex": null,
      "gross_margin": 0.4803782050331806,
      "op_margin": -0.04387603334371001,
      "fcf_margin": 0.04384762102412824,
      "incr_op_margin_yoy": -15.681127982646421,
      "rev_growth_yoy": -0.0062253016588937355,
      "rev_growth_yoy_accel": -0.16227414895403183,
      "fcf_margin_change": -0.5419727219413284
    },
    {
      "date": "2024-06-30T00:00:00",
      "quarter_label": "2024-06 (Q2)",
      "revenue": 1079728000,
      "gross_profit": 530736000,
      "operating_income": 83207000,
      "net_income": 56860000,
      "opex": 447529000,
      "cogs": 548992000,
      "rd": 47419000,
      "sga": null,
      "fcf": -252900000,
      "ocf": -252900000,
      "capex": null,
      "gross_margin": 0.4915460189973771,
      "op_margin": 0.07706292695938237,
      "fcf_margin": -0.23422565683209104,
      "incr_op_margin_yoy": -2.7477138246369015,
      "rev_growth_yoy": -0.006839814416224231,
      "rev_growth_yoy_accel": -0.0006145127573304954,
      "op_leverage_ratio": 6.121774352629678,
      "fcf_margin_change": -0.27807327785621927
    },
    {
      "date": "2024-09-30T00:00:00",
      "quarter_label": "2024-09 (Q3)",
      "revenue": 1843904000,
      "gross_profit": 978996000,
      "operating_income": 488341000,
      "net_income": 372376000,
      "opex": 490655000,
      "cogs": 864908000,
      "rd": 46842000,
      "sga": null,
      "fcf": 155822000,
      "ocf": 155822000,
      "capex": null,
      "gross_margin": 0.5309365346569018,
      "op_margin": 0.2648407943146715,
      "fcf_margin": 0.0845065686716879,
      "incr_op_margin_yoy": -0.19340580097217028,
      "rev_growth_yoy": -0.03902671894967031,
      "rev_growth_yoy_accel": -0.03218690453344608,
      "op_leverage_ratio": 7.344479695339857,
      "fcf_margin_change": 0.31873222550377894
    },
    {
      "date": "2024-12-31T00:00:00",
      "quarter_label": "2024-12 (Q4)",
      "revenue": 1646405000,
      "gross_profit": 835466000,
      "operating_income": 158252000,
      "net_income": 140862000,
      "opex": 677214000,
      "cogs": 810939000,
      "rd": 52198000,
      "sga": null,
      "fcf": 862149000,
      "ocf": 862149000,
      "capex": null,
      "gross_margin": 0.5074486532778995,
      "op_margin": 0.09611972752755246,
      "fcf_margin": 0.5236554796663032,
      "incr_op_margin_yoy": 0.7072753431582222,
      "rev_growth_yoy": 0.01586795237578115,
      "rev_growth_yoy_accel": 0.05489467132545146,
      "fcf_margin_change": 0.4391489109946153
    },
    {
      "date": "2025-03-31T00:00:00",
      "quarter_label": "2025-03 (Q1)",
      "revenue": 826629000,
      "gross_profit": 408096000,
      "operating_income": -52980000,
      "net_income": -40319000,
      "opex": 461076000,
      "cogs": 418533000,
      "rd": 46793000,
      "sga": null,
      "fcf": 24814000,
      "ocf": 24814000,
      "capex": null,
      "gross_margin": 0.4936870107387958,
      "op_margin": -0.06409162998152738,
      "fcf_margin": 0.03001830325333372,
      "incr_op_margin_yoy": -1.0199170609193389,
      "rev_growth_yoy": 0.02114988363302154,
      "rev_growth_yoy_accel": 0.005281931257240389,
      "fcf_margin_change": -0.4936371764129695
    },
    {
      "date": "2025-06-30T00:00:00",
      "quarter_label": "2025-06 (Q2)",
      "revenue": 1018562000,
      "gross_profit": 518951000,
      "operating_income": 78499000,
      "net_income": 53352000,
      "opex": 440452000,
      "cogs": 499611000,
      "rd": 49384000,
      "sga": null,
      "fcf": -300082000,
      "ocf": -300082000,
      "capex": null,
      "gross_margin": 0.5094937765202314,
      "op_margin": 0.0770684553321251,
      "fcf_margin": -0.29461338632307116,
      "incr_op_margin_yoy": 0.07697086616747867,
      "rev_growth_yoy": -0.056649452454692294,
      "rev_growth_yoy_accel": -0.07779933608771383,
      "op_leverage_ratio": Infinity,
      "fcf_margin_change": -0.32463168957640487
    },
    {
      "date": "2025-09-30T00:00:00",
      "quarter_label": "2025-09 (Q3)",
      "revenue": 1735972000,
      "gross_profit": 868252000,
      "operating_income": 379849000,
      "net_income": 278358000,
      "opex": 488403000,
      "cogs": 867720000,
      "rd": 54528000,
      "sga": null,
      "fcf": 71969000,
      "ocf": 71969000,
      "capex": null,
      "gross_margin": 0.5001532282778755,
      "op_margin": 0.21881055685229947,
      "fcf_margin": 0.04145746590382794,
      "incr_op_margin_yoy": 1.005188451988289,
      "rev_growth_yoy": -0.058534500711533786,
      "rev_growth_yoy_accel": -0.0018850482568414928,
      "op_leverage_ratio": 6.4696513039052235,
      "fcf_margin_change": 0.3360708522268991
    }
  ],
  "signals": [
    {
      "quarter": "2025-09 (Q3)",
      "signal": "FCF TURNED POSITIVE",
      "detail": "FCF margin: -29.5% -> +4.1%",
      "severity": "HIGH"
    },
    {
      "quarter": "2025-09 (Q3)",
      "signal": "OPERATING LEVERAGE",
      "detail": "Rev growth +70.4% vs OpEx growth +10.9% (leverage: 6.5x)",
      "severity": "MEDIUM"
    },
    {
      "quarter": "2025-09 (Q3)",
      "signal": "INCREMENTAL MARGIN (YoY)",
      "detail": "YoY Incr OPM: +100.5% vs year-ago OPM: +26.5%",
      "severity": "HIGH"
    },
    {
      "quarter": "2025-06 (Q2)",
      "signal": "YoY REVENUE GROWTH DECELERATION",
      "detail": "YoY growth: -5.7% vs prior quarter YoY: +2.1% (decel: -7.8%)",
      "severity": "WARNING"
    },
    {
      "quarter": "2025-06 (Q2)",
      "signal": "OP MARGIN TURNED POSITIVE (QoQ)",
      "detail": "Op margin: -6.4% -> +7.7%",
      "severity": "HIGH"
    },
    {
      "quarter": "2024-12 (Q4)",
      "signal": "FCF MARGIN EXPANSION",
      "detail": "FCF margin: +8.5% -> +52.4% (+43.9%)",
      "severity": "MEDIUM"
    },
    {
      "quarter": "2024-12 (Q4)",
      "signal": "YoY REVENUE GROWTH ACCELERATION",
      "detail": "YoY growth: +1.6% vs prior quarter YoY: -3.9% (accel: +5.5%)",
      "severity": "MEDIUM"
    },
    {
      "quarter": "2024-12 (Q4)",
      "signal": "INCREMENTAL MARGIN (YoY)",
      "detail": "YoY Incr OPM: +70.7% vs year-ago OPM: +8.6%",
      "severity": "HIGH"
    },
    {
      "quarter": "2024-09 (Q3)",
      "signal": "FCF TURNED POSITIVE",
      "detail": "FCF margin: -23.4% -> +8.5%",
      "severity": "HIGH"
    },
    {
      "quarter": "2024-09 (Q3)",
      "signal": "OPERATING LEVERAGE",
      "detail": "Rev growth +70.8% vs OpEx growth +9.6% (leverage: 7.3x)",
      "severity": "MEDIUM"
    },
    {
      "quarter": "2024-06 (Q2)",
      "signal": "OPERATING LEVERAGE",
      "detail": "Rev growth +33.4% vs OpEx growth +5.5% (leverage: 6.1x)",
      "severity": "MEDIUM"
    },
    {
      "quarter": "2024-06 (Q2)",
      "signal": "OP MARGIN TURNED POSITIVE (QoQ)",
      "detail": "Op margin: -4.4% -> +7.7%",
      "severity": "HIGH"
    },
    {
      "quarter": "2024-03 (Q1)",
      "signal": "YoY REVENUE GROWTH DECELERATION",
      "detail": "YoY growth: -0.6% vs prior quarter YoY: +15.6% (decel: -16.2%)",
      "severity": "WARNING"
    },
    {
      "quarter": "2023-12 (Q4)",
      "signal": "FCF MARGIN EXPANSION",
      "detail": "FCF margin: +12.8% -> +58.6% (+45.8%)",
      "severity": "MEDIUM"
    },
    {
      "quarter": "2023-12 (Q4)",
      "signal": "YoY REVENUE GROWTH ACCELERATION",
      "detail": "YoY growth: +15.6% vs prior quarter YoY: +9.3% (accel: +6.3%)",
      "severity": "MEDIUM"
    },
    {
      "quarter": "2023-12 (Q4)",
      "signal": "INCREMENTAL MARGIN (YoY)",
      "detail": "YoY Incr OPM: +27.9% vs year-ago OPM: +5.6%",
      "severity": "HIGH"
    },
    {
      "quarter": "2023-09 (Q3)",
      "signal": "FCF TURNED POSITIVE",
      "detail": "FCF margin: -11.0% -> +12.8%",
      "severity": "HIGH"
    },
    {
      "quarter": "2023-09 (Q3)",
      "signal": "OPERATING LEVERAGE",
      "detail": "Rev growth +76.5% vs OpEx growth +18.0% (leverage: 4.2x)",
      "severity": "MEDIUM"
    },
    {
      "quarter": "2023-09 (Q3)",
      "signal": "YoY REVENUE GROWTH ACCELERATION",
      "detail": "YoY growth: +9.3% vs prior quarter YoY: -12.0% (accel: +21.3%)",
      "severity": "HIGH"
    },
    {
      "quarter": "2023-09 (Q3)",
      "signal": "INCREMENTAL MARGIN (YoY)",
      "detail": "YoY Incr OPM: +50.6% vs year-ago OPM: +22.3%",
      "severity": "HIGH"
    },
    {
      "quarter": "2023-06 (Q2)",
      "signal": "FCF MARGIN EXPANSION",
      "detail": "FCF margin: -25.3% -> -11.0% (+14.4%)",
      "severity": "MEDIUM"
    },
    {
      "quarter": "2023-06 (Q2)",
      "signal": "GROSS MARGIN INFLECTION",
      "detail": "GM: +43.0% -> +40.0% -> +45.1% (reversal +5.1%)",
      "severity": "HIGH"
    },
    {
      "quarter": "2023-06 (Q2)",
      "signal": "YoY REVENUE GROWTH ACCELERATION",
      "detail": "YoY growth: -12.0% vs prior quarter YoY: -21.8% (accel: +9.8%)",
      "severity": "MEDIUM"
    },
    {
      "quarter": "2023-06 (Q2)",
      "signal": "INCREMENTAL MARGIN (YoY)",
      "detail": "YoY Incr OPM: +41.9% vs year-ago OPM: +10.1%",
      "severity": "HIGH"
    },
    {
      "quarter": "2023-06 (Q2)",
      "signal": "OP MARGIN TURNED POSITIVE (QoQ)",
      "detail": "Op margin: -14.1% -> +5.8%",
      "severity": "HIGH"
    },
    {
      "quarter": "2022-12 (Q4)",
      "signal": "FCF MARGIN EXPANSION",
      "detail": "FCF margin: +8.6% -> +51.2% (+42.6%)",
      "severity": "MEDIUM"
    },
    {
      "quarter": "2022-12 (Q4)",
      "signal": "YoY REVENUE GROWTH DECELERATION",
      "detail": "YoY growth: -21.9% vs prior quarter YoY: -0.4% (decel: -21.5%)",
      "severity": "WARNING"
    },
    {
      "quarter": "2022-12 (Q4)",
      "signal": "INCREMENTAL MARGIN (YoY)",
      "detail": "YoY Incr OPM: +45.4% vs year-ago OPM: +14.3%",
      "severity": "HIGH"
    },
    {
      "quarter": "2022-09 (Q3)",
      "signal": "FCF TURNED POSITIVE",
      "detail": "FCF margin: -22.8% -> +8.6%",
      "severity": "HIGH"
    },
    {
      "quarter": "2022-09 (Q3)",
      "signal": "OPERATING LEVERAGE",
      "detail": "Rev growth +42.1% vs OpEx growth +7.5% (leverage: 5.6x)",
      "severity": "MEDIUM"
    },
    {
      "quarter": "2022-09 (Q3)",
      "signal": "GROSS MARGIN INFLECTION",
      "detail": "GM: +46.4% -> +44.4% -> +48.2% (reversal +3.8%)",
      "severity": "MEDIUM"
    },
    {
      "quarter": "2022-09 (Q3)",
      "signal": "YoY REVENUE GROWTH DECELERATION",
      "detail": "YoY growth: -0.4% vs prior quarter YoY: +20.4% (decel: -20.8%)",
      "severity": "WARNING"
    },
    {
      "quarter": "2022-06 (Q2)",
      "signal": "OPERATING LEVERAGE",
      "detail": "Rev growth +18.7% vs OpEx growth +5.2% (leverage: 3.6x)",
      "severity": "MEDIUM"
    },
    {
      "quarter": "2022-06 (Q2)",
      "signal": "INCREMENTAL MARGIN (YoY)",
      "detail": "YoY Incr OPM: +36.3% vs year-ago OPM: +4.8%",
      "severity": "HIGH"
    },
    {
      "quarter": "2022-03 (Q1)",
      "signal": "YoY REVENUE GROWTH ACCELERATION",
      "detail": "YoY growth: +19.1% vs prior quarter YoY: +10.4% (accel: +8.7%)",
      "severity": "MEDIUM"
    },
    {
      "quarter": "2022-03 (Q1)",
      "signal": "INCREMENTAL MARGIN (YoY)",
      "detail": "YoY Incr OPM: +29.3% vs year-ago OPM: +3.6%",
      "severity": "HIGH"
    },
    {
      "quarter": "2021-12 (Q4)",
      "signal": "FCF TURNED POSITIVE",
      "detail": "FCF margin: -0.8% -> +41.3%",
      "severity": "HIGH"
    },
    {
      "quarter": "2021-12 (Q4)",
      "signal": "INCREMENTAL MARGIN (YoY)",
      "detail": "YoY Incr OPM: +38.3% vs year-ago OPM: +11.9%",
      "severity": "HIGH"
    },
    {
      "quarter": "2021-09 (Q3)",
      "signal": "FCF MARGIN EXPANSION",
      "detail": "FCF margin: -20.0% -> -0.8% (+19.2%)",
      "severity": "MEDIUM"
    },
    {
      "quarter": "2021-09 (Q3)",
      "signal": "OPERATING LEVERAGE",
      "detail": "Rev growth +71.7% vs OpEx growth +3.3% (leverage: 21.6x)",
      "severity": "MEDIUM"
    }
  ],
  "data_quality": {
    "n_quarters": 20,
    "coverage": {
      "revenue": [
        20,
        20
      ],
      "gross_profit": [
        20,
        20
      ],
      "op_income": [
        20,
        20
      ],
      "fcf": [
        20,
        20
      ]
    },
    "gaps": [],
    "warnings": []
  },
  "market_cap": null,
  "source": "SEC EDGAR",
  "last_updated": "2026-02-02T20:53:42.116210",
  "sector": "Consumer Cyclical",
  "industry": "Leisure"
}