{
  "ticker": "MATV",
  "name": "MATIV HOLDINGS, INC.",
  "quarters": [
    {
      "date": "2020-12-31T00:00:00",
      "quarter_label": "2020-12 (Q4)",
      "revenue": 279400000,
      "gross_profit": 79500000,
      "operating_income": 23300000,
      "net_income": 15300000,
      "opex": 56200000,
      "cogs": 199900000,
      "rd": 3400000,
      "sga": null,
      "fcf": 44700000,
      "ocf": 54100000,
      "capex": -9400000,
      "gross_margin": 0.28453829634932,
      "op_margin": 0.08339298496778812,
      "fcf_margin": 0.15998568360773086
    },
    {
      "date": "2021-03-31T00:00:00",
      "quarter_label": "2021-03 (Q1)",
      "revenue": 288200000,
      "gross_profit": 80800000,
      "operating_income": 33500000,
      "net_income": 21600000,
      "opex": 47300000,
      "cogs": 207400000,
      "rd": 3800000,
      "sga": null,
      "fcf": 5600000,
      "ocf": 12700000,
      "capex": -7100000,
      "gross_margin": 0.28036086051353226,
      "op_margin": 0.11623872310895211,
      "fcf_margin": 0.01943095072866065,
      "op_leverage_ratio": Infinity,
      "fcf_margin_change": -0.1405547328790702
    },
    {
      "date": "2021-06-30T00:00:00",
      "quarter_label": "2021-06 (Q2)",
      "revenue": 377800000,
      "gross_profit": 88100000,
      "operating_income": 15900000,
      "net_income": 1800000,
      "opex": 72200000,
      "cogs": 289700000,
      "rd": 5400000,
      "sga": null,
      "fcf": -2100000,
      "ocf": 7100000,
      "capex": -9200000,
      "gross_margin": 0.2331921651667549,
      "op_margin": 0.042085759661196404,
      "fcf_margin": -0.00555849655902594,
      "op_leverage_ratio": 0.5905760446365615,
      "fcf_margin_change": -0.02498944728768659
    },
    {
      "date": "2021-09-30T00:00:00",
      "quarter_label": "2021-09 (Q3)",
      "revenue": 383600000,
      "gross_profit": 85200000,
      "operating_income": 23000000,
      "net_income": 12200000,
      "opex": 62200000,
      "cogs": 298400000,
      "rd": 5700000,
      "sga": null,
      "fcf": 200000,
      "ocf": 7700000,
      "capex": -7500000,
      "gross_margin": 0.22210636079249219,
      "op_margin": 0.05995828988529719,
      "fcf_margin": 0.0005213764337851929,
      "op_leverage_ratio": Infinity,
      "fcf_margin_change": 0.006079872992811133
    },
    {
      "date": "2021-12-31T00:00:00",
      "quarter_label": "2021-12 (Q4)",
      "revenue": 390400000,
      "gross_profit": 76200000,
      "operating_income": 10900000,
      "net_income": 53300000,
      "opex": 65300000,
      "cogs": 314200000,
      "rd": 5400000,
      "sga": null,
      "fcf": 34900000,
      "ocf": 30500000,
      "capex": 4400000,
      "gross_margin": 0.19518442622950818,
      "op_margin": 0.027920081967213115,
      "fcf_margin": 0.08939549180327869,
      "incr_op_margin_yoy": -0.11171171171171171,
      "rev_growth_yoy": 0.39727988546886184,
      "op_leverage_ratio": 0.35567963940933095,
      "fcf_margin_change": 0.0888741153694935
    },
    {
      "date": "2022-03-31T00:00:00",
      "quarter_label": "2022-03 (Q1)",
      "revenue": 406800000,
      "gross_profit": 92600000,
      "operating_income": 10600000,
      "net_income": 1600000,
      "opex": 82000000,
      "cogs": 314200000,
      "rd": 5200000,
      "sga": null,
      "fcf": -3700000,
      "ocf": 5000000,
      "capex": -8700000,
      "gross_margin": 0.22763028515240905,
      "op_margin": 0.026057030481809244,
      "fcf_margin": -0.009095378564405112,
      "incr_op_margin_yoy": -0.19308600337268128,
      "rev_growth_yoy": 0.4115197779319917,
      "rev_growth_yoy_accel": 0.014239892463129844,
      "op_leverage_ratio": 0.1642595955629724,
      "fcf_margin_change": -0.0984908703676838
    },
    {
      "date": "2022-06-30T00:00:00",
      "quarter_label": "2022-06 (Q2)",
      "revenue": 426400000,
      "gross_profit": 99600000,
      "operating_income": 27800000,
      "net_income": 11800000,
      "opex": 71800000,
      "cogs": 326800000,
      "rd": 5400000,
      "sga": null,
      "fcf": 3900000,
      "ocf": 13000000,
      "capex": -9100000,
      "gross_margin": 0.23358348968105067,
      "op_margin": 0.0651969981238274,
      "fcf_margin": 0.009146341463414634,
      "incr_op_margin_yoy": 0.2448559670781893,
      "rev_growth_yoy": 0.12863949179460032,
      "rev_growth_yoy_accel": -0.28288028613739136,
      "op_leverage_ratio": Infinity,
      "fcf_margin_change": 0.018241720027819746
    },
    {
      "date": "2022-09-30T00:00:00",
      "quarter_label": "2022-09 (Q3)",
      "revenue": 674100000,
      "gross_profit": 123100000,
      "operating_income": -13900000,
      "net_income": -22500000,
      "opex": 137000000,
      "cogs": 551000000,
      "rd": 7700000,
      "sga": null,
      "fcf": -10100000,
      "ocf": -800000,
      "capex": -9300000,
      "gross_margin": 0.18261385551105178,
      "op_margin": -0.020620086040646787,
      "fcf_margin": -0.014982940216585076,
      "incr_op_margin_yoy": -0.1270223752151463,
      "rev_growth_yoy": 0.7572992700729927,
      "rev_growth_yoy_accel": 0.6286597782783924,
      "op_leverage_ratio": 0.6397137110233774,
      "fcf_margin_change": -0.024129281679999712
    },
    {
      "date": "2022-12-31T00:00:00",
      "quarter_label": "2022-12 (Q4)",
      "revenue": 660100000,
      "gross_profit": 122300000,
      "operating_income": 26900000,
      "net_income": 2500000,
      "opex": 95400000,
      "cogs": 537800000,
      "rd": 8300000,
      "sga": null,
      "fcf": 166500000,
      "ocf": 185000000,
      "capex": -18500000,
      "gross_margin": 0.1852749583396455,
      "op_margin": 0.040751401302832904,
      "fcf_margin": 0.252234509922739,
      "incr_op_margin_yoy": 0.05932517612161661,
      "rev_growth_yoy": 0.6908299180327869,
      "rev_growth_yoy_accel": -0.06646935204020576,
      "fcf_margin_change": 0.2672174501393241
    },
    {
      "date": "2023-03-31T00:00:00",
      "quarter_label": "2023-03 (Q1)",
      "revenue": 679000000,
      "gross_profit": 109000000,
      "operating_income": 9300000,
      "net_income": -7700000,
      "opex": 99700000,
      "cogs": 570000000,
      "rd": 9100000,
      "sga": null,
      "fcf": -34800000,
      "ocf": -20700000,
      "capex": -14100000,
      "gross_margin": 0.16053019145802652,
      "op_margin": 0.01369661266568483,
      "fcf_margin": -0.05125184094256259,
      "incr_op_margin_yoy": -0.004775900073475386,
      "rev_growth_yoy": 0.6691248770894789,
      "rev_growth_yoy_accel": -0.02170504094330805,
      "op_leverage_ratio": 0.6352314483711066,
      "fcf_margin_change": -0.30348635086530157
    },
    {
      "date": "2023-06-30T00:00:00",
      "quarter_label": "2023-06 (Q2)",
      "revenue": 668300000,
      "gross_profit": 128500000,
      "operating_income": 33600000,
      "net_income": -4500000,
      "opex": 94900000,
      "cogs": 539800000,
      "rd": 7000000,
      "sga": null,
      "fcf": 19600000,
      "ocf": 40200000,
      "capex": -20600000,
      "gross_margin": 0.19227891665419722,
      "op_margin": 0.05027682178662277,
      "fcf_margin": 0.029328146042196617,
      "incr_op_margin_yoy": 0.023976849937990905,
      "rev_growth_yoy": 0.5673076923076923,
      "rev_growth_yoy_accel": -0.10181718478178658,
      "fcf_margin_change": 0.08057998698475921
    },
    {
      "date": "2023-09-30T00:00:00",
      "quarter_label": "2023-09 (Q3)",
      "revenue": 498200000,
      "gross_profit": 86700000,
      "operating_income": -419900000,
      "net_income": -455000000,
      "opex": 506600000,
      "cogs": 411500000,
      "rd": 5400000,
      "sga": null,
      "fcf": 18200000,
      "ocf": 32900000,
      "capex": -14700000,
      "gross_margin": 0.17402649538338016,
      "op_margin": -0.8428342031312726,
      "fcf_margin": 0.03653151344841429,
      "incr_op_margin_yoy": 2.3081296191017624,
      "rev_growth_yoy": -0.2609405132769619,
      "rev_growth_yoy_accel": -0.8282482055846542,
      "fcf_margin_change": 0.007203367406217676
    },
    {
      "date": "2023-12-31T00:00:00",
      "quarter_label": "2023-12 (Q4)",
      "revenue": 452300000,
      "gross_profit": 85900000,
      "operating_income": -2200000,
      "net_income": 157700000,
      "opex": 88100000,
      "cogs": 366400000,
      "rd": 4600000,
      "sga": null,
      "fcf": 37600000,
      "ocf": 54200000,
      "capex": -16600000,
      "gross_margin": 0.18991819588768516,
      "op_margin": -0.004864028299801017,
      "fcf_margin": 0.08313066548750829,
      "incr_op_margin_yoy": 0.14003849855630413,
      "rev_growth_yoy": -0.3148007877594304,
      "rev_growth_yoy_accel": -0.053860274482468495,
      "fcf_margin_change": 0.046599152039094
    },
    {
      "date": "2024-03-31T00:00:00",
      "quarter_label": "2024-03 (Q1)",
      "revenue": 500200000,
      "gross_profit": 84000000,
      "operating_income": -13800000,
      "net_income": -28000000,
      "opex": 97800000,
      "cogs": 416200000,
      "rd": 6000000,
      "sga": 61600000,
      "fcf": -25100000,
      "ocf": -13000000,
      "capex": -12100000,
      "gross_margin": 0.1679328268692523,
      "op_margin": -0.027588964414234307,
      "fcf_margin": -0.050179928028788484,
      "incr_op_margin_yoy": 0.12919463087248323,
      "rev_growth_yoy": -0.26332842415316643,
      "rev_growth_yoy_accel": 0.05147236360626395,
      "op_leverage_ratio": 0.9618627359361431,
      "fcf_margin_change": -0.13331059351629676
    },
    {
      "date": "2024-06-30T00:00:00",
      "quarter_label": "2024-06 (Q2)",
      "revenue": 523800000,
      "gross_profit": 108900000,
      "operating_income": 10500000,
      "net_income": -1400000,
      "opex": 98400000,
      "cogs": 414900000,
      "rd": 5800000,
      "sga": 65100000,
      "fcf": 37400000,
      "ocf": 46100000,
      "capex": -8700000,
      "gross_margin": 0.20790378006872853,
      "op_margin": 0.02004581901489118,
      "fcf_margin": 0.07140129820542192,
      "incr_op_margin_yoy": 0.15986159169550174,
      "rev_growth_yoy": -0.21622026036211284,
      "rev_growth_yoy_accel": 0.04710816379105359,
      "op_leverage_ratio": 7.690523790483806,
      "fcf_margin_change": 0.1215812262342104
    },
    {
      "date": "2024-09-30T00:00:00",
      "quarter_label": "2024-09 (Q3)",
      "revenue": 498500000,
      "gross_profit": 93600000,
      "operating_income": 7000000,
      "net_income": -20800000,
      "opex": 86600000,
      "cogs": 404900000,
      "rd": 5700000,
      "sga": 54300000,
      "fcf": 25500000,
      "ocf": 37600000,
      "capex": -12100000,
      "gross_margin": 0.18776328986960883,
      "op_margin": 0.014042126379137413,
      "fcf_margin": 0.05115346038114343,
      "rev_growth_yoy": 0.0006021678040947411,
      "rev_growth_yoy_accel": 0.2168224281662076,
      "fcf_margin_change": -0.02024783782427849
    },
    {
      "date": "2024-12-31T00:00:00",
      "quarter_label": "2024-12 (Q4)",
      "revenue": 458600000,
      "gross_profit": 77600000,
      "operating_income": 2600000,
      "net_income": 1500000,
      "opex": 75000000,
      "cogs": 381000000,
      "rd": 5500000,
      "sga": 52800000,
      "fcf": 2000000,
      "ocf": 24100000,
      "capex": -22100000,
      "gross_margin": 0.16921064108155254,
      "op_margin": 0.0056694286960314,
      "fcf_margin": 0.00436109899694723,
      "incr_op_margin_yoy": 0.7619047619047619,
      "rev_growth_yoy": 0.01392880831306655,
      "rev_growth_yoy_accel": 0.013326640508971808,
      "fcf_margin_change": -0.04679236138419619
    },
    {
      "date": "2025-03-31T00:00:00",
      "quarter_label": "2025-03 (Q1)",
      "revenue": 484800000,
      "gross_profit": 72600000,
      "operating_income": -430600000,
      "net_income": -425500000,
      "opex": 503200000,
      "cogs": 412200000,
      "rd": 6300000,
      "sga": 63300000,
      "fcf": -29800000,
      "ocf": -15900000,
      "capex": -13900000,
      "gross_margin": 0.14975247524752475,
      "op_margin": -0.8882013201320133,
      "fcf_margin": -0.06146864686468647,
      "incr_op_margin_yoy": 27.064935064935064,
      "rev_growth_yoy": -0.03078768492602959,
      "rev_growth_yoy_accel": -0.04471649323909614,
      "op_leverage_ratio": 0.01000649174334576,
      "fcf_margin_change": -0.0658297458616337
    },
    {
      "date": "2025-06-30T00:00:00",
      "quarter_label": "2025-06 (Q2)",
      "revenue": 525400000,
      "gross_profit": 103700000,
      "operating_income": 20100000,
      "net_income": -9500000,
      "opex": 83600000,
      "cogs": 421700000,
      "rd": 6700000,
      "sga": 57200000,
      "fcf": 48900000,
      "ocf": 57600000,
      "capex": -8700000,
      "gross_margin": 0.19737342976779595,
      "op_margin": 0.03825656642558051,
      "fcf_margin": 0.09307194518462124,
      "incr_op_margin_yoy": 6.0,
      "rev_growth_yoy": 0.0030546009927453228,
      "rev_growth_yoy_accel": 0.03384228591877491,
      "op_leverage_ratio": Infinity,
      "fcf_margin_change": 0.1545405920493077
    },
    {
      "date": "2025-09-30T00:00:00",
      "quarter_label": "2025-09 (Q3)",
      "revenue": 513700000,
      "gross_profit": 99400000,
      "operating_income": 16000000,
      "net_income": -3200000,
      "opex": 83400000,
      "cogs": 414300000,
      "rd": 5600000,
      "sga": 53700000,
      "fcf": 66700000,
      "ocf": 72800000,
      "capex": -6100000,
      "gross_margin": 0.1934981506715982,
      "op_margin": 0.031146583609110375,
      "fcf_margin": 0.12984232042047889,
      "incr_op_margin_yoy": 0.5921052631578947,
      "rev_growth_yoy": 0.03049147442326981,
      "rev_growth_yoy_accel": 0.027436873430524485,
      "fcf_margin_change": 0.03677037523585765
    }
  ],
  "signals": [
    {
      "quarter": "2025-09 (Q3)",
      "signal": "INCREMENTAL MARGIN (YoY)",
      "detail": "YoY Incr OPM: +59.2% vs year-ago OPM: +1.4%",
      "severity": "HIGH"
    },
    {
      "quarter": "2025-06 (Q2)",
      "signal": "FCF TURNED POSITIVE",
      "detail": "FCF margin: -6.1% -> +9.3%",
      "severity": "HIGH"
    },
    {
      "quarter": "2025-06 (Q2)",
      "signal": "GROSS MARGIN INFLECTION",
      "detail": "GM: +16.9% -> +15.0% -> +19.7% (reversal +4.8%)",
      "severity": "MEDIUM"
    },
    {
      "quarter": "2025-06 (Q2)",
      "signal": "INCREMENTAL MARGIN (YoY)",
      "detail": "YoY Incr OPM: +600.0% vs year-ago OPM: +2.0%",
      "severity": "HIGH"
    },
    {
      "quarter": "2025-06 (Q2)",
      "signal": "OP MARGIN TURNED POSITIVE (QoQ)",
      "detail": "Op margin: -88.8% -> +3.8%",
      "severity": "HIGH"
    },
    {
      "quarter": "2024-12 (Q4)",
      "signal": "OP MARGIN TURNED POSITIVE (YoY)",
      "detail": "Op margin: -0.5% (year-ago) -> +0.6%",
      "severity": "HIGH"
    },
    {
      "quarter": "2024-09 (Q3)",
      "signal": "YoY REVENUE GROWTH ACCELERATION",
      "detail": "YoY growth: +0.1% vs prior quarter YoY: -21.6% (accel: +21.7%)",
      "severity": "HIGH"
    },
    {
      "quarter": "2024-09 (Q3)",
      "signal": "OP MARGIN TURNED POSITIVE (YoY)",
      "detail": "Op margin: -84.3% (year-ago) -> +1.4%",
      "severity": "HIGH"
    },
    {
      "quarter": "2024-06 (Q2)",
      "signal": "FCF TURNED POSITIVE",
      "detail": "FCF margin: -5.0% -> +7.1%",
      "severity": "HIGH"
    },
    {
      "quarter": "2024-06 (Q2)",
      "signal": "OPERATING LEVERAGE",
      "detail": "Rev growth +4.7% vs OpEx growth +0.6% (leverage: 7.7x)",
      "severity": "MEDIUM"
    },
    {
      "quarter": "2024-06 (Q2)",
      "signal": "GROSS MARGIN INFLECTION",
      "detail": "GM: +19.0% -> +16.8% -> +20.8% (reversal +4.0%)",
      "severity": "MEDIUM"
    },
    {
      "quarter": "2024-06 (Q2)",
      "signal": "INCREMENTAL MARGIN (YoY)",
      "detail": "YoY Incr OPM: +16.0% vs year-ago OPM: +5.0%",
      "severity": "MEDIUM"
    },
    {
      "quarter": "2024-06 (Q2)",
      "signal": "OP MARGIN TURNED POSITIVE (QoQ)",
      "detail": "Op margin: -2.8% -> +2.0%",
      "severity": "HIGH"
    },
    {
      "quarter": "2024-03 (Q1)",
      "signal": "YoY REVENUE GROWTH ACCELERATION",
      "detail": "YoY growth: -26.3% vs prior quarter YoY: -31.5% (accel: +5.1%)",
      "severity": "MEDIUM"
    },
    {
      "quarter": "2023-12 (Q4)",
      "signal": "YoY REVENUE GROWTH DECELERATION",
      "detail": "YoY growth: -31.5% vs prior quarter YoY: -26.1% (decel: -5.4%)",
      "severity": "WARNING"
    },
    {
      "quarter": "2023-09 (Q3)",
      "signal": "YoY REVENUE GROWTH DECELERATION",
      "detail": "YoY growth: -26.1% vs prior quarter YoY: +56.7% (decel: -82.8%)",
      "severity": "WARNING"
    },
    {
      "quarter": "2023-06 (Q2)",
      "signal": "FCF TURNED POSITIVE",
      "detail": "FCF margin: -5.1% -> +2.9%",
      "severity": "HIGH"
    },
    {
      "quarter": "2023-06 (Q2)",
      "signal": "GROSS MARGIN INFLECTION",
      "detail": "GM: +18.5% -> +16.1% -> +19.2% (reversal +3.2%)",
      "severity": "MEDIUM"
    },
    {
      "quarter": "2023-06 (Q2)",
      "signal": "YoY REVENUE GROWTH DECELERATION",
      "detail": "YoY growth: +56.7% vs prior quarter YoY: +66.9% (decel: -10.2%)",
      "severity": "WARNING"
    },
    {
      "quarter": "2022-12 (Q4)",
      "signal": "FCF TURNED POSITIVE",
      "detail": "FCF margin: -1.5% -> +25.2%",
      "severity": "HIGH"
    },
    {
      "quarter": "2022-12 (Q4)",
      "signal": "YoY REVENUE GROWTH DECELERATION",
      "detail": "YoY growth: +69.1% vs prior quarter YoY: +75.7% (decel: -6.6%)",
      "severity": "WARNING"
    },
    {
      "quarter": "2022-12 (Q4)",
      "signal": "OP MARGIN TURNED POSITIVE (QoQ)",
      "detail": "Op margin: -2.1% -> +4.1%",
      "severity": "HIGH"
    },
    {
      "quarter": "2022-09 (Q3)",
      "signal": "YoY REVENUE GROWTH ACCELERATION",
      "detail": "YoY growth: +75.7% vs prior quarter YoY: +12.9% (accel: +62.9%)",
      "severity": "HIGH"
    },
    {
      "quarter": "2022-06 (Q2)",
      "signal": "FCF TURNED POSITIVE",
      "detail": "FCF margin: -0.9% -> +0.9%",
      "severity": "HIGH"
    },
    {
      "quarter": "2022-06 (Q2)",
      "signal": "YoY REVENUE GROWTH DECELERATION",
      "detail": "YoY growth: +12.9% vs prior quarter YoY: +41.2% (decel: -28.3%)",
      "severity": "WARNING"
    },
    {
      "quarter": "2022-06 (Q2)",
      "signal": "INCREMENTAL MARGIN (YoY)",
      "detail": "YoY Incr OPM: +24.5% vs year-ago OPM: +4.2%",
      "severity": "HIGH"
    },
    {
      "quarter": "2022-03 (Q1)",
      "signal": "GROSS MARGIN INFLECTION",
      "detail": "GM: +22.2% -> +19.5% -> +22.8% (reversal +3.2%)",
      "severity": "MEDIUM"
    },
    {
      "quarter": "2021-12 (Q4)",
      "signal": "FCF MARGIN EXPANSION",
      "detail": "FCF margin: +0.1% -> +8.9% (+8.9%)",
      "severity": "MEDIUM"
    },
    {
      "quarter": "2021-09 (Q3)",
      "signal": "FCF TURNED POSITIVE",
      "detail": "FCF margin: -0.6% -> +0.1%",
      "severity": "HIGH"
    }
  ],
  "data_quality": {
    "n_quarters": 20,
    "coverage": {
      "revenue": [
        20,
        20
      ],
      "gross_profit": [
        20,
        20
      ],
      "op_income": [
        20,
        20
      ],
      "fcf": [
        20,
        20
      ]
    },
    "gaps": [],
    "warnings": []
  },
  "market_cap": null,
  "source": "SEC EDGAR",
  "last_updated": "2026-02-02T22:14:08.705051",
  "sector": "Basic Materials",
  "industry": "Specialty Chemicals"
}