{
  "ticker": "MATW",
  "name": "MATTHEWS INTERNATIONAL CORP",
  "quarters": [
    {
      "date": "2020-12-31T00:00:00",
      "quarter_label": "2020-12 (Q4)",
      "revenue": 386657000,
      "gross_profit": 125498000,
      "operating_income": 10373000,
      "net_income": -1758000,
      "opex": 115125000,
      "cogs": 261159000,
      "rd": null,
      "sga": null,
      "fcf": 27791000,
      "ocf": 35326000,
      "capex": -7535000,
      "gross_margin": 0.3245719074011333,
      "op_margin": 0.026827394822801606,
      "fcf_margin": 0.07187507273888744
    },
    {
      "date": "2021-03-31T00:00:00",
      "quarter_label": "2021-03 (Q1)",
      "revenue": 417154000,
      "gross_profit": 141011000,
      "operating_income": 14972000,
      "net_income": 4989000,
      "opex": 126039000,
      "cogs": 276143000,
      "rd": null,
      "sga": null,
      "fcf": 48572000,
      "ocf": 56856000,
      "capex": -8284000,
      "gross_margin": 0.33803103889690617,
      "op_margin": 0.035890822094478296,
      "fcf_margin": 0.11643661573423723,
      "op_leverage_ratio": 0.8319877588511436,
      "fcf_margin_change": 0.0445615429953498
    },
    {
      "date": "2021-06-30T00:00:00",
      "quarter_label": "2021-06 (Q2)",
      "revenue": 428380000,
      "gross_profit": 137258000,
      "operating_income": 9272000,
      "net_income": 3355000,
      "opex": 127986000,
      "cogs": 291122000,
      "rd": null,
      "sga": null,
      "fcf": 5999000,
      "ocf": 14675000,
      "capex": -8676000,
      "gross_margin": 0.32041178393015546,
      "op_margin": 0.021644334469396332,
      "fcf_margin": 0.014003921751715767,
      "op_leverage_ratio": 1.742078106740655,
      "fcf_margin_change": -0.10243269398252147
    },
    {
      "date": "2021-09-30T00:00:00",
      "quarter_label": "2021-09 (Q3)",
      "revenue": 438839000,
      "gross_profit": 138065000,
      "operating_income": 7417000,
      "net_income": -3676000,
      "opex": 130648000,
      "cogs": 300774000,
      "rd": null,
      "sga": null,
      "fcf": 46136000,
      "ocf": 55954000,
      "capex": -9818000,
      "gross_margin": 0.3146142434924881,
      "op_margin": 0.01690141486969025,
      "fcf_margin": 0.10513195044196164,
      "op_leverage_ratio": 1.1738575333997296,
      "fcf_margin_change": 0.09112802869024587
    },
    {
      "date": "2021-12-31T00:00:00",
      "quarter_label": "2021-12 (Q4)",
      "revenue": 438579000,
      "gross_profit": 131637000,
      "operating_income": 10779000,
      "net_income": -19803000,
      "opex": 120858000,
      "cogs": 306942000,
      "rd": null,
      "sga": null,
      "fcf": -39796000,
      "ocf": -27156000,
      "capex": -12640000,
      "gross_margin": 0.3001443297558707,
      "op_margin": 0.024577100134753373,
      "fcf_margin": -0.09073849865132622,
      "incr_op_margin_yoy": 0.007819421439852085,
      "rev_growth_yoy": 0.13428439159254843,
      "fcf_margin_change": -0.19587044909328785
    },
    {
      "date": "2022-03-31T00:00:00",
      "quarter_label": "2022-03 (Q1)",
      "revenue": 444978000,
      "gross_profit": 124519000,
      "operating_income": 7366000,
      "net_income": -1905000,
      "opex": 117153000,
      "cogs": 320459000,
      "rd": null,
      "sga": null,
      "fcf": 84423000,
      "ocf": 99879000,
      "capex": -15456000,
      "gross_margin": 0.2798318119098023,
      "op_margin": 0.016553627370341904,
      "fcf_margin": 0.18972398635438156,
      "incr_op_margin_yoy": -0.27336112708453136,
      "rev_growth_yoy": 0.06669958816168609,
      "rev_growth_yoy_accel": -0.06758480343086234,
      "op_leverage_ratio": Infinity,
      "fcf_margin_change": 0.2804624850057078
    },
    {
      "date": "2022-06-30T00:00:00",
      "quarter_label": "2022-06 (Q2)",
      "revenue": 421719000,
      "gross_profit": 120865000,
      "operating_income": 10963000,
      "net_income": 2893000,
      "opex": 109902000,
      "cogs": 300854000,
      "rd": null,
      "sga": null,
      "fcf": -857000,
      "ocf": 11644000,
      "capex": -12501000,
      "gross_margin": 0.28660079341931477,
      "op_margin": 0.025995983107234912,
      "fcf_margin": -0.0020321588545927504,
      "incr_op_margin_yoy": -0.25386578591803033,
      "rev_growth_yoy": -0.015549278677809421,
      "rev_growth_yoy_accel": -0.0822488668394955,
      "fcf_margin_change": -0.19175614520897433
    },
    {
      "date": "2022-09-30T00:00:00",
      "quarter_label": "2022-09 (Q3)",
      "revenue": 457127000,
      "gross_profit": 145257000,
      "operating_income": -73045000,
      "net_income": -80959000,
      "opex": 218302000,
      "cogs": 311870000,
      "rd": null,
      "sga": null,
      "fcf": 21769000,
      "ocf": 42493000,
      "capex": -20724000,
      "gross_margin": 0.31776070982462207,
      "op_margin": -0.15979148026697176,
      "fcf_margin": 0.04762133936520923,
      "incr_op_margin_yoy": -4.399715660542432,
      "rev_growth_yoy": 0.04167359783428547,
      "rev_growth_yoy_accel": 0.057222876512094886,
      "op_leverage_ratio": 0.08512449375950298,
      "fcf_margin_change": 0.04965349821980198
    },
    {
      "date": "2022-12-31T00:00:00",
      "quarter_label": "2022-12 (Q4)",
      "revenue": 449240000,
      "gross_profit": 138930000,
      "operating_income": 17228000,
      "net_income": 3703000,
      "opex": 121702000,
      "cogs": 310310000,
      "rd": null,
      "sga": null,
      "fcf": -48622000,
      "ocf": -36224000,
      "capex": -12398000,
      "gross_margin": 0.3092556317335945,
      "op_margin": 0.0383492120024931,
      "fcf_margin": -0.10823168017095539,
      "incr_op_margin_yoy": 0.6049151111528,
      "rev_growth_yoy": 0.02430804940501027,
      "rev_growth_yoy_accel": -0.017365548429275197,
      "fcf_margin_change": -0.15585301953616462
    },
    {
      "date": "2023-03-31T00:00:00",
      "quarter_label": "2023-03 (Q1)",
      "revenue": 479580000,
      "gross_profit": 149623000,
      "operating_income": 23051000,
      "net_income": 9127000,
      "opex": 126572000,
      "cogs": 329957000,
      "rd": null,
      "sga": null,
      "fcf": 69561000,
      "ocf": 80935000,
      "capex": -11374000,
      "gross_margin": 0.31198757245923514,
      "op_margin": 0.04806497351849535,
      "fcf_margin": 0.14504566495683724,
      "incr_op_margin_yoy": 0.453297497254494,
      "rev_growth_yoy": 0.07776114774213556,
      "rev_growth_yoy_accel": 0.05345309833712529,
      "op_leverage_ratio": 1.687741432164603,
      "fcf_margin_change": 0.25327734512779265
    },
    {
      "date": "2023-06-30T00:00:00",
      "quarter_label": "2023-06 (Q2)",
      "revenue": 471908000,
      "gross_profit": 138305000,
      "operating_income": 21524000,
      "net_income": 8738000,
      "opex": 116781000,
      "cogs": 333603000,
      "rd": null,
      "sga": null,
      "fcf": 18860000,
      "ocf": 32195000,
      "capex": -13335000,
      "gross_margin": 0.29307619281724406,
      "op_margin": 0.045610585114047655,
      "fcf_margin": 0.039965416988056994,
      "incr_op_margin_yoy": 0.21042459503078365,
      "rev_growth_yoy": 0.11901052596634251,
      "rev_growth_yoy_accel": 0.04124937822420695,
      "fcf_margin_change": -0.10508024796878024
    },
    {
      "date": "2023-09-30T00:00:00",
      "quarter_label": "2023-09 (Q3)",
      "revenue": 480168000,
      "gross_profit": 150814000,
      "operating_income": 26314000,
      "net_income": 17723000,
      "opex": 124500000,
      "cogs": 329354000,
      "rd": null,
      "sga": null,
      "fcf": -10873000,
      "ocf": 2618000,
      "capex": -13491000,
      "gross_margin": 0.3140859032671898,
      "op_margin": 0.05480165275486913,
      "fcf_margin": -0.022644157878076006,
      "incr_op_margin_yoy": 4.312269432750314,
      "rev_growth_yoy": 0.050403935886526065,
      "rev_growth_yoy_accel": -0.06860659007981645,
      "op_leverage_ratio": 0.2648096799622234,
      "fcf_margin_change": -0.062609574866133
    },
    {
      "date": "2023-12-31T00:00:00",
      "quarter_label": "2023-12 (Q4)",
      "revenue": 449986000,
      "gross_profit": 132353000,
      "operating_income": 9427000,
      "net_income": -2303000,
      "opex": 122926000,
      "cogs": 317633000,
      "rd": null,
      "sga": null,
      "fcf": -41339000,
      "ocf": -27266000,
      "capex": -14073000,
      "gross_margin": 0.29412692839332777,
      "op_margin": 0.02094954065237585,
      "fcf_margin": -0.0918673025383012,
      "rev_growth_yoy": 0.0016605823168017095,
      "rev_growth_yoy_accel": -0.048743353569724354,
      "fcf_margin_change": -0.0692231446602252
    },
    {
      "date": "2024-03-31T00:00:00",
      "quarter_label": "2024-03 (Q1)",
      "revenue": 471223000,
      "gross_profit": 148182000,
      "operating_income": 21328000,
      "net_income": 9027000,
      "opex": 126854000,
      "cogs": 323041000,
      "rd": null,
      "sga": null,
      "fcf": 47147000,
      "ocf": 57107000,
      "capex": -9960000,
      "gross_margin": 0.3144625792883624,
      "op_margin": 0.04526094863790604,
      "fcf_margin": 0.1000524167962939,
      "incr_op_margin_yoy": 0.20617446452076105,
      "rev_growth_yoy": -0.017425664122774093,
      "rev_growth_yoy_accel": -0.019086246439575804,
      "op_leverage_ratio": 1.4769521851971987,
      "fcf_margin_change": 0.1919197193345951
    },
    {
      "date": "2024-06-30T00:00:00",
      "quarter_label": "2024-06 (Q2)",
      "revenue": 427833000,
      "gross_profit": 131837000,
      "operating_income": 6702000,
      "net_income": 1777000,
      "opex": 125135000,
      "cogs": 295996000,
      "rd": null,
      "sga": null,
      "fcf": 4348000,
      "ocf": 13495000,
      "capex": -9147000,
      "gross_margin": 0.3081506101679861,
      "op_margin": 0.01566499077911241,
      "fcf_margin": 0.010162843913396115,
      "incr_op_margin_yoy": 0.3362904140669314,
      "rev_growth_yoy": -0.09339744187426363,
      "rev_growth_yoy_accel": -0.07597177775148954,
      "fcf_margin_change": -0.08988957288289778
    },
    {
      "date": "2024-09-30T00:00:00",
      "quarter_label": "2024-09 (Q3)",
      "revenue": 446695000,
      "gross_profit": 117335000,
      "operating_income": -49780000,
      "net_income": -68161000,
      "opex": 167115000,
      "cogs": 329360000,
      "rd": null,
      "sga": null,
      "fcf": 23908000,
      "ocf": 35946000,
      "capex": -12038000,
      "gross_margin": 0.26267363637381214,
      "op_margin": -0.11144069219489809,
      "fcf_margin": 0.053521978083479776,
      "incr_op_margin_yoy": 2.2732948943924955,
      "rev_growth_yoy": -0.06971101781043301,
      "rev_growth_yoy_accel": 0.02368642406383062,
      "op_leverage_ratio": 0.13141647815419094,
      "fcf_margin_change": 0.04335913417008366
    },
    {
      "date": "2024-12-31T00:00:00",
      "quarter_label": "2024-12 (Q4)",
      "revenue": 401842000,
      "gross_profit": 125692000,
      "operating_income": 5674000,
      "net_income": -3472000,
      "opex": 120018000,
      "cogs": 276150000,
      "rd": null,
      "sga": null,
      "fcf": -34541000,
      "ocf": -25009000,
      "capex": -9532000,
      "gross_margin": 0.3127896038741595,
      "op_margin": 0.014119977503595942,
      "fcf_margin": -0.08595666953678312,
      "incr_op_margin_yoy": 0.07795363908275174,
      "rev_growth_yoy": -0.10698999524429649,
      "rev_growth_yoy_accel": -0.03727897743386348,
      "fcf_margin_change": -0.1394786476202629
    },
    {
      "date": "2025-03-31T00:00:00",
      "quarter_label": "2025-03 (Q1)",
      "revenue": 427629000,
      "gross_profit": 144112000,
      "operating_income": 5948000,
      "net_income": -8916000,
      "opex": 138164000,
      "cogs": 283517000,
      "rd": null,
      "sga": null,
      "fcf": -2411000,
      "ocf": 6328000,
      "capex": -8739000,
      "gross_margin": 0.3370024016144836,
      "op_margin": 0.013909253114264936,
      "fcf_margin": -0.005638064771098312,
      "incr_op_margin_yoy": 0.35280084415286506,
      "rev_growth_yoy": -0.0925124622524792,
      "rev_growth_yoy_accel": 0.014477532991817296,
      "op_leverage_ratio": 0.4244347875684847,
      "fcf_margin_change": 0.08031860476568481
    },
    {
      "date": "2025-06-30T00:00:00",
      "quarter_label": "2025-06 (Q2)",
      "revenue": 349377000,
      "gross_profit": 121956000,
      "operating_income": 75191000,
      "net_income": 15387000,
      "opex": 46765000,
      "cogs": 227421000,
      "rd": null,
      "sga": null,
      "fcf": -23319000,
      "ocf": -15200000,
      "capex": -8119000,
      "gross_margin": 0.3490670536411956,
      "op_margin": 0.21521451039994047,
      "fcf_margin": -0.06674451953047854,
      "incr_op_margin_yoy": -0.8729606403589273,
      "rev_growth_yoy": -0.18337996367741619,
      "rev_growth_yoy_accel": -0.09086750142493699,
      "fcf_margin_change": -0.06110645475938023
    },
    {
      "date": "2025-09-30T00:00:00",
      "quarter_label": "2025-09 (Q3)",
      "revenue": 318841000,
      "gross_profit": 115833000,
      "operating_income": -11360000,
      "net_income": -27470000,
      "opex": 127193000,
      "cogs": 203008000,
      "rd": null,
      "sga": null,
      "fcf": 903000,
      "ocf": 10331000,
      "capex": -9428000,
      "gross_margin": 0.36329393020345563,
      "op_margin": -0.03562904394353299,
      "fcf_margin": 0.0028321326303706235,
      "incr_op_margin_yoy": -0.3004990066794938,
      "rev_growth_yoy": -0.28622214262528123,
      "rev_growth_yoy_accel": -0.10284217894786504,
      "fcf_margin_change": 0.06957665216084916
    }
  ],
  "signals": [
    {
      "quarter": "2025-09 (Q3)",
      "signal": "FCF TURNED POSITIVE",
      "detail": "FCF margin: -6.7% -> +0.3%",
      "severity": "HIGH"
    },
    {
      "quarter": "2025-09 (Q3)",
      "signal": "YoY REVENUE GROWTH DECELERATION",
      "detail": "YoY growth: -28.6% vs prior quarter YoY: -18.3% (decel: -10.3%)",
      "severity": "WARNING"
    },
    {
      "quarter": "2025-06 (Q2)",
      "signal": "YoY REVENUE GROWTH DECELERATION",
      "detail": "YoY growth: -18.3% vs prior quarter YoY: -9.3% (decel: -9.1%)",
      "severity": "WARNING"
    },
    {
      "quarter": "2025-03 (Q1)",
      "signal": "FCF MARGIN EXPANSION",
      "detail": "FCF margin: -8.6% -> -0.6% (+8.0%)",
      "severity": "MEDIUM"
    },
    {
      "quarter": "2025-03 (Q1)",
      "signal": "INCREMENTAL MARGIN (YoY)",
      "detail": "YoY Incr OPM: +35.3% vs year-ago OPM: +4.5%",
      "severity": "HIGH"
    },
    {
      "quarter": "2024-12 (Q4)",
      "signal": "GROSS MARGIN INFLECTION",
      "detail": "GM: +30.8% -> +26.3% -> +31.3% (reversal +5.0%)",
      "severity": "HIGH"
    },
    {
      "quarter": "2024-12 (Q4)",
      "signal": "OP MARGIN TURNED POSITIVE (QoQ)",
      "detail": "Op margin: -11.1% -> +1.4%",
      "severity": "HIGH"
    },
    {
      "quarter": "2024-06 (Q2)",
      "signal": "YoY REVENUE GROWTH DECELERATION",
      "detail": "YoY growth: -9.3% vs prior quarter YoY: -1.7% (decel: -7.6%)",
      "severity": "WARNING"
    },
    {
      "quarter": "2024-06 (Q2)",
      "signal": "INCREMENTAL MARGIN (YoY)",
      "detail": "YoY Incr OPM: +33.6% vs year-ago OPM: +4.6%",
      "severity": "HIGH"
    },
    {
      "quarter": "2024-03 (Q1)",
      "signal": "FCF TURNED POSITIVE",
      "detail": "FCF margin: -9.2% -> +10.0%",
      "severity": "HIGH"
    },
    {
      "quarter": "2024-03 (Q1)",
      "signal": "GROSS MARGIN INFLECTION",
      "detail": "GM: +31.4% -> +29.4% -> +31.4% (reversal +2.0%)",
      "severity": "MEDIUM"
    },
    {
      "quarter": "2024-03 (Q1)",
      "signal": "INCREMENTAL MARGIN (YoY)",
      "detail": "YoY Incr OPM: +20.6% vs year-ago OPM: +4.8%",
      "severity": "MEDIUM"
    },
    {
      "quarter": "2023-09 (Q3)",
      "signal": "GROSS MARGIN INFLECTION",
      "detail": "GM: +31.2% -> +29.3% -> +31.4% (reversal +2.1%)",
      "severity": "MEDIUM"
    },
    {
      "quarter": "2023-09 (Q3)",
      "signal": "YoY REVENUE GROWTH DECELERATION",
      "detail": "YoY growth: +5.0% vs prior quarter YoY: +11.9% (decel: -6.9%)",
      "severity": "WARNING"
    },
    {
      "quarter": "2023-09 (Q3)",
      "signal": "OP MARGIN TURNED POSITIVE (YoY)",
      "detail": "Op margin: -16.0% (year-ago) -> +5.5%",
      "severity": "HIGH"
    },
    {
      "quarter": "2023-06 (Q2)",
      "signal": "INCREMENTAL MARGIN (YoY)",
      "detail": "YoY Incr OPM: +21.0% vs year-ago OPM: +2.6%",
      "severity": "MEDIUM"
    },
    {
      "quarter": "2023-03 (Q1)",
      "signal": "FCF TURNED POSITIVE",
      "detail": "FCF margin: -10.8% -> +14.5%",
      "severity": "HIGH"
    },
    {
      "quarter": "2023-03 (Q1)",
      "signal": "OPERATING LEVERAGE",
      "detail": "Rev growth +6.8% vs OpEx growth +4.0% (leverage: 1.7x)",
      "severity": "MEDIUM"
    },
    {
      "quarter": "2023-03 (Q1)",
      "signal": "YoY REVENUE GROWTH ACCELERATION",
      "detail": "YoY growth: +7.8% vs prior quarter YoY: +2.4% (accel: +5.3%)",
      "severity": "MEDIUM"
    },
    {
      "quarter": "2023-03 (Q1)",
      "signal": "INCREMENTAL MARGIN (YoY)",
      "detail": "YoY Incr OPM: +45.3% vs year-ago OPM: +1.7%",
      "severity": "HIGH"
    },
    {
      "quarter": "2022-12 (Q4)",
      "signal": "INCREMENTAL MARGIN (YoY)",
      "detail": "YoY Incr OPM: +60.5% vs year-ago OPM: +2.5%",
      "severity": "HIGH"
    },
    {
      "quarter": "2022-12 (Q4)",
      "signal": "OP MARGIN TURNED POSITIVE (QoQ)",
      "detail": "Op margin: -16.0% -> +3.8%",
      "severity": "HIGH"
    },
    {
      "quarter": "2022-09 (Q3)",
      "signal": "FCF TURNED POSITIVE",
      "detail": "FCF margin: -0.2% -> +4.8%",
      "severity": "HIGH"
    },
    {
      "quarter": "2022-09 (Q3)",
      "signal": "YoY REVENUE GROWTH ACCELERATION",
      "detail": "YoY growth: +4.2% vs prior quarter YoY: -1.6% (accel: +5.7%)",
      "severity": "MEDIUM"
    },
    {
      "quarter": "2022-06 (Q2)",
      "signal": "YoY REVENUE GROWTH DECELERATION",
      "detail": "YoY growth: -1.6% vs prior quarter YoY: +6.7% (decel: -8.2%)",
      "severity": "WARNING"
    },
    {
      "quarter": "2022-03 (Q1)",
      "signal": "FCF TURNED POSITIVE",
      "detail": "FCF margin: -9.1% -> +19.0%",
      "severity": "HIGH"
    },
    {
      "quarter": "2022-03 (Q1)",
      "signal": "YoY REVENUE GROWTH DECELERATION",
      "detail": "YoY growth: +6.7% vs prior quarter YoY: +13.4% (decel: -6.8%)",
      "severity": "WARNING"
    },
    {
      "quarter": "2021-09 (Q3)",
      "signal": "FCF MARGIN EXPANSION",
      "detail": "FCF margin: +1.4% -> +10.5% (+9.1%)",
      "severity": "MEDIUM"
    },
    {
      "quarter": "2021-06 (Q2)",
      "signal": "OPERATING LEVERAGE",
      "detail": "Rev growth +2.7% vs OpEx growth +1.5% (leverage: 1.7x)",
      "severity": "MEDIUM"
    }
  ],
  "data_quality": {
    "n_quarters": 20,
    "coverage": {
      "revenue": [
        20,
        20
      ],
      "gross_profit": [
        20,
        20
      ],
      "op_income": [
        20,
        20
      ],
      "fcf": [
        20,
        20
      ]
    },
    "gaps": [],
    "warnings": []
  },
  "market_cap": null,
  "source": "SEC EDGAR",
  "last_updated": "2026-02-02T22:08:23.265684"
}