{
  "ticker": "MAX",
  "name": "MediaAlpha, Inc.",
  "quarters": [
    {
      "date": "2020-12-31T00:00:00",
      "quarter_label": "2020-12 (Q4)",
      "revenue": 190205000,
      "gross_profit": 26463000,
      "operating_income": -11127000,
      "net_income": -4366000,
      "opex": 201332000,
      "cogs": 163742000,
      "rd": 6967000,
      "sga": null,
      "fcf": 12110000,
      "ocf": 12110000,
      "capex": null,
      "gross_margin": 0.13912883467837334,
      "op_margin": -0.058500039431140086,
      "fcf_margin": 0.06366814752503877
    },
    {
      "date": "2021-03-31T00:00:00",
      "quarter_label": "2021-03 (Q1)",
      "revenue": 173588000,
      "gross_profit": 26409000,
      "operating_income": 1964000,
      "net_income": 294000,
      "opex": 171624000,
      "cogs": 147179000,
      "rd": 3315000,
      "sga": null,
      "fcf": -9356000,
      "ocf": -9356000,
      "capex": null,
      "gross_margin": 0.15213609235661452,
      "op_margin": 0.011314146139134042,
      "fcf_margin": -0.05389773486646542,
      "fcf_margin_change": -0.1175658823915042
    },
    {
      "date": "2021-06-30T00:00:00",
      "quarter_label": "2021-06 (Q2)",
      "revenue": 157353000,
      "gross_profit": 25049000,
      "operating_income": 1915000,
      "net_income": -197000,
      "opex": 155438000,
      "cogs": 132304000,
      "rd": 3835000,
      "sga": null,
      "fcf": 3556000,
      "ocf": 3556000,
      "capex": null,
      "gross_margin": 0.1591898470318329,
      "op_margin": 0.012170088908377978,
      "fcf_margin": 0.022598870056497175,
      "fcf_margin_change": 0.07649660492296259
    },
    {
      "date": "2021-09-30T00:00:00",
      "quarter_label": "2021-09 (Q3)",
      "revenue": 152749000,
      "gross_profit": 24669000,
      "operating_income": -54000,
      "net_income": -3527000,
      "opex": 152803000,
      "cogs": 128080000,
      "rd": 3754000,
      "sga": null,
      "fcf": 12476000,
      "ocf": 12476000,
      "capex": null,
      "gross_margin": 0.16150023895410118,
      "op_margin": -0.00035352113598125027,
      "fcf_margin": 0.08167647578707553,
      "fcf_margin_change": 0.05907760573057835
    },
    {
      "date": "2021-12-31T00:00:00",
      "quarter_label": "2021-12 (Q4)",
      "revenue": 161584000,
      "gross_profit": 25397000,
      "operating_income": -1676000,
      "net_income": -1845000,
      "opex": 163260000,
      "cogs": 136187000,
      "rd": 4291000,
      "sga": null,
      "fcf": 21945000,
      "ocf": 21945000,
      "capex": null,
      "gross_margin": 0.1571752153678582,
      "op_margin": -0.010372314090504011,
      "fcf_margin": 0.13581171403109218,
      "incr_op_margin_yoy": -0.33021208203766467,
      "rev_growth_yoy": -0.15047448805236455,
      "op_leverage_ratio": 0.8451872773487993,
      "fcf_margin_change": 0.054135238244016656
    },
    {
      "date": "2022-03-31T00:00:00",
      "quarter_label": "2022-03 (Q1)",
      "revenue": 142599000,
      "gross_profit": 21718000,
      "operating_income": -7869000,
      "net_income": -7076000,
      "opex": 150468000,
      "cogs": 120881000,
      "rd": 5216000,
      "sga": null,
      "fcf": 8305000,
      "ocf": 8305000,
      "capex": null,
      "gross_margin": 0.15230120828336804,
      "op_margin": -0.05518271516630551,
      "fcf_margin": 0.05824024011388579,
      "incr_op_margin_yoy": 0.31730614088870246,
      "rev_growth_yoy": -0.17852040463626517,
      "rev_growth_yoy_accel": -0.028045916583900626,
      "fcf_margin_change": -0.0775714739172064
    },
    {
      "date": "2022-06-30T00:00:00",
      "quarter_label": "2022-06 (Q2)",
      "revenue": 103449000,
      "gross_profit": 15524000,
      "operating_income": -10411000,
      "net_income": -9139000,
      "opex": 113860000,
      "cogs": 87925000,
      "rd": 5661000,
      "sga": null,
      "fcf": 11805000,
      "ocf": 11805000,
      "capex": null,
      "gross_margin": 0.15006428288335316,
      "op_margin": -0.10063896219393131,
      "fcf_margin": 0.1141142012005916,
      "incr_op_margin_yoy": 0.22866577619471654,
      "rev_growth_yoy": -0.3425673485729538,
      "rev_growth_yoy_accel": -0.16404694393668862,
      "fcf_margin_change": 0.05587396108670581
    },
    {
      "date": "2022-09-30T00:00:00",
      "quarter_label": "2022-09 (Q3)",
      "revenue": 89017000,
      "gross_profit": 12674000,
      "operating_income": -10575000,
      "net_income": -14486000,
      "opex": 99592000,
      "cogs": 76343000,
      "rd": 5291000,
      "sga": null,
      "fcf": 14844000,
      "ocf": 14844000,
      "capex": null,
      "gross_margin": 0.14237729871822236,
      "op_margin": -0.11879753305548378,
      "fcf_margin": 0.16675466483930035,
      "incr_op_margin_yoy": 0.16508190547919413,
      "rev_growth_yoy": -0.4172335007103156,
      "rev_growth_yoy_accel": -0.07466615213736183,
      "fcf_margin_change": 0.05264046363870875
    },
    {
      "date": "2022-12-31T00:00:00",
      "quarter_label": "2022-12 (Q4)",
      "revenue": 124007000,
      "gross_profit": 20143000,
      "operating_income": -6535000,
      "net_income": -26965000,
      "opex": 130542000,
      "cogs": 103864000,
      "rd": 4909000,
      "sga": null,
      "fcf": -6680000,
      "ocf": -6680000,
      "capex": null,
      "gross_margin": 0.16243437870442798,
      "op_margin": -0.052698637980114024,
      "fcf_margin": -0.05386792681058327,
      "incr_op_margin_yoy": 0.12930782127365142,
      "rev_growth_yoy": -0.2325539657391821,
      "rev_growth_yoy_accel": 0.1846795349711335,
      "op_leverage_ratio": 1.2648376633800122,
      "fcf_margin_change": -0.22062259164988363
    },
    {
      "date": "2023-03-31T00:00:00",
      "quarter_label": "2023-03 (Q1)",
      "revenue": 111630000,
      "gross_profit": 18368000,
      "operating_income": -9549000,
      "net_income": -10266000,
      "opex": 121179000,
      "cogs": 93262000,
      "rd": 5168000,
      "sga": null,
      "fcf": 12556000,
      "ocf": 12556000,
      "capex": null,
      "gross_margin": 0.164543581474514,
      "op_margin": -0.08554152109647944,
      "fcf_margin": 0.11247872435725163,
      "incr_op_margin_yoy": 0.05424779618328005,
      "rev_growth_yoy": -0.21717543601287526,
      "rev_growth_yoy_accel": 0.01537852972630685,
      "fcf_margin_change": 0.1663466511678349
    },
    {
      "date": "2023-06-30T00:00:00",
      "quarter_label": "2023-06 (Q2)",
      "revenue": 84772000,
      "gross_profit": 13766000,
      "operating_income": -16072000,
      "net_income": -14286000,
      "opex": 100844000,
      "cogs": 71006000,
      "rd": 5061000,
      "sga": null,
      "fcf": 3785000,
      "ocf": 3785000,
      "capex": null,
      "gross_margin": 0.16238852451281083,
      "op_margin": -0.18959090265653752,
      "fcf_margin": 0.04464917661492002,
      "incr_op_margin_yoy": 0.30310006960432617,
      "rev_growth_yoy": -0.18054306953184662,
      "rev_growth_yoy_accel": 0.03663236648102863,
      "fcf_margin_change": -0.0678295477423316
    },
    {
      "date": "2023-09-30T00:00:00",
      "quarter_label": "2023-09 (Q3)",
      "revenue": 74573000,
      "gross_profit": 12296000,
      "operating_income": -14749000,
      "net_income": -13502000,
      "opex": 89322000,
      "cogs": 62277000,
      "rd": 4296000,
      "sga": null,
      "fcf": -1404000,
      "ocf": -1404000,
      "capex": null,
      "gross_margin": 0.164885414292036,
      "op_margin": -0.19777935713998365,
      "fcf_margin": -0.018827189465356095,
      "incr_op_margin_yoy": 0.28897812240376625,
      "rev_growth_yoy": -0.1622611411303459,
      "rev_growth_yoy_accel": 0.018281928401500724,
      "fcf_margin_change": -0.06347636608027613
    },
    {
      "date": "2023-12-31T00:00:00",
      "quarter_label": "2023-12 (Q4)",
      "revenue": 117174000,
      "gross_profit": 22282000,
      "operating_income": 446000,
      "net_income": -2366000,
      "opex": 116728000,
      "cogs": 94892000,
      "rd": 3933000,
      "sga": null,
      "fcf": 5281000,
      "ocf": 5294000,
      "capex": -13000,
      "gross_margin": 0.19016163995425606,
      "op_margin": 0.0038063051530202946,
      "fcf_margin": 0.04506972536569546,
      "incr_op_margin_yoy": -1.0216595931508854,
      "rev_growth_yoy": -0.05510172812825082,
      "rev_growth_yoy_accel": 0.10715941300209508,
      "op_leverage_ratio": 1.861876902631557,
      "fcf_margin_change": 0.06389691483105156
    },
    {
      "date": "2024-03-31T00:00:00",
      "quarter_label": "2024-03 (Q1)",
      "revenue": 126649000,
      "gross_profit": 23680000,
      "operating_income": 2372000,
      "net_income": -1113000,
      "opex": 124277000,
      "cogs": 102969000,
      "rd": 4363000,
      "sga": null,
      "fcf": 1644000,
      "ocf": 1678000,
      "capex": -34000,
      "gross_margin": 0.18697344629645712,
      "op_margin": 0.018728927982060654,
      "fcf_margin": 0.012980757842541197,
      "incr_op_margin_yoy": 0.7937279446035023,
      "rev_growth_yoy": 0.13454268565797725,
      "rev_growth_yoy_accel": 0.18964441378622807,
      "op_leverage_ratio": 1.2503557105146552,
      "fcf_margin_change": -0.03208896752315426
    },
    {
      "date": "2024-06-30T00:00:00",
      "quarter_label": "2024-06 (Q2)",
      "revenue": 178274000,
      "gross_profit": 31685000,
      "operating_income": 6493000,
      "net_income": 3620000,
      "opex": 171781000,
      "cogs": 146589000,
      "rd": 5052000,
      "sga": null,
      "fcf": 21479000,
      "ocf": 21609000,
      "capex": -130000,
      "gross_margin": 0.17773203046995076,
      "op_margin": 0.03642146358975509,
      "fcf_margin": 0.12048307661240562,
      "incr_op_margin_yoy": 0.2413317362195461,
      "rev_growth_yoy": 1.1029821167366582,
      "rev_growth_yoy_accel": 0.968439431078681,
      "op_leverage_ratio": 1.0663969159002635,
      "fcf_margin_change": 0.10750231876986442
    },
    {
      "date": "2024-09-30T00:00:00",
      "quarter_label": "2024-09 (Q3)",
      "revenue": 259133000,
      "gross_profit": 39226000,
      "operating_income": 15608000,
      "net_income": 9482000,
      "opex": 243525000,
      "cogs": 219907000,
      "rd": 5328000,
      "sga": null,
      "fcf": 8013000,
      "ocf": 8056000,
      "capex": -43000,
      "gross_margin": 0.15137400485464994,
      "op_margin": 0.0602316185125013,
      "fcf_margin": 0.03092234489625019,
      "incr_op_margin_yoy": 0.16448309492847854,
      "rev_growth_yoy": 2.474890375873305,
      "rev_growth_yoy_accel": 1.371908259136647,
      "op_leverage_ratio": 1.086000179465823,
      "fcf_margin_change": -0.08956073171615543
    },
    {
      "date": "2024-12-31T00:00:00",
      "quarter_label": "2024-12 (Q4)",
      "revenue": 300648000,
      "gross_profit": 48982000,
      "operating_income": 18252000,
      "net_income": 4640000,
      "opex": 282396000,
      "cogs": 251666000,
      "rd": 5021000,
      "sga": null,
      "fcf": 14482000,
      "ocf": 14529000,
      "capex": -47000,
      "gross_margin": 0.16292142305952476,
      "op_margin": 0.06070886884329847,
      "fcf_margin": 0.048169287671961894,
      "incr_op_margin_yoy": 0.0970491731798511,
      "rev_growth_yoy": 1.5658251830610885,
      "rev_growth_yoy_accel": -0.9090651928122166,
      "op_leverage_ratio": 1.0036912957591393,
      "fcf_margin_change": 0.017246942775711704
    },
    {
      "date": "2025-03-31T00:00:00",
      "quarter_label": "2025-03 (Q1)",
      "revenue": 264309000,
      "gross_profit": 41639000,
      "operating_income": 116000,
      "net_income": -1948000,
      "opex": 264193000,
      "cogs": 222670000,
      "rd": 4886000,
      "sga": null,
      "fcf": 23644000,
      "ocf": 23701000,
      "capex": -57000,
      "gross_margin": 0.1575390925015796,
      "op_margin": 0.00043888025001040447,
      "fcf_margin": 0.08945590199350004,
      "incr_op_margin_yoy": -0.01638820281853843,
      "rev_growth_yoy": 1.0869410733602318,
      "rev_growth_yoy_accel": -0.4788841097008567,
      "fcf_margin_change": 0.04128661432153814
    },
    {
      "date": "2025-06-30T00:00:00",
      "quarter_label": "2025-06 (Q2)",
      "revenue": 251622000,
      "gross_profit": 37687000,
      "operating_income": -20042000,
      "net_income": -18742000,
      "opex": 271664000,
      "cogs": 213935000,
      "rd": 5353000,
      "sga": null,
      "fcf": 25547000,
      "ocf": 25722000,
      "capex": -175000,
      "gross_margin": 0.14977625167910597,
      "op_margin": -0.0796512228660451,
      "fcf_margin": 0.10152927804405021,
      "incr_op_margin_yoy": -0.3617685553798331,
      "rev_growth_yoy": 0.41143408461132863,
      "rev_growth_yoy_accel": -0.6755069887489031,
      "fcf_margin_change": 0.012073376050550172
    },
    {
      "date": "2025-09-30T00:00:00",
      "quarter_label": "2025-09 (Q3)",
      "revenue": 306514000,
      "gross_profit": 43406000,
      "operating_income": 19733000,
      "net_income": 14907000,
      "opex": 286781000,
      "cogs": 263108000,
      "rd": 5829000,
      "sga": null,
      "fcf": 23555000,
      "ocf": 23623000,
      "capex": -68000,
      "gross_margin": 0.14161180239728038,
      "op_margin": 0.064378788570832,
      "fcf_margin": 0.07684803956752383,
      "incr_op_margin_yoy": 0.08706021400983517,
      "rev_growth_yoy": 0.1828443309034357,
      "rev_growth_yoy_accel": -0.22858975370789295,
      "op_leverage_ratio": 3.9203687851797944,
      "fcf_margin_change": -0.024681238476526382
    }
  ],
  "signals": [
    {
      "quarter": "2025-09 (Q3)",
      "signal": "OPERATING LEVERAGE",
      "detail": "Rev growth +21.8% vs OpEx growth +5.6% (leverage: 3.9x)",
      "severity": "MEDIUM"
    },
    {
      "quarter": "2025-09 (Q3)",
      "signal": "YoY REVENUE GROWTH DECELERATION",
      "detail": "YoY growth: +18.3% vs prior quarter YoY: +41.1% (decel: -22.9%)",
      "severity": "WARNING"
    },
    {
      "quarter": "2025-09 (Q3)",
      "signal": "OP MARGIN TURNED POSITIVE (QoQ)",
      "detail": "Op margin: -8.0% -> +6.4%",
      "severity": "HIGH"
    },
    {
      "quarter": "2025-06 (Q2)",
      "signal": "YoY REVENUE GROWTH DECELERATION",
      "detail": "YoY growth: +41.1% vs prior quarter YoY: +108.7% (decel: -67.6%)",
      "severity": "WARNING"
    },
    {
      "quarter": "2025-03 (Q1)",
      "signal": "YoY REVENUE GROWTH DECELERATION",
      "detail": "YoY growth: +108.7% vs prior quarter YoY: +156.6% (decel: -47.9%)",
      "severity": "WARNING"
    },
    {
      "quarter": "2024-12 (Q4)",
      "signal": "YoY REVENUE GROWTH DECELERATION",
      "detail": "YoY growth: +156.6% vs prior quarter YoY: +247.5% (decel: -90.9%)",
      "severity": "WARNING"
    },
    {
      "quarter": "2024-09 (Q3)",
      "signal": "YoY REVENUE GROWTH ACCELERATION",
      "detail": "YoY growth: +247.5% vs prior quarter YoY: +110.3% (accel: +137.2%)",
      "severity": "HIGH"
    },
    {
      "quarter": "2024-09 (Q3)",
      "signal": "OP MARGIN TURNED POSITIVE (YoY)",
      "detail": "Op margin: -19.8% (year-ago) -> +6.0%",
      "severity": "HIGH"
    },
    {
      "quarter": "2024-06 (Q2)",
      "signal": "FCF MARGIN EXPANSION",
      "detail": "FCF margin: +1.3% -> +12.0% (+10.8%)",
      "severity": "MEDIUM"
    },
    {
      "quarter": "2024-06 (Q2)",
      "signal": "YoY REVENUE GROWTH ACCELERATION",
      "detail": "YoY growth: +110.3% vs prior quarter YoY: +13.5% (accel: +96.8%)",
      "severity": "HIGH"
    },
    {
      "quarter": "2024-06 (Q2)",
      "signal": "OP MARGIN TURNED POSITIVE (YoY)",
      "detail": "Op margin: -19.0% (year-ago) -> +3.6%",
      "severity": "HIGH"
    },
    {
      "quarter": "2024-03 (Q1)",
      "signal": "YoY REVENUE GROWTH ACCELERATION",
      "detail": "YoY growth: +13.5% vs prior quarter YoY: -5.5% (accel: +19.0%)",
      "severity": "HIGH"
    },
    {
      "quarter": "2024-03 (Q1)",
      "signal": "OP MARGIN TURNED POSITIVE (YoY)",
      "detail": "Op margin: -8.6% (year-ago) -> +1.9%",
      "severity": "HIGH"
    },
    {
      "quarter": "2023-12 (Q4)",
      "signal": "FCF TURNED POSITIVE",
      "detail": "FCF margin: -1.9% -> +4.5%",
      "severity": "HIGH"
    },
    {
      "quarter": "2023-12 (Q4)",
      "signal": "OPERATING LEVERAGE",
      "detail": "Rev growth +57.1% vs OpEx growth +30.7% (leverage: 1.9x)",
      "severity": "MEDIUM"
    },
    {
      "quarter": "2023-12 (Q4)",
      "signal": "YoY REVENUE GROWTH ACCELERATION",
      "detail": "YoY growth: -5.5% vs prior quarter YoY: -16.2% (accel: +10.7%)",
      "severity": "MEDIUM"
    },
    {
      "quarter": "2023-12 (Q4)",
      "signal": "OP MARGIN TURNED POSITIVE (YoY)",
      "detail": "Op margin: -5.3% (year-ago) -> +0.4%",
      "severity": "HIGH"
    },
    {
      "quarter": "2023-12 (Q4)",
      "signal": "OP MARGIN TURNED POSITIVE (QoQ)",
      "detail": "Op margin: -19.8% -> +0.4%",
      "severity": "HIGH"
    },
    {
      "quarter": "2023-03 (Q1)",
      "signal": "FCF TURNED POSITIVE",
      "detail": "FCF margin: -5.4% -> +11.2%",
      "severity": "HIGH"
    },
    {
      "quarter": "2022-12 (Q4)",
      "signal": "GROSS MARGIN INFLECTION",
      "detail": "GM: +15.0% -> +14.2% -> +16.2% (reversal +2.0%)",
      "severity": "MEDIUM"
    },
    {
      "quarter": "2022-12 (Q4)",
      "signal": "YoY REVENUE GROWTH ACCELERATION",
      "detail": "YoY growth: -23.3% vs prior quarter YoY: -41.7% (accel: +18.5%)",
      "severity": "HIGH"
    },
    {
      "quarter": "2022-09 (Q3)",
      "signal": "FCF MARGIN EXPANSION",
      "detail": "FCF margin: +11.4% -> +16.7% (+5.3%)",
      "severity": "MEDIUM"
    },
    {
      "quarter": "2022-09 (Q3)",
      "signal": "YoY REVENUE GROWTH DECELERATION",
      "detail": "YoY growth: -41.7% vs prior quarter YoY: -34.3% (decel: -7.5%)",
      "severity": "WARNING"
    },
    {
      "quarter": "2022-06 (Q2)",
      "signal": "FCF MARGIN EXPANSION",
      "detail": "FCF margin: +5.8% -> +11.4% (+5.6%)",
      "severity": "MEDIUM"
    },
    {
      "quarter": "2022-06 (Q2)",
      "signal": "YoY REVENUE GROWTH DECELERATION",
      "detail": "YoY growth: -34.3% vs prior quarter YoY: -17.9% (decel: -16.4%)",
      "severity": "WARNING"
    },
    {
      "quarter": "2021-12 (Q4)",
      "signal": "FCF MARGIN EXPANSION",
      "detail": "FCF margin: +8.2% -> +13.6% (+5.4%)",
      "severity": "MEDIUM"
    },
    {
      "quarter": "2021-09 (Q3)",
      "signal": "FCF MARGIN EXPANSION",
      "detail": "FCF margin: +2.3% -> +8.2% (+5.9%)",
      "severity": "MEDIUM"
    },
    {
      "quarter": "2021-06 (Q2)",
      "signal": "FCF TURNED POSITIVE",
      "detail": "FCF margin: -5.4% -> +2.3%",
      "severity": "HIGH"
    },
    {
      "quarter": "2021-03 (Q1)",
      "signal": "OP MARGIN TURNED POSITIVE (QoQ)",
      "detail": "Op margin: -5.9% -> +1.1%",
      "severity": "HIGH"
    }
  ],
  "data_quality": {
    "n_quarters": 20,
    "coverage": {
      "revenue": [
        20,
        20
      ],
      "gross_profit": [
        20,
        20
      ],
      "op_income": [
        20,
        20
      ],
      "fcf": [
        20,
        20
      ]
    },
    "gaps": [],
    "warnings": []
  },
  "market_cap": null,
  "source": "SEC EDGAR",
  "last_updated": "2026-02-02T22:13:21.590860"
}