{
  "ticker": "MBC",
  "name": "MasterBrand, Inc.",
  "quarters": [
    {
      "date": "2022-03-27T00:00:00",
      "quarter_label": "2022-03 (Q1)",
      "revenue": 777100000,
      "gross_profit": 211000000,
      "operating_income": 61500000,
      "net_income": 46900000,
      "opex": 149500000,
      "cogs": 566100000,
      "rd": null,
      "sga": 145100000,
      "fcf": -13900000,
      "ocf": -2900000,
      "capex": -11000000,
      "gross_margin": 0.2715223265988933,
      "op_margin": 0.07914039377171535,
      "fcf_margin": -0.017887015828078754
    },
    {
      "date": "2022-06-26T00:00:00",
      "quarter_label": "2022-06 (Q2)",
      "revenue": 855600000,
      "gross_profit": 249600000,
      "operating_income": 51900000,
      "net_income": 40900000,
      "opex": 197700000,
      "cogs": 606000000,
      "rd": null,
      "sga": 166000000,
      "fcf": 67900000,
      "ocf": 79000000,
      "capex": -11100000,
      "gross_margin": 0.2917251051893408,
      "op_margin": 0.060659186535764374,
      "fcf_margin": 0.07935951379149135,
      "op_leverage_ratio": 0.31331912296542475,
      "fcf_margin_change": 0.0972465296195701
    },
    {
      "date": "2022-09-25T00:00:00",
      "quarter_label": "2022-09 (Q3)",
      "revenue": 858400000,
      "gross_profit": 264900000,
      "operating_income": 74700000,
      "net_income": 52200000,
      "opex": 190200000,
      "cogs": 593500000,
      "rd": null,
      "sga": 176200000,
      "fcf": 31700000,
      "ocf": 41800000,
      "capex": -10100000,
      "gross_margin": 0.3085973904939422,
      "op_margin": 0.08702236719478099,
      "fcf_margin": 0.0369291705498602,
      "fcf_margin_change": -0.04243034324163115
    },
    {
      "date": "2022-12-25T00:00:00",
      "quarter_label": "2022-12 (Q4)",
      "revenue": 784400000,
      "gross_profit": 215000000,
      "operating_income": 15100000,
      "net_income": 15400000,
      "opex": 199900000,
      "cogs": 569400000,
      "rd": null,
      "sga": 161300000,
      "fcf": 94000000,
      "ocf": 117700000,
      "capex": -23700000,
      "gross_margin": 0.27409484956654767,
      "op_margin": 0.019250382457929628,
      "fcf_margin": 0.1198368179500255,
      "fcf_margin_change": 0.08290764740016529
    },
    {
      "date": "2023-03-26T00:00:00",
      "quarter_label": "2023-03 (Q1)",
      "revenue": 676700000,
      "gross_profit": 204600000,
      "operating_income": 65700000,
      "net_income": 35000000,
      "opex": 138900000,
      "cogs": 472100000,
      "rd": null,
      "sga": 135300000,
      "fcf": 59200000,
      "ocf": 62100000,
      "capex": -2900000,
      "gross_margin": 0.3023496379488695,
      "op_margin": 0.09708881335894784,
      "fcf_margin": 0.08748337520319197,
      "incr_op_margin_yoy": -0.04183266932270916,
      "rev_growth_yoy": -0.12919830137691418,
      "fcf_margin_change": -0.032353442746833536
    },
    {
      "date": "2023-06-25T00:00:00",
      "quarter_label": "2023-06 (Q2)",
      "revenue": 695100000,
      "gross_profit": 236200000,
      "operating_income": 87400000,
      "net_income": 51200000,
      "opex": 148800000,
      "cogs": 458900000,
      "rd": null,
      "sga": 141700000,
      "fcf": 123400000,
      "ocf": 131900000,
      "capex": -8500000,
      "gross_margin": 0.33980722198244856,
      "op_margin": 0.12573730398503813,
      "fcf_margin": 0.17752841317796,
      "incr_op_margin_yoy": -0.22118380062305296,
      "rev_growth_yoy": -0.1875876577840112,
      "rev_growth_yoy_accel": -0.058389356407097026,
      "op_leverage_ratio": 0.3814948659045009,
      "fcf_margin_change": 0.09004503797476804
    },
    {
      "date": "2023-09-24T00:00:00",
      "quarter_label": "2023-09 (Q3)",
      "revenue": 677300000,
      "gross_profit": 237500000,
      "operating_income": 92200000,
      "net_income": 59700000,
      "opex": 145300000,
      "cogs": 439800000,
      "rd": null,
      "sga": 140300000,
      "fcf": 132500000,
      "ocf": 142500000,
      "capex": -10000000,
      "gross_margin": 0.3506570205226635,
      "op_margin": 0.1361287464934298,
      "fcf_margin": 0.19562970618632808,
      "incr_op_margin_yoy": -0.0966316951960243,
      "rev_growth_yoy": -0.21097390493942217,
      "rev_growth_yoy_accel": -0.02338624715541096,
      "fcf_margin_change": 0.018101293008368075
    },
    {
      "date": "2023-12-31T00:00:00",
      "quarter_label": "2023-12 (Q4)",
      "revenue": 677100000,
      "gross_profit": 223100000,
      "operating_income": 61000000,
      "net_income": 36100000,
      "opex": 162100000,
      "cogs": 454000000,
      "rd": null,
      "sga": 152400000,
      "fcf": 33200000,
      "ocf": 69100000,
      "capex": -35900000,
      "gross_margin": 0.3294934278540836,
      "op_margin": 0.09009009009009009,
      "fcf_margin": 0.04903263919657362,
      "incr_op_margin_yoy": -0.4277726001863933,
      "rev_growth_yoy": -0.13679245283018868,
      "rev_growth_yoy_accel": 0.07418145210923349,
      "fcf_margin_change": -0.14659706698975444
    },
    {
      "date": "2024-03-31T00:00:00",
      "quarter_label": "2024-03 (Q1)",
      "revenue": 638100000,
      "gross_profit": 204700000,
      "operating_income": 62800000,
      "net_income": 37500000,
      "opex": 141900000,
      "cogs": 433400000,
      "rd": null,
      "sga": 137800000,
      "fcf": 11700000,
      "ocf": 18700000,
      "capex": -7000000,
      "gross_margin": 0.32079611346183984,
      "op_margin": 0.09841717599122395,
      "fcf_margin": 0.018335684062059238,
      "incr_op_margin_yoy": 0.07512953367875648,
      "rev_growth_yoy": -0.05704152504802719,
      "rev_growth_yoy_accel": 0.07975092778216149,
      "fcf_margin_change": -0.030696955134514384
    },
    {
      "date": "2024-06-30T00:00:00",
      "quarter_label": "2024-06 (Q2)",
      "revenue": 676500000,
      "gross_profit": 231000000,
      "operating_income": 77800000,
      "net_income": 45300000,
      "opex": 153200000,
      "cogs": 445500000,
      "rd": null,
      "sga": 146700000,
      "fcf": 66100000,
      "ocf": 77400000,
      "capex": -11300000,
      "gross_margin": 0.34146341463414637,
      "op_margin": 0.11500369549150037,
      "fcf_margin": 0.09770879526977087,
      "incr_op_margin_yoy": 0.5161290322580645,
      "rev_growth_yoy": -0.026758739749676307,
      "rev_growth_yoy_accel": 0.030282785298350882,
      "op_leverage_ratio": 0.755694796360323,
      "fcf_margin_change": 0.07937311120771164
    },
    {
      "date": "2024-09-29T00:00:00",
      "quarter_label": "2024-09 (Q3)",
      "revenue": 718100000,
      "gross_profit": 238000000,
      "operating_income": 57600000,
      "net_income": 29100000,
      "opex": 180400000,
      "cogs": 480100000,
      "rd": null,
      "sga": 166300000,
      "fcf": 64500000,
      "ocf": 80800000,
      "capex": -16300000,
      "gross_margin": 0.33143016292995403,
      "op_margin": 0.08021166968388804,
      "fcf_margin": 0.08982035928143713,
      "incr_op_margin_yoy": -0.8480392156862745,
      "rev_growth_yoy": 0.06023918499926177,
      "rev_growth_yoy_accel": 0.08699792474893808,
      "op_leverage_ratio": 0.3463501586887527,
      "fcf_margin_change": -0.007888435988333747
    },
    {
      "date": "2024-12-29T00:00:00",
      "quarter_label": "2024-12 (Q4)",
      "revenue": 667700000,
      "gross_profit": 203300000,
      "operating_income": 37500000,
      "net_income": 14000000,
      "opex": 165800000,
      "cogs": 464400000,
      "rd": null,
      "sga": 152300000,
      "fcf": 68800000,
      "ocf": 115100000,
      "capex": -46300000,
      "gross_margin": 0.30447805900853675,
      "op_margin": 0.0561629474314812,
      "fcf_margin": 0.10304028755429084,
      "incr_op_margin_yoy": 2.5,
      "rev_growth_yoy": -0.013882735194210604,
      "rev_growth_yoy_accel": -0.07412192019347237,
      "fcf_margin_change": 0.013219928272853718
    },
    {
      "date": "2025-03-30T00:00:00",
      "quarter_label": "2025-03 (Q1)",
      "revenue": 660300000,
      "gross_profit": 202200000,
      "operating_income": 37100000,
      "net_income": 13300000,
      "opex": 165100000,
      "cogs": 458100000,
      "rd": null,
      "sga": 154000000,
      "fcf": -41200000,
      "ocf": -31400000,
      "capex": -9800000,
      "gross_margin": 0.3062244434348024,
      "op_margin": 0.05618658185673179,
      "fcf_margin": -0.06239588066030592,
      "incr_op_margin_yoy": -1.1576576576576576,
      "rev_growth_yoy": 0.034790785143394454,
      "rev_growth_yoy_accel": 0.04867352033760506,
      "fcf_margin_change": -0.16543616821459678
    },
    {
      "date": "2025-06-29T00:00:00",
      "quarter_label": "2025-06 (Q2)",
      "revenue": 730900000,
      "gross_profit": 239700000,
      "operating_income": 67300000,
      "net_income": 37300000,
      "opex": 172400000,
      "cogs": 491200000,
      "rd": null,
      "sga": 159400000,
      "fcf": 66700000,
      "ocf": 84800000,
      "capex": -18100000,
      "gross_margin": 0.3279518401970174,
      "op_margin": 0.09207825967984676,
      "fcf_margin": 0.0912573539471884,
      "incr_op_margin_yoy": -0.19301470588235295,
      "rev_growth_yoy": 0.08041389504804139,
      "rev_growth_yoy_accel": 0.045623109904646936,
      "op_leverage_ratio": 2.4181743873166828,
      "fcf_margin_change": 0.1536532346074943
    },
    {
      "date": "2025-09-28T00:00:00",
      "quarter_label": "2025-09 (Q3)",
      "revenue": 698900000,
      "gross_profit": 218200000,
      "operating_income": 41700000,
      "net_income": 18100000,
      "opex": 176500000,
      "cogs": 480700000,
      "rd": null,
      "sga": 167500000,
      "fcf": 39500000,
      "ocf": 55400000,
      "capex": -15900000,
      "gross_margin": 0.31220489340392044,
      "op_margin": 0.05966518815281156,
      "fcf_margin": 0.056517384461296324,
      "incr_op_margin_yoy": 0.828125,
      "rev_growth_yoy": -0.02673722322796268,
      "rev_growth_yoy_accel": -0.10715111827600407,
      "fcf_margin_change": -0.03473996948589207
    }
  ],
  "signals": [
    {
      "quarter": "2025-09 (Q3)",
      "signal": "YoY REVENUE GROWTH DECELERATION",
      "detail": "YoY growth: -2.7% vs prior quarter YoY: +8.0% (decel: -10.7%)",
      "severity": "WARNING"
    },
    {
      "quarter": "2025-09 (Q3)",
      "signal": "INCREMENTAL MARGIN (YoY)",
      "detail": "YoY Incr OPM: +82.8% vs year-ago OPM: +8.0%",
      "severity": "HIGH"
    },
    {
      "quarter": "2025-06 (Q2)",
      "signal": "FCF TURNED POSITIVE",
      "detail": "FCF margin: -6.2% -> +9.1%",
      "severity": "HIGH"
    },
    {
      "quarter": "2025-06 (Q2)",
      "signal": "OPERATING LEVERAGE",
      "detail": "Rev growth +10.7% vs OpEx growth +4.4% (leverage: 2.4x)",
      "severity": "MEDIUM"
    },
    {
      "quarter": "2024-12 (Q4)",
      "signal": "YoY REVENUE GROWTH DECELERATION",
      "detail": "YoY growth: -1.4% vs prior quarter YoY: +6.0% (decel: -7.4%)",
      "severity": "WARNING"
    },
    {
      "quarter": "2024-12 (Q4)",
      "signal": "INCREMENTAL MARGIN (YoY)",
      "detail": "YoY Incr OPM: +250.0% vs year-ago OPM: +9.0%",
      "severity": "HIGH"
    },
    {
      "quarter": "2024-09 (Q3)",
      "signal": "YoY REVENUE GROWTH ACCELERATION",
      "detail": "YoY growth: +6.0% vs prior quarter YoY: -2.7% (accel: +8.7%)",
      "severity": "MEDIUM"
    },
    {
      "quarter": "2024-06 (Q2)",
      "signal": "FCF MARGIN EXPANSION",
      "detail": "FCF margin: +1.8% -> +9.8% (+7.9%)",
      "severity": "MEDIUM"
    },
    {
      "quarter": "2024-06 (Q2)",
      "signal": "GROSS MARGIN INFLECTION",
      "detail": "GM: +32.9% -> +32.1% -> +34.1% (reversal +2.1%)",
      "severity": "MEDIUM"
    },
    {
      "quarter": "2024-06 (Q2)",
      "signal": "INCREMENTAL MARGIN (YoY)",
      "detail": "YoY Incr OPM: +51.6% vs year-ago OPM: +12.6%",
      "severity": "HIGH"
    },
    {
      "quarter": "2024-03 (Q1)",
      "signal": "YoY REVENUE GROWTH ACCELERATION",
      "detail": "YoY growth: -5.7% vs prior quarter YoY: -13.7% (accel: +8.0%)",
      "severity": "MEDIUM"
    },
    {
      "quarter": "2023-12 (Q4)",
      "signal": "YoY REVENUE GROWTH ACCELERATION",
      "detail": "YoY growth: -13.7% vs prior quarter YoY: -21.1% (accel: +7.4%)",
      "severity": "MEDIUM"
    },
    {
      "quarter": "2023-06 (Q2)",
      "signal": "FCF MARGIN EXPANSION",
      "detail": "FCF margin: +8.7% -> +17.8% (+9.0%)",
      "severity": "MEDIUM"
    },
    {
      "quarter": "2023-06 (Q2)",
      "signal": "YoY REVENUE GROWTH DECELERATION",
      "detail": "YoY growth: -18.8% vs prior quarter YoY: -12.9% (decel: -5.8%)",
      "severity": "WARNING"
    },
    {
      "quarter": "2023-03 (Q1)",
      "signal": "GROSS MARGIN INFLECTION",
      "detail": "GM: +30.9% -> +27.4% -> +30.2% (reversal +2.8%)",
      "severity": "MEDIUM"
    },
    {
      "quarter": "2022-12 (Q4)",
      "signal": "FCF MARGIN EXPANSION",
      "detail": "FCF margin: +3.7% -> +12.0% (+8.3%)",
      "severity": "MEDIUM"
    },
    {
      "quarter": "2022-06 (Q2)",
      "signal": "FCF TURNED POSITIVE",
      "detail": "FCF margin: -1.8% -> +7.9%",
      "severity": "HIGH"
    }
  ],
  "data_quality": {
    "n_quarters": 15,
    "coverage": {
      "revenue": [
        15,
        15
      ],
      "gross_profit": [
        15,
        15
      ],
      "op_income": [
        15,
        15
      ],
      "fcf": [
        15,
        15
      ]
    },
    "gaps": [],
    "warnings": []
  },
  "market_cap": null,
  "source": "SEC EDGAR",
  "last_updated": "2026-02-02T21:47:50.441314",
  "sector": "Consumer Cyclical",
  "industry": "Furnishings, Fixtures & Appliances"
}