{
  "ticker": "MBLY",
  "name": "Mobileye Global Inc.",
  "quarters": [
    {
      "date": "2021-09-25T00:00:00",
      "quarter_label": "2021-09 (Q3)",
      "revenue": 326000000,
      "gross_profit": 153000000,
      "operating_income": -20000000,
      "net_income": -26000000,
      "opex": 173000000,
      "cogs": 173000000,
      "rd": 132000000,
      "sga": null,
      "fcf": null,
      "ocf": null,
      "capex": null,
      "gross_margin": 0.46932515337423314,
      "op_margin": -0.06134969325153374,
      "fcf_margin": null
    },
    {
      "date": "2021-12-25T00:00:00",
      "quarter_label": "2021-12 (Q4)",
      "revenue": 356000000,
      "gross_profit": 154000000,
      "operating_income": -44000000,
      "net_income": -53000000,
      "opex": 198000000,
      "cogs": 202000000,
      "rd": 154000000,
      "sga": null,
      "fcf": 116000000,
      "ocf": 161000000,
      "capex": -45000000,
      "gross_margin": 0.43258426966292135,
      "op_margin": -0.12359550561797752,
      "fcf_margin": 0.3258426966292135,
      "op_leverage_ratio": 0.6368098159509201
    },
    {
      "date": "2022-04-02T00:00:00",
      "quarter_label": "2022-04 (Q2)",
      "revenue": 394000000,
      "gross_profit": 176000000,
      "operating_income": -46000000,
      "net_income": -60000000,
      "opex": 222000000,
      "cogs": 218000000,
      "rd": 180000000,
      "sga": null,
      "fcf": 24000000,
      "ocf": 51000000,
      "capex": -27000000,
      "gross_margin": 0.4467005076142132,
      "op_margin": -0.116751269035533,
      "fcf_margin": 0.06091370558375635,
      "op_leverage_ratio": 0.8806179775280898,
      "fcf_margin_change": -0.26492899104545714
    },
    {
      "date": "2022-07-02T00:00:00",
      "quarter_label": "2022-07 (Q3)",
      "revenue": 460000000,
      "gross_profit": 229000000,
      "operating_income": 10000000,
      "net_income": -7000000,
      "opex": 219000000,
      "cogs": 231000000,
      "rd": 179000000,
      "sga": null,
      "fcf": null,
      "ocf": null,
      "capex": null,
      "gross_margin": 0.49782608695652175,
      "op_margin": 0.021739130434782608,
      "fcf_margin": null,
      "op_leverage_ratio": Infinity
    },
    {
      "date": "2022-10-01T00:00:00",
      "quarter_label": "2022-10 (Q4)",
      "revenue": 450000000,
      "gross_profit": 217000000,
      "operating_income": -25000000,
      "net_income": -45000000,
      "opex": 242000000,
      "cogs": 233000000,
      "rd": 206000000,
      "sga": null,
      "fcf": 136000000,
      "ocf": 162000000,
      "capex": -26000000,
      "gross_margin": 0.4822222222222222,
      "op_margin": -0.05555555555555555,
      "fcf_margin": 0.3022222222222222,
      "incr_op_margin_yoy": -0.04032258064516129,
      "rev_growth_yoy": 0.3803680981595092
    },
    {
      "date": "2022-12-31T00:00:00",
      "quarter_label": "2022-12 (Q4)",
      "revenue": 565000000,
      "gross_profit": 300000000,
      "operating_income": 24000000,
      "net_income": 30000000,
      "opex": 276000000,
      "cogs": 265000000,
      "rd": 224000000,
      "sga": null,
      "fcf": 119000000,
      "ocf": 151000000,
      "capex": -32000000,
      "gross_margin": 0.5309734513274337,
      "op_margin": 0.04247787610619469,
      "fcf_margin": 0.21061946902654868,
      "incr_op_margin_yoy": 0.3253588516746411,
      "rev_growth_yoy": 0.5870786516853933,
      "rev_growth_yoy_accel": 0.20671055352588408,
      "op_leverage_ratio": 1.8189542483660128,
      "fcf_margin_change": -0.09160275319567354
    },
    {
      "date": "2023-04-01T00:00:00",
      "quarter_label": "2023-04 (Q2)",
      "revenue": 458000000,
      "gross_profit": 207000000,
      "operating_income": -81000000,
      "net_income": -79000000,
      "opex": 288000000,
      "cogs": 251000000,
      "rd": 235000000,
      "sga": null,
      "fcf": 145000000,
      "ocf": 171000000,
      "capex": -26000000,
      "gross_margin": 0.4519650655021834,
      "op_margin": -0.17685589519650655,
      "fcf_margin": 0.3165938864628821,
      "incr_op_margin_yoy": -0.546875,
      "rev_growth_yoy": 0.16243654822335024,
      "rev_growth_yoy_accel": -0.42464210346204306,
      "fcf_margin_change": 0.10597441743633343
    },
    {
      "date": "2023-07-01T00:00:00",
      "quarter_label": "2023-07 (Q3)",
      "revenue": 454000000,
      "gross_profit": 224000000,
      "operating_income": -33000000,
      "net_income": -28000000,
      "opex": 257000000,
      "cogs": 230000000,
      "rd": 211000000,
      "sga": null,
      "fcf": -6000000,
      "ocf": 26000000,
      "capex": -32000000,
      "gross_margin": 0.4933920704845815,
      "op_margin": -0.07268722466960352,
      "fcf_margin": -0.013215859030837005,
      "incr_op_margin_yoy": 7.166666666666667,
      "rev_growth_yoy": -0.013043478260869565,
      "rev_growth_yoy_accel": -0.17548002648421981,
      "fcf_margin_change": -0.3298097454937191
    },
    {
      "date": "2023-09-30T00:00:00",
      "quarter_label": "2023-09 (Q3)",
      "revenue": 530000000,
      "gross_profit": 272000000,
      "operating_income": 8000000,
      "net_income": 17000000,
      "opex": 264000000,
      "cogs": 258000000,
      "rd": 218000000,
      "sga": null,
      "fcf": 71000000,
      "ocf": 88000000,
      "capex": -17000000,
      "gross_margin": 0.5132075471698113,
      "op_margin": 0.01509433962264151,
      "fcf_margin": 0.1339622641509434,
      "incr_op_margin_yoy": 0.4125,
      "rev_growth_yoy": 0.17777777777777778,
      "rev_growth_yoy_accel": 0.19082125603864736,
      "op_leverage_ratio": 6.146003775959723,
      "fcf_margin_change": 0.1471781231817804
    },
    {
      "date": "2023-12-30T00:00:00",
      "quarter_label": "2023-12 (Q4)",
      "revenue": 637000000,
      "gross_profit": 344000000,
      "operating_income": 73000000,
      "net_income": 63000000,
      "opex": 271000000,
      "cogs": 293000000,
      "rd": 225000000,
      "sga": null,
      "fcf": 86000000,
      "ocf": 109000000,
      "capex": -23000000,
      "gross_margin": 0.5400313971742543,
      "op_margin": 0.11459968602825746,
      "fcf_margin": 0.13500784929356358,
      "incr_op_margin_yoy": 0.6805555555555556,
      "rev_growth_yoy": 0.12743362831858407,
      "rev_growth_yoy_accel": -0.050344149459193716,
      "op_leverage_ratio": 7.614016172506739,
      "fcf_margin_change": 0.0010455851426201812
    },
    {
      "date": "2024-03-30T00:00:00",
      "quarter_label": "2024-03 (Q1)",
      "revenue": 239000000,
      "gross_profit": 54000000,
      "operating_income": -238000000,
      "net_income": -218000000,
      "opex": 292000000,
      "cogs": 185000000,
      "rd": 243000000,
      "sga": null,
      "fcf": 18000000,
      "ocf": 40000000,
      "capex": -22000000,
      "gross_margin": 0.22594142259414227,
      "op_margin": -0.99581589958159,
      "fcf_margin": 0.07531380753138076,
      "incr_op_margin_yoy": 0.7168949771689498,
      "rev_growth_yoy": -0.4781659388646288,
      "rev_growth_yoy_accel": -0.6055995671832128,
      "fcf_margin_change": -0.05969404176218282
    },
    {
      "date": "2024-06-29T00:00:00",
      "quarter_label": "2024-06 (Q2)",
      "revenue": 439000000,
      "gross_profit": 209000000,
      "operating_income": -94000000,
      "net_income": -86000000,
      "opex": 303000000,
      "cogs": 230000000,
      "rd": 256000000,
      "sga": null,
      "fcf": 6000000,
      "ocf": 30000000,
      "capex": -24000000,
      "gross_margin": 0.4760820045558087,
      "op_margin": -0.214123006833713,
      "fcf_margin": 0.01366742596810934,
      "incr_op_margin_yoy": 4.066666666666666,
      "rev_growth_yoy": -0.03303964757709251,
      "rev_growth_yoy_accel": 0.44512629128753634,
      "op_leverage_ratio": 22.213769494104223,
      "fcf_margin_change": -0.061646381563271416
    },
    {
      "date": "2024-09-28T00:00:00",
      "quarter_label": "2024-09 (Q3)",
      "revenue": 486000000,
      "gross_profit": 237000000,
      "operating_income": -2807000000,
      "net_income": -2715000000,
      "opex": 3044000000,
      "cogs": 249000000,
      "rd": 303000000,
      "sga": null,
      "fcf": 104000000,
      "ocf": 126000000,
      "capex": -22000000,
      "gross_margin": 0.4876543209876543,
      "op_margin": -5.775720164609053,
      "fcf_margin": 0.2139917695473251,
      "incr_op_margin_yoy": 63.97727272727273,
      "rev_growth_yoy": -0.0830188679245283,
      "rev_growth_yoy_accel": -0.049979220347435786,
      "op_leverage_ratio": 0.011834963712261044,
      "fcf_margin_change": 0.20032434357921575
    },
    {
      "date": "2024-12-28T00:00:00",
      "quarter_label": "2024-12 (Q4)",
      "revenue": 490000000,
      "gross_profit": 241000000,
      "operating_income": -86000000,
      "net_income": -71000000,
      "opex": 327000000,
      "cogs": 249000000,
      "rd": 281000000,
      "sga": null,
      "fcf": 191000000,
      "ocf": 204000000,
      "capex": -13000000,
      "gross_margin": 0.49183673469387756,
      "op_margin": -0.17551020408163265,
      "fcf_margin": 0.38979591836734695,
      "incr_op_margin_yoy": 1.0816326530612246,
      "rev_growth_yoy": -0.23076923076923078,
      "rev_growth_yoy_accel": -0.1477503628447025,
      "fcf_margin_change": 0.17580414882002185
    },
    {
      "date": "2025-03-29T00:00:00",
      "quarter_label": "2025-03 (Q1)",
      "revenue": 438000000,
      "gross_profit": 207000000,
      "operating_income": -117000000,
      "net_income": -102000000,
      "opex": 324000000,
      "cogs": 231000000,
      "rd": 275000000,
      "sga": null,
      "fcf": 95000000,
      "ocf": 109000000,
      "capex": -14000000,
      "gross_margin": 0.4726027397260274,
      "op_margin": -0.2671232876712329,
      "fcf_margin": 0.21689497716894976,
      "incr_op_margin_yoy": 0.6080402010050251,
      "rev_growth_yoy": 0.8326359832635983,
      "rev_growth_yoy_accel": 1.0634052140328292,
      "fcf_margin_change": -0.1729009411983972
    },
    {
      "date": "2025-06-28T00:00:00",
      "quarter_label": "2025-06 (Q2)",
      "revenue": 506000000,
      "gross_profit": 252000000,
      "operating_income": -74000000,
      "net_income": -67000000,
      "opex": 326000000,
      "cogs": 254000000,
      "rd": 282000000,
      "sga": null,
      "fcf": 199000000,
      "ocf": 213000000,
      "capex": -14000000,
      "gross_margin": 0.4980237154150198,
      "op_margin": -0.14624505928853754,
      "fcf_margin": 0.3932806324110672,
      "incr_op_margin_yoy": 0.29850746268656714,
      "rev_growth_yoy": 0.15261958997722094,
      "rev_growth_yoy_accel": -0.6800163932863774,
      "op_leverage_ratio": 25.15068493150685,
      "fcf_margin_change": 0.17638565524211744
    },
    {
      "date": "2025-09-27T00:00:00",
      "quarter_label": "2025-09 (Q3)",
      "revenue": 504000000,
      "gross_profit": 243000000,
      "operating_income": -109000000,
      "net_income": -96000000,
      "opex": 352000000,
      "cogs": 261000000,
      "rd": 304000000,
      "sga": null,
      "fcf": 143000000,
      "ocf": 167000000,
      "capex": -24000000,
      "gross_margin": 0.48214285714285715,
      "op_margin": -0.21626984126984128,
      "fcf_margin": 0.2837301587301587,
      "incr_op_margin_yoy": 149.88888888888889,
      "rev_growth_yoy": 0.037037037037037035,
      "rev_growth_yoy_accel": -0.11558255294018391,
      "fcf_margin_change": -0.10955047368090848
    }
  ],
  "signals": [
    {
      "quarter": "2025-09 (Q3)",
      "signal": "YoY REVENUE GROWTH DECELERATION",
      "detail": "YoY growth: +3.7% vs prior quarter YoY: +15.3% (decel: -11.6%)",
      "severity": "WARNING"
    },
    {
      "quarter": "2025-06 (Q2)",
      "signal": "FCF MARGIN EXPANSION",
      "detail": "FCF margin: +21.7% -> +39.3% (+17.6%)",
      "severity": "MEDIUM"
    },
    {
      "quarter": "2025-06 (Q2)",
      "signal": "OPERATING LEVERAGE",
      "detail": "Rev growth +15.5% vs OpEx growth +0.6% (leverage: 25.2x)",
      "severity": "MEDIUM"
    },
    {
      "quarter": "2025-06 (Q2)",
      "signal": "GROSS MARGIN INFLECTION",
      "detail": "GM: +49.2% -> +47.3% -> +49.8% (reversal +2.5%)",
      "severity": "MEDIUM"
    },
    {
      "quarter": "2025-06 (Q2)",
      "signal": "YoY REVENUE GROWTH DECELERATION",
      "detail": "YoY growth: +15.3% vs prior quarter YoY: +83.3% (decel: -68.0%)",
      "severity": "WARNING"
    },
    {
      "quarter": "2025-03 (Q1)",
      "signal": "YoY REVENUE GROWTH ACCELERATION",
      "detail": "YoY growth: +83.3% vs prior quarter YoY: -23.1% (accel: +106.3%)",
      "severity": "HIGH"
    },
    {
      "quarter": "2024-12 (Q4)",
      "signal": "FCF MARGIN EXPANSION",
      "detail": "FCF margin: +21.4% -> +39.0% (+17.6%)",
      "severity": "MEDIUM"
    },
    {
      "quarter": "2024-12 (Q4)",
      "signal": "YoY REVENUE GROWTH DECELERATION",
      "detail": "YoY growth: -23.1% vs prior quarter YoY: -8.3% (decel: -14.8%)",
      "severity": "WARNING"
    },
    {
      "quarter": "2024-09 (Q3)",
      "signal": "FCF MARGIN EXPANSION",
      "detail": "FCF margin: +1.4% -> +21.4% (+20.0%)",
      "severity": "MEDIUM"
    },
    {
      "quarter": "2024-06 (Q2)",
      "signal": "OPERATING LEVERAGE",
      "detail": "Rev growth +83.7% vs OpEx growth +3.8% (leverage: 22.2x)",
      "severity": "MEDIUM"
    },
    {
      "quarter": "2024-06 (Q2)",
      "signal": "GROSS MARGIN INFLECTION",
      "detail": "GM: +54.0% -> +22.6% -> +47.6% (reversal +25.0%)",
      "severity": "HIGH"
    },
    {
      "quarter": "2024-06 (Q2)",
      "signal": "YoY REVENUE GROWTH ACCELERATION",
      "detail": "YoY growth: -3.3% vs prior quarter YoY: -47.8% (accel: +44.5%)",
      "severity": "HIGH"
    },
    {
      "quarter": "2024-03 (Q1)",
      "signal": "YoY REVENUE GROWTH DECELERATION",
      "detail": "YoY growth: -47.8% vs prior quarter YoY: +12.7% (decel: -60.6%)",
      "severity": "WARNING"
    },
    {
      "quarter": "2023-12 (Q4)",
      "signal": "OPERATING LEVERAGE",
      "detail": "Rev growth +20.2% vs OpEx growth +2.7% (leverage: 7.6x)",
      "severity": "MEDIUM"
    },
    {
      "quarter": "2023-12 (Q4)",
      "signal": "YoY REVENUE GROWTH DECELERATION",
      "detail": "YoY growth: +12.7% vs prior quarter YoY: +17.8% (decel: -5.0%)",
      "severity": "WARNING"
    },
    {
      "quarter": "2023-12 (Q4)",
      "signal": "INCREMENTAL MARGIN (YoY)",
      "detail": "YoY Incr OPM: +68.1% vs year-ago OPM: +4.2%",
      "severity": "HIGH"
    },
    {
      "quarter": "2023-09 (Q3)",
      "signal": "FCF TURNED POSITIVE",
      "detail": "FCF margin: -1.3% -> +13.4%",
      "severity": "HIGH"
    },
    {
      "quarter": "2023-09 (Q3)",
      "signal": "OPERATING LEVERAGE",
      "detail": "Rev growth +16.7% vs OpEx growth +2.7% (leverage: 6.1x)",
      "severity": "MEDIUM"
    },
    {
      "quarter": "2023-09 (Q3)",
      "signal": "YoY REVENUE GROWTH ACCELERATION",
      "detail": "YoY growth: +17.8% vs prior quarter YoY: -1.3% (accel: +19.1%)",
      "severity": "HIGH"
    },
    {
      "quarter": "2023-09 (Q3)",
      "signal": "OP MARGIN TURNED POSITIVE (YoY)",
      "detail": "Op margin: -5.6% (year-ago) -> +1.5%",
      "severity": "HIGH"
    },
    {
      "quarter": "2023-09 (Q3)",
      "signal": "OP MARGIN TURNED POSITIVE (QoQ)",
      "detail": "Op margin: -7.3% -> +1.5%",
      "severity": "HIGH"
    },
    {
      "quarter": "2023-07 (Q3)",
      "signal": "GROSS MARGIN INFLECTION",
      "detail": "GM: +53.1% -> +45.2% -> +49.3% (reversal +4.1%)",
      "severity": "MEDIUM"
    },
    {
      "quarter": "2023-07 (Q3)",
      "signal": "YoY REVENUE GROWTH DECELERATION",
      "detail": "YoY growth: -1.3% vs prior quarter YoY: +16.2% (decel: -17.5%)",
      "severity": "WARNING"
    },
    {
      "quarter": "2023-04 (Q2)",
      "signal": "FCF MARGIN EXPANSION",
      "detail": "FCF margin: +21.1% -> +31.7% (+10.6%)",
      "severity": "MEDIUM"
    },
    {
      "quarter": "2023-04 (Q2)",
      "signal": "YoY REVENUE GROWTH DECELERATION",
      "detail": "YoY growth: +16.2% vs prior quarter YoY: +58.7% (decel: -42.5%)",
      "severity": "WARNING"
    },
    {
      "quarter": "2022-12 (Q4)",
      "signal": "OPERATING LEVERAGE",
      "detail": "Rev growth +25.6% vs OpEx growth +14.0% (leverage: 1.8x)",
      "severity": "MEDIUM"
    },
    {
      "quarter": "2022-12 (Q4)",
      "signal": "GROSS MARGIN INFLECTION",
      "detail": "GM: +49.8% -> +48.2% -> +53.1% (reversal +4.9%)",
      "severity": "MEDIUM"
    },
    {
      "quarter": "2022-12 (Q4)",
      "signal": "YoY REVENUE GROWTH ACCELERATION",
      "detail": "YoY growth: +58.7% vs prior quarter YoY: +38.0% (accel: +20.7%)",
      "severity": "HIGH"
    },
    {
      "quarter": "2022-12 (Q4)",
      "signal": "OP MARGIN TURNED POSITIVE (YoY)",
      "detail": "Op margin: -12.4% (year-ago) -> +4.2%",
      "severity": "HIGH"
    },
    {
      "quarter": "2022-12 (Q4)",
      "signal": "OP MARGIN TURNED POSITIVE (QoQ)",
      "detail": "Op margin: -5.6% -> +4.2%",
      "severity": "HIGH"
    },
    {
      "quarter": "2022-07 (Q3)",
      "signal": "OP MARGIN TURNED POSITIVE (QoQ)",
      "detail": "Op margin: -11.7% -> +2.2%",
      "severity": "HIGH"
    }
  ],
  "data_quality": {
    "n_quarters": 17,
    "coverage": {
      "revenue": [
        17,
        17
      ],
      "gross_profit": [
        17,
        17
      ],
      "op_income": [
        17,
        17
      ],
      "fcf": [
        15,
        17
      ]
    },
    "gaps": [],
    "warnings": []
  },
  "market_cap": null,
  "source": "SEC EDGAR",
  "last_updated": "2026-02-02T20:44:55.260197",
  "sector": "Consumer Cyclical",
  "industry": "Auto Parts"
}