{
  "ticker": "MBUU",
  "name": "MALIBU BOATS, INC.",
  "quarters": [
    {
      "date": "2020-12-31T00:00:00",
      "quarter_label": "2020-12 (Q4)",
      "revenue": 195647000,
      "gross_profit": 49489000,
      "operating_income": 28928000,
      "net_income": 21225000,
      "opex": 20561000,
      "cogs": 146158000,
      "rd": null,
      "sga": null,
      "fcf": 33746000,
      "ocf": 39839000,
      "capex": -6093000,
      "gross_margin": 0.25295046691234724,
      "op_margin": 0.14785813224838612,
      "fcf_margin": 0.17248411680219988
    },
    {
      "date": "2021-03-31T00:00:00",
      "quarter_label": "2021-03 (Q1)",
      "revenue": 273162000,
      "gross_profit": 72028000,
      "operating_income": 46865000,
      "net_income": 33796000,
      "opex": 25163000,
      "cogs": 201134000,
      "rd": null,
      "sga": null,
      "fcf": 20176000,
      "ocf": 27768000,
      "capex": -7592000,
      "gross_margin": 0.2636823569896252,
      "op_margin": 0.17156485894816995,
      "fcf_margin": 0.07386093234051588,
      "op_leverage_ratio": 1.770150439260527,
      "fcf_margin_change": -0.098623184461684
    },
    {
      "date": "2021-06-30T00:00:00",
      "quarter_label": "2021-06 (Q2)",
      "revenue": 276722000,
      "gross_profit": 69227000,
      "operating_income": 45031000,
      "net_income": 33727000,
      "opex": 24196000,
      "cogs": 207495000,
      "rd": null,
      "sga": null,
      "fcf": 19385000,
      "ocf": 30945000,
      "capex": -11560000,
      "gross_margin": 0.25016803868142035,
      "op_margin": 0.16273010458149334,
      "fcf_margin": 0.0700522546093191,
      "op_leverage_ratio": Infinity,
      "fcf_margin_change": -0.00380867773119678
    },
    {
      "date": "2021-09-30T00:00:00",
      "quarter_label": "2021-09 (Q3)",
      "revenue": 253497000,
      "gross_profit": 59752000,
      "operating_income": 36688000,
      "net_income": 26944000,
      "opex": 23064000,
      "cogs": 193745000,
      "rd": null,
      "sga": null,
      "fcf": 9794000,
      "ocf": 23686000,
      "capex": -13892000,
      "gross_margin": 0.23571087626283546,
      "op_margin": 0.14472755101638285,
      "fcf_margin": 0.03863556570689199,
      "fcf_margin_change": -0.03141668890242711
    },
    {
      "date": "2021-12-31T00:00:00",
      "quarter_label": "2021-12 (Q4)",
      "revenue": 263887000,
      "gross_profit": 63551000,
      "operating_income": 40187000,
      "net_income": 29891000,
      "opex": 23364000,
      "cogs": 200336000,
      "rd": null,
      "sga": null,
      "fcf": 21946000,
      "ocf": 34280000,
      "capex": -12334000,
      "gross_margin": 0.24082656591647184,
      "op_margin": 0.15228866901363083,
      "fcf_margin": 0.08316438475559615,
      "incr_op_margin_yoy": 0.16499120750293084,
      "rev_growth_yoy": 0.34879144581823385,
      "op_leverage_ratio": 3.151055831035476,
      "fcf_margin_change": 0.044528819048704156
    },
    {
      "date": "2022-03-31T00:00:00",
      "quarter_label": "2022-03 (Q1)",
      "revenue": 344287000,
      "gross_profit": 97121000,
      "operating_income": 71537000,
      "net_income": 52878000,
      "opex": 25584000,
      "cogs": 247166000,
      "rd": null,
      "sga": null,
      "fcf": 47232000,
      "ocf": 61076000,
      "capex": -13844000,
      "gross_margin": 0.28209313741152003,
      "op_margin": 0.20778304147411897,
      "fcf_margin": 0.13718786942289427,
      "incr_op_margin_yoy": 0.3468822495606327,
      "rev_growth_yoy": 0.26037662632430575,
      "rev_growth_yoy_accel": -0.0884148194939281,
      "op_leverage_ratio": 3.2065076175623495,
      "fcf_margin_change": 0.054023484667298116
    },
    {
      "date": "2022-06-30T00:00:00",
      "quarter_label": "2022-06 (Q2)",
      "revenue": 353206000,
      "gross_profit": 89627000,
      "operating_income": 65411000,
      "net_income": 47919000,
      "opex": 24216000,
      "cogs": 263579000,
      "rd": null,
      "sga": null,
      "fcf": 30810000,
      "ocf": 45804000,
      "capex": -14994000,
      "gross_margin": 0.2537527675067807,
      "op_margin": 0.18519221077784637,
      "fcf_margin": 0.08722954876191231,
      "incr_op_margin_yoy": 0.2664609591548559,
      "rev_growth_yoy": 0.2763929141882467,
      "rev_growth_yoy_accel": 0.016016287863940937,
      "op_leverage_ratio": Infinity,
      "fcf_margin_change": -0.04995832066098195
    },
    {
      "date": "2022-09-30T00:00:00",
      "quarter_label": "2022-09 (Q3)",
      "revenue": 302211000,
      "gross_profit": 74605000,
      "operating_income": 48483000,
      "net_income": 34883000,
      "opex": 26122000,
      "cogs": 227606000,
      "rd": null,
      "sga": null,
      "fcf": 19327000,
      "ocf": 31689000,
      "capex": -12362000,
      "gross_margin": 0.24686394605093792,
      "op_margin": 0.16042764823252628,
      "fcf_margin": 0.06395200704143794,
      "incr_op_margin_yoy": 0.24212751980950034,
      "rev_growth_yoy": 0.1921679546503509,
      "rev_growth_yoy_accel": -0.0842249595378958,
      "fcf_margin_change": -0.023277541720474373
    },
    {
      "date": "2022-12-31T00:00:00",
      "quarter_label": "2022-12 (Q4)",
      "revenue": 338732000,
      "gross_profit": 75654000,
      "operating_income": 48684000,
      "net_income": 35162000,
      "opex": 26970000,
      "cogs": 263078000,
      "rd": null,
      "sga": null,
      "fcf": 9146000,
      "ocf": 19123000,
      "capex": -9977000,
      "gross_margin": 0.2233447090915532,
      "op_margin": 0.14372424217375387,
      "fcf_margin": 0.02700069671598786,
      "incr_op_margin_yoy": 0.11352795777941078,
      "rev_growth_yoy": 0.28362518805397763,
      "rev_growth_yoy_accel": 0.09145723340362674,
      "op_leverage_ratio": 3.722570793191287,
      "fcf_margin_change": -0.036951310325450085
    },
    {
      "date": "2023-03-31T00:00:00",
      "quarter_label": "2023-03 (Q1)",
      "revenue": 375119000,
      "gross_profit": 98574000,
      "operating_income": 70263000,
      "net_income": 51888000,
      "opex": 28311000,
      "cogs": 276545000,
      "rd": null,
      "sga": null,
      "fcf": 36012000,
      "ocf": 57178000,
      "capex": -21166000,
      "gross_margin": 0.262780610952791,
      "op_margin": 0.1873085607500553,
      "fcf_margin": 0.09600153551273062,
      "incr_op_margin_yoy": -0.04132070576024909,
      "rev_growth_yoy": 0.08955319253994487,
      "rev_growth_yoy_accel": -0.19407199551403276,
      "op_leverage_ratio": 2.1604399177762597,
      "fcf_margin_change": 0.06900083879674276
    },
    {
      "date": "2023-06-30T00:00:00",
      "quarter_label": "2023-06 (Q2)",
      "revenue": 372303000,
      "gross_profit": 102462000,
      "operating_income": -22646000,
      "net_income": -17420000,
      "opex": 125108000,
      "cogs": 269841000,
      "rd": null,
      "sga": null,
      "fcf": 65408000,
      "ocf": 76743000,
      "capex": -11335000,
      "gross_margin": 0.2752113198120885,
      "op_margin": -0.06082679967660749,
      "fcf_margin": 0.17568485883809692,
      "incr_op_margin_yoy": -4.611038382992093,
      "rev_growth_yoy": 0.05406759794567476,
      "rev_growth_yoy_accel": -0.03548559459427011,
      "fcf_margin_change": 0.0796833233253663
    },
    {
      "date": "2023-09-30T00:00:00",
      "quarter_label": "2023-09 (Q3)",
      "revenue": 255830000,
      "gross_profit": 56794000,
      "operating_income": 28622000,
      "net_income": 20259000,
      "opex": 28172000,
      "cogs": 199036000,
      "rd": null,
      "sga": null,
      "fcf": -87938000,
      "ocf": -48411000,
      "capex": -39527000,
      "gross_margin": 0.22199898370011337,
      "op_margin": 0.11187898213657507,
      "fcf_margin": -0.34373607473713014,
      "incr_op_margin_yoy": 0.4282141394105345,
      "rev_growth_yoy": -0.1534722429031372,
      "rev_growth_yoy_accel": -0.20753984084881197,
      "fcf_margin_change": -0.5194209335752271
    },
    {
      "date": "2023-12-31T00:00:00",
      "quarter_label": "2023-12 (Q4)",
      "revenue": 211074000,
      "gross_profit": 37475000,
      "operating_income": 14712000,
      "net_income": 9881000,
      "opex": 22763000,
      "cogs": 173599000,
      "rd": null,
      "sga": null,
      "fcf": 51546000,
      "ocf": 64120000,
      "capex": -12574000,
      "gross_margin": 0.17754436832580042,
      "op_margin": 0.06970067369737627,
      "fcf_margin": 0.2442081923875039,
      "incr_op_margin_yoy": 0.26611728211314606,
      "rev_growth_yoy": -0.3768702100775835,
      "rev_growth_yoy_accel": -0.22339796717444627,
      "fcf_margin_change": 0.587944267124634
    },
    {
      "date": "2024-03-31T00:00:00",
      "quarter_label": "2024-03 (Q1)",
      "revenue": 203419000,
      "gross_profit": 40333000,
      "operating_income": -74902000,
      "net_income": -66831000,
      "opex": 115235000,
      "cogs": 163086000,
      "rd": null,
      "sga": null,
      "fcf": 11507000,
      "ocf": 23512000,
      "capex": -12005000,
      "gross_margin": 0.19827548065814896,
      "op_margin": -0.36821535844734266,
      "fcf_margin": 0.05656797054355788,
      "incr_op_margin_yoy": 0.8454571927781014,
      "rev_growth_yoy": -0.45772141640386116,
      "rev_growth_yoy_accel": -0.08085120632627768,
      "fcf_margin_change": -0.18764022184394602
    },
    {
      "date": "2024-06-30T00:00:00",
      "quarter_label": "2024-06 (Q2)",
      "revenue": 158712000,
      "gross_profit": 12493000,
      "operating_income": -24379000,
      "net_income": -19221000,
      "opex": 36872000,
      "cogs": 146219000,
      "rd": null,
      "sga": null,
      "fcf": 4481000,
      "ocf": 16337000,
      "capex": -11856000,
      "gross_margin": 0.0787149049851303,
      "op_margin": -0.1536052724431675,
      "fcf_margin": 0.02823352991582237,
      "incr_op_margin_yoy": 0.008113637746908813,
      "rev_growth_yoy": -0.5737020652533017,
      "rev_growth_yoy_accel": -0.11598064884944054,
      "fcf_margin_change": -0.028334440627735512
    },
    {
      "date": "2024-09-30T00:00:00",
      "quarter_label": "2024-09 (Q3)",
      "revenue": 171580000,
      "gross_profit": 28209000,
      "operating_income": -5611000,
      "net_income": -5048000,
      "opex": 33820000,
      "cogs": 143371000,
      "rd": null,
      "sga": null,
      "fcf": -17028000,
      "ocf": -8402000,
      "capex": -8626000,
      "gross_margin": 0.16440727357500876,
      "op_margin": -0.03270194661382445,
      "fcf_margin": -0.09924233593658935,
      "incr_op_margin_yoy": 0.40632640949554893,
      "rev_growth_yoy": -0.3293202517296642,
      "rev_growth_yoy_accel": 0.24438181352363747,
      "op_leverage_ratio": Infinity,
      "fcf_margin_change": -0.12747586585241172
    },
    {
      "date": "2024-12-31T00:00:00",
      "quarter_label": "2024-12 (Q4)",
      "revenue": 200280000,
      "gross_profit": 37418000,
      "operating_income": 3176000,
      "net_income": 2363000,
      "opex": 34242000,
      "cogs": 162862000,
      "rd": null,
      "sga": null,
      "fcf": 22762000,
      "ocf": 28407000,
      "capex": -5645000,
      "gross_margin": 0.18682844018374276,
      "op_margin": 0.0158577990812862,
      "fcf_margin": 0.11365088875574196,
      "incr_op_margin_yoy": 1.0687418936446174,
      "rev_growth_yoy": -0.051138463287756904,
      "rev_growth_yoy_accel": 0.27818178844190733,
      "op_leverage_ratio": 13.405295306681309,
      "fcf_margin_change": 0.2128932246923313
    },
    {
      "date": "2025-03-31T00:00:00",
      "quarter_label": "2025-03 (Q1)",
      "revenue": 228662000,
      "gross_profit": 45724000,
      "operating_income": 17367000,
      "net_income": 12890000,
      "opex": 28357000,
      "cogs": 182938000,
      "rd": null,
      "sga": null,
      "fcf": 8770000,
      "ocf": 15462000,
      "capex": -6692000,
      "gross_margin": 0.19996326455641952,
      "op_margin": 0.07595052960264495,
      "fcf_margin": 0.038353552404859576,
      "incr_op_margin_yoy": 3.6552311531909836,
      "rev_growth_yoy": 0.12409361957339285,
      "rev_growth_yoy_accel": 0.17523208286114975,
      "op_leverage_ratio": Infinity,
      "fcf_margin_change": -0.07529733635088239
    },
    {
      "date": "2025-06-30T00:00:00",
      "quarter_label": "2025-06 (Q2)",
      "revenue": 207039000,
      "gross_profit": 32740000,
      "operating_income": 6829000,
      "net_income": 4674000,
      "opex": 25911000,
      "cogs": 174299000,
      "rd": null,
      "sga": null,
      "fcf": 14085000,
      "ocf": 21039000,
      "capex": -6954000,
      "gross_margin": 0.15813445775916615,
      "op_margin": 0.032984123764121735,
      "fcf_margin": 0.06803066088997725,
      "incr_op_margin_yoy": 0.6457673764148406,
      "rev_growth_yoy": 0.3044949342204748,
      "rev_growth_yoy_accel": 0.18040131464708195,
      "fcf_margin_change": 0.029677108485117676
    },
    {
      "date": "2025-09-30T00:00:00",
      "quarter_label": "2025-09 (Q3)",
      "revenue": 194733000,
      "gross_profit": 27931000,
      "operating_income": -842000,
      "net_income": -702000,
      "opex": 28773000,
      "cogs": 166802000,
      "rd": null,
      "sga": null,
      "fcf": 2228000,
      "ocf": 6535000,
      "capex": -4307000,
      "gross_margin": 0.14343228933976265,
      "op_margin": -0.004323869092552367,
      "fcf_margin": 0.011441306814972295,
      "incr_op_margin_yoy": 0.20597762708936207,
      "rev_growth_yoy": 0.13493996969343747,
      "rev_growth_yoy_accel": -0.16955496452703733,
      "fcf_margin_change": -0.056589354075004955
    }
  ],
  "signals": [
    {
      "quarter": "2025-09 (Q3)",
      "signal": "YoY REVENUE GROWTH DECELERATION",
      "detail": "YoY growth: +13.5% vs prior quarter YoY: +30.4% (decel: -17.0%)",
      "severity": "WARNING"
    },
    {
      "quarter": "2025-06 (Q2)",
      "signal": "YoY REVENUE GROWTH ACCELERATION",
      "detail": "YoY growth: +30.4% vs prior quarter YoY: +12.4% (accel: +18.0%)",
      "severity": "HIGH"
    },
    {
      "quarter": "2025-06 (Q2)",
      "signal": "OP MARGIN TURNED POSITIVE (YoY)",
      "detail": "Op margin: -15.4% (year-ago) -> +3.3%",
      "severity": "HIGH"
    },
    {
      "quarter": "2025-03 (Q1)",
      "signal": "YoY REVENUE GROWTH ACCELERATION",
      "detail": "YoY growth: +12.4% vs prior quarter YoY: -5.1% (accel: +17.5%)",
      "severity": "HIGH"
    },
    {
      "quarter": "2025-03 (Q1)",
      "signal": "OP MARGIN TURNED POSITIVE (YoY)",
      "detail": "Op margin: -36.8% (year-ago) -> +7.6%",
      "severity": "HIGH"
    },
    {
      "quarter": "2024-12 (Q4)",
      "signal": "FCF TURNED POSITIVE",
      "detail": "FCF margin: -9.9% -> +11.4%",
      "severity": "HIGH"
    },
    {
      "quarter": "2024-12 (Q4)",
      "signal": "OPERATING LEVERAGE",
      "detail": "Rev growth +16.7% vs OpEx growth +1.2% (leverage: 13.4x)",
      "severity": "MEDIUM"
    },
    {
      "quarter": "2024-12 (Q4)",
      "signal": "YoY REVENUE GROWTH ACCELERATION",
      "detail": "YoY growth: -5.1% vs prior quarter YoY: -32.9% (accel: +27.8%)",
      "severity": "HIGH"
    },
    {
      "quarter": "2024-12 (Q4)",
      "signal": "INCREMENTAL MARGIN (YoY)",
      "detail": "YoY Incr OPM: +106.9% vs year-ago OPM: +7.0%",
      "severity": "HIGH"
    },
    {
      "quarter": "2024-12 (Q4)",
      "signal": "OP MARGIN TURNED POSITIVE (QoQ)",
      "detail": "Op margin: -3.3% -> +1.6%",
      "severity": "HIGH"
    },
    {
      "quarter": "2024-09 (Q3)",
      "signal": "GROSS MARGIN INFLECTION",
      "detail": "GM: +19.8% -> +7.9% -> +16.4% (reversal +8.6%)",
      "severity": "HIGH"
    },
    {
      "quarter": "2024-09 (Q3)",
      "signal": "YoY REVENUE GROWTH ACCELERATION",
      "detail": "YoY growth: -32.9% vs prior quarter YoY: -57.4% (accel: +24.4%)",
      "severity": "HIGH"
    },
    {
      "quarter": "2024-06 (Q2)",
      "signal": "YoY REVENUE GROWTH DECELERATION",
      "detail": "YoY growth: -57.4% vs prior quarter YoY: -45.8% (decel: -11.6%)",
      "severity": "WARNING"
    },
    {
      "quarter": "2024-03 (Q1)",
      "signal": "GROSS MARGIN INFLECTION",
      "detail": "GM: +22.2% -> +17.8% -> +19.8% (reversal +2.1%)",
      "severity": "MEDIUM"
    },
    {
      "quarter": "2024-03 (Q1)",
      "signal": "YoY REVENUE GROWTH DECELERATION",
      "detail": "YoY growth: -45.8% vs prior quarter YoY: -37.7% (decel: -8.1%)",
      "severity": "WARNING"
    },
    {
      "quarter": "2023-12 (Q4)",
      "signal": "FCF TURNED POSITIVE",
      "detail": "FCF margin: -34.4% -> +24.4%",
      "severity": "HIGH"
    },
    {
      "quarter": "2023-12 (Q4)",
      "signal": "YoY REVENUE GROWTH DECELERATION",
      "detail": "YoY growth: -37.7% vs prior quarter YoY: -15.3% (decel: -22.3%)",
      "severity": "WARNING"
    },
    {
      "quarter": "2023-12 (Q4)",
      "signal": "INCREMENTAL MARGIN (YoY)",
      "detail": "YoY Incr OPM: +26.6% vs year-ago OPM: +14.4%",
      "severity": "MEDIUM"
    },
    {
      "quarter": "2023-09 (Q3)",
      "signal": "YoY REVENUE GROWTH DECELERATION",
      "detail": "YoY growth: -15.3% vs prior quarter YoY: +5.4% (decel: -20.8%)",
      "severity": "WARNING"
    },
    {
      "quarter": "2023-09 (Q3)",
      "signal": "INCREMENTAL MARGIN (YoY)",
      "detail": "YoY Incr OPM: +42.8% vs year-ago OPM: +16.0%",
      "severity": "HIGH"
    },
    {
      "quarter": "2023-09 (Q3)",
      "signal": "OP MARGIN TURNED POSITIVE (QoQ)",
      "detail": "Op margin: -6.1% -> +11.2%",
      "severity": "HIGH"
    },
    {
      "quarter": "2023-06 (Q2)",
      "signal": "FCF MARGIN EXPANSION",
      "detail": "FCF margin: +9.6% -> +17.6% (+8.0%)",
      "severity": "MEDIUM"
    },
    {
      "quarter": "2023-03 (Q1)",
      "signal": "FCF MARGIN EXPANSION",
      "detail": "FCF margin: +2.7% -> +9.6% (+6.9%)",
      "severity": "MEDIUM"
    },
    {
      "quarter": "2023-03 (Q1)",
      "signal": "OPERATING LEVERAGE",
      "detail": "Rev growth +10.7% vs OpEx growth +5.0% (leverage: 2.2x)",
      "severity": "MEDIUM"
    },
    {
      "quarter": "2023-03 (Q1)",
      "signal": "GROSS MARGIN INFLECTION",
      "detail": "GM: +24.7% -> +22.3% -> +26.3% (reversal +3.9%)",
      "severity": "MEDIUM"
    },
    {
      "quarter": "2023-03 (Q1)",
      "signal": "YoY REVENUE GROWTH DECELERATION",
      "detail": "YoY growth: +9.0% vs prior quarter YoY: +28.4% (decel: -19.4%)",
      "severity": "WARNING"
    },
    {
      "quarter": "2022-12 (Q4)",
      "signal": "OPERATING LEVERAGE",
      "detail": "Rev growth +12.1% vs OpEx growth +3.2% (leverage: 3.7x)",
      "severity": "MEDIUM"
    },
    {
      "quarter": "2022-12 (Q4)",
      "signal": "YoY REVENUE GROWTH ACCELERATION",
      "detail": "YoY growth: +28.4% vs prior quarter YoY: +19.2% (accel: +9.1%)",
      "severity": "MEDIUM"
    },
    {
      "quarter": "2022-09 (Q3)",
      "signal": "YoY REVENUE GROWTH DECELERATION",
      "detail": "YoY growth: +19.2% vs prior quarter YoY: +27.6% (decel: -8.4%)",
      "severity": "WARNING"
    },
    {
      "quarter": "2022-06 (Q2)",
      "signal": "INCREMENTAL MARGIN (YoY)",
      "detail": "YoY Incr OPM: +26.6% vs year-ago OPM: +16.3%",
      "severity": "MEDIUM"
    },
    {
      "quarter": "2022-03 (Q1)",
      "signal": "FCF MARGIN EXPANSION",
      "detail": "FCF margin: +8.3% -> +13.7% (+5.4%)",
      "severity": "MEDIUM"
    },
    {
      "quarter": "2022-03 (Q1)",
      "signal": "OPERATING LEVERAGE",
      "detail": "Rev growth +30.5% vs OpEx growth +9.5% (leverage: 3.2x)",
      "severity": "MEDIUM"
    },
    {
      "quarter": "2022-03 (Q1)",
      "signal": "YoY REVENUE GROWTH DECELERATION",
      "detail": "YoY growth: +26.0% vs prior quarter YoY: +34.9% (decel: -8.8%)",
      "severity": "WARNING"
    },
    {
      "quarter": "2022-03 (Q1)",
      "signal": "INCREMENTAL MARGIN (YoY)",
      "detail": "YoY Incr OPM: +34.7% vs year-ago OPM: +17.2%",
      "severity": "MEDIUM"
    },
    {
      "quarter": "2021-12 (Q4)",
      "signal": "OPERATING LEVERAGE",
      "detail": "Rev growth +4.1% vs OpEx growth +1.3% (leverage: 3.2x)",
      "severity": "MEDIUM"
    },
    {
      "quarter": "2021-03 (Q1)",
      "signal": "OPERATING LEVERAGE",
      "detail": "Rev growth +39.6% vs OpEx growth +22.4% (leverage: 1.8x)",
      "severity": "MEDIUM"
    }
  ],
  "data_quality": {
    "n_quarters": 20,
    "coverage": {
      "revenue": [
        20,
        20
      ],
      "gross_profit": [
        20,
        20
      ],
      "op_income": [
        20,
        20
      ],
      "fcf": [
        20,
        20
      ]
    },
    "gaps": [],
    "warnings": []
  },
  "market_cap": null,
  "source": "SEC EDGAR",
  "last_updated": "2026-02-02T22:17:07.331252"
}