{
  "ticker": "MCFT",
  "name": "MASTERCRAFT BOAT HOLDINGS, INC.",
  "quarters": [
    {
      "date": "2021-01-03T00:00:00",
      "quarter_label": "2021-01 (Q1)",
      "revenue": 118677000,
      "gross_profit": 29273000,
      "operating_income": 16945000,
      "net_income": 12501000,
      "opex": 12328000,
      "cogs": 89404000,
      "rd": null,
      "sga": null,
      "fcf": 5832000,
      "ocf": 22783000,
      "capex": -16951000,
      "gross_margin": 0.24666110535318553,
      "op_margin": 0.1427825105117251,
      "fcf_margin": 0.04914178821507116
    },
    {
      "date": "2021-04-04T00:00:00",
      "quarter_label": "2021-04 (Q2)",
      "revenue": 147854000,
      "gross_profit": 37227000,
      "operating_income": 22563000,
      "net_income": 17568000,
      "opex": 14664000,
      "cogs": 110627000,
      "rd": null,
      "sga": null,
      "fcf": 19362000,
      "ocf": 24238000,
      "capex": -4876000,
      "gross_margin": 0.2517821634856007,
      "op_margin": 0.15260324374044665,
      "fcf_margin": 0.13095350819051227,
      "op_leverage_ratio": 1.2974596582574018,
      "fcf_margin_change": 0.08181171997544111
    },
    {
      "date": "2021-06-30T00:00:00",
      "quarter_label": "2021-06 (Q2)",
      "revenue": 155532000,
      "gross_profit": 37241000,
      "operating_income": 23041000,
      "net_income": 16534000,
      "opex": 14200000,
      "cogs": 118291000,
      "rd": null,
      "sga": null,
      "fcf": 12705000,
      "ocf": 14145000,
      "capex": -1440000,
      "gross_margin": 0.23944268703546537,
      "op_margin": 0.14814314739089063,
      "fcf_margin": 0.08168736980171283,
      "op_leverage_ratio": Infinity,
      "fcf_margin_change": -0.04926613838879944
    },
    {
      "date": "2021-10-03T00:00:00",
      "quarter_label": "2021-10 (Q4)",
      "revenue": 144010000,
      "gross_profit": 30122000,
      "operating_income": 14044000,
      "net_income": 10386000,
      "opex": 16078000,
      "cogs": 113888000,
      "rd": null,
      "sga": null,
      "fcf": -16105000,
      "ocf": -13555000,
      "capex": -2550000,
      "gross_margin": 0.20916603013679605,
      "op_margin": 0.09752100548573016,
      "fcf_margin": -0.11183251163113672,
      "fcf_margin_change": -0.19351988143284954
    },
    {
      "date": "2022-01-02T00:00:00",
      "quarter_label": "2022-01 (Q1)",
      "revenue": 159465000,
      "gross_profit": 35198000,
      "operating_income": 20553000,
      "net_income": 15402000,
      "opex": 14645000,
      "cogs": 124267000,
      "rd": null,
      "sga": null,
      "fcf": 23384000,
      "ocf": 25779000,
      "capex": -2395000,
      "gross_margin": 0.22072555106136144,
      "op_margin": 0.1288872166306086,
      "fcf_margin": 0.1466403285987521,
      "incr_op_margin_yoy": 0.08845738942826321,
      "rev_growth_yoy": 0.34368917313380015,
      "op_leverage_ratio": Infinity,
      "fcf_margin_change": 0.2584728402298888
    },
    {
      "date": "2022-04-03T00:00:00",
      "quarter_label": "2022-04 (Q2)",
      "revenue": 169343000,
      "gross_profit": 42033000,
      "operating_income": 27487000,
      "net_income": 20935000,
      "opex": 14546000,
      "cogs": 144702000,
      "rd": null,
      "sga": null,
      "fcf": 20002000,
      "ocf": 23078000,
      "capex": -3076000,
      "gross_margin": 0.24821220835818428,
      "op_margin": 0.16231553710516525,
      "fcf_margin": 0.11811530444128189,
      "incr_op_margin_yoy": 0.22914049048350318,
      "rev_growth_yoy": 0.14533932122228685,
      "rev_growth_yoy_accel": -0.1983498519115133,
      "op_leverage_ratio": Infinity,
      "fcf_margin_change": -0.0285250241574702
    },
    {
      "date": "2022-06-30T00:00:00",
      "quarter_label": "2022-06 (Q2)",
      "revenue": 197216000,
      "gross_profit": 57173000,
      "operating_income": 44592000,
      "net_income": 11491000,
      "opex": 39236000,
      "cogs": 162643000,
      "rd": null,
      "sga": null,
      "fcf": 33734000,
      "ocf": 38009000,
      "capex": -4275000,
      "gross_margin": 0.2899004137595327,
      "op_margin": 0.22610741521986047,
      "fcf_margin": 0.17105103034236574,
      "incr_op_margin_yoy": 0.5170089242874965,
      "rev_growth_yoy": 0.2680091556721446,
      "rev_growth_yoy_accel": 0.12266983444985777,
      "op_leverage_ratio": 0.09697034904153096,
      "fcf_margin_change": 0.05293572590108385
    },
    {
      "date": "2022-10-02T00:00:00",
      "quarter_label": "2022-10 (Q4)",
      "revenue": 169516000,
      "gross_profit": 45973000,
      "operating_income": 32222000,
      "net_income": 4068000,
      "opex": 13751000,
      "cogs": 123543000,
      "rd": null,
      "sga": null,
      "fcf": 12520000,
      "ocf": 18488000,
      "capex": -5968000,
      "gross_margin": 0.2712015384978409,
      "op_margin": 0.19008235210835556,
      "fcf_margin": 0.07385733500082588,
      "incr_op_margin_yoy": 0.7126950521445934,
      "rev_growth_yoy": 0.17711270050690925,
      "rev_growth_yoy_accel": -0.09089645516523537,
      "fcf_margin_change": -0.09719369534153986
    },
    {
      "date": "2023-01-01T00:00:00",
      "quarter_label": "2023-01 (Q1)",
      "revenue": 159188000,
      "gross_profit": 38227000,
      "operating_income": 26461000,
      "net_income": 19683000,
      "opex": 11766000,
      "cogs": 120961000,
      "rd": null,
      "sga": null,
      "fcf": 53463000,
      "ocf": 59410000,
      "capex": -5947000,
      "gross_margin": 0.24013744754629746,
      "op_margin": 0.16622484106842225,
      "fcf_margin": 0.3358481795110184,
      "rev_growth_yoy": -0.0017370582886526824,
      "rev_growth_yoy_accel": -0.17884975879556192,
      "fcf_margin_change": 0.26199084451019256
    },
    {
      "date": "2023-04-02T00:00:00",
      "quarter_label": "2023-04 (Q2)",
      "revenue": 166776000,
      "gross_profit": 42598000,
      "operating_income": 29026000,
      "net_income": 22510000,
      "opex": 13572000,
      "cogs": 124178000,
      "rd": null,
      "sga": null,
      "fcf": 20108000,
      "ocf": 27064000,
      "capex": -6956000,
      "gross_margin": 0.25542044418861226,
      "op_margin": 0.17404182856046432,
      "fcf_margin": 0.12056890679714108,
      "incr_op_margin_yoy": -0.5995325282430853,
      "rev_growth_yoy": -0.015158583466691862,
      "rev_growth_yoy_accel": -0.013421525178039179,
      "op_leverage_ratio": 0.3105475403954137,
      "fcf_margin_change": -0.21527927271387734
    },
    {
      "date": "2023-06-30T00:00:00",
      "quarter_label": "2023-06 (Q2)",
      "revenue": 166566000,
      "gross_profit": 42915000,
      "operating_income": 29206000,
      "net_income": 22676000,
      "opex": 13709000,
      "cogs": 123651000,
      "rd": null,
      "sga": null,
      "fcf": 23542000,
      "ocf": 29234000,
      "capex": -5692000,
      "gross_margin": 0.25764561795324376,
      "op_margin": 0.17534190651153297,
      "fcf_margin": 0.14133736777013317,
      "incr_op_margin_yoy": 0.5019902120717782,
      "rev_growth_yoy": -0.15541335388609442,
      "rev_growth_yoy_accel": -0.14025477041940257,
      "fcf_margin_change": 0.020768460972992092
    },
    {
      "date": "2023-10-01T00:00:00",
      "quarter_label": "2023-10 (Q4)",
      "revenue": 104217000,
      "gross_profit": 21836000,
      "operating_income": 8553000,
      "net_income": 6195000,
      "opex": 13283000,
      "cogs": 82381000,
      "rd": null,
      "sga": null,
      "fcf": -12190000,
      "ocf": -9122000,
      "capex": -3068000,
      "gross_margin": 0.2095243578302964,
      "op_margin": 0.08206914418952763,
      "fcf_margin": -0.11696748131302954,
      "incr_op_margin_yoy": 0.3624710945037443,
      "rev_growth_yoy": -0.3852084758960806,
      "rev_growth_yoy_accel": -0.22979512200998617,
      "fcf_margin_change": -0.2583048490831627
    },
    {
      "date": "2023-12-31T00:00:00",
      "quarter_label": "2023-12 (Q4)",
      "revenue": 99481000,
      "gross_profit": 18729000,
      "operating_income": 7018000,
      "net_income": 5886000,
      "opex": 11711000,
      "cogs": 80752000,
      "rd": null,
      "sga": null,
      "fcf": 26089000,
      "ocf": 27815000,
      "capex": -1726000,
      "gross_margin": 0.1882671062816015,
      "op_margin": 0.07054613443773183,
      "fcf_margin": 0.26225108312140005,
      "incr_op_margin_yoy": 0.32564020969065605,
      "rev_growth_yoy": -0.37507224162625324,
      "rev_growth_yoy_accel": 0.010136234269827349,
      "fcf_margin_change": 0.3792185644344296
    },
    {
      "date": "2024-03-31T00:00:00",
      "quarter_label": "2024-03 (Q1)",
      "revenue": 95708000,
      "gross_profit": 18348000,
      "operating_income": 3996000,
      "net_income": 3755000,
      "opex": 14352000,
      "cogs": 77360000,
      "rd": null,
      "sga": null,
      "fcf": 453000,
      "ocf": 3627000,
      "capex": -3174000,
      "gross_margin": 0.19170811217453088,
      "op_margin": 0.041751995653445895,
      "fcf_margin": 0.004733146654407155,
      "incr_op_margin_yoy": 0.35219789497382786,
      "rev_growth_yoy": -0.42612845973041685,
      "rev_growth_yoy_accel": -0.05105621810416361,
      "fcf_margin_change": -0.2575179364669929
    },
    {
      "date": "2024-06-30T00:00:00",
      "quarter_label": "2024-06 (Q2)",
      "revenue": 54318000,
      "gross_profit": 8605000,
      "operating_income": -592000,
      "net_income": -8036000,
      "opex": 20119000,
      "cogs": 58998000,
      "rd": null,
      "sga": null,
      "fcf": -12380000,
      "ocf": -9823000,
      "capex": -2557000,
      "gross_margin": 0.15841894031444456,
      "op_margin": -0.010898781251150631,
      "fcf_margin": -0.22791708089399462,
      "incr_op_margin_yoy": 0.26546575440096926,
      "rev_growth_yoy": -0.6738950325996902,
      "rev_growth_yoy_accel": -0.24776657286927334,
      "fcf_margin_change": -0.23265022754840178
    },
    {
      "date": "2024-09-29T00:00:00",
      "quarter_label": "2024-09 (Q3)",
      "revenue": 65359000,
      "gross_profit": 11798000,
      "operating_income": 1004000,
      "net_income": -5145000,
      "opex": 10794000,
      "cogs": 53561000,
      "rd": null,
      "sga": null,
      "fcf": 199000,
      "ocf": 2404000,
      "capex": -2205000,
      "gross_margin": 0.18051071772823943,
      "op_margin": 0.015361312137578605,
      "fcf_margin": 0.0030447222264722534,
      "incr_op_margin_yoy": 0.1942714498944876,
      "rev_growth_yoy": -0.3728566356736425,
      "rev_growth_yoy_accel": 0.30103839692604767,
      "op_leverage_ratio": Infinity,
      "fcf_margin_change": 0.23096180312046688
    },
    {
      "date": "2024-12-29T00:00:00",
      "quarter_label": "2024-12 (Q4)",
      "revenue": 63368000,
      "gross_profit": 10892000,
      "operating_income": 186000,
      "net_income": 2748000,
      "opex": 10706000,
      "cogs": 52476000,
      "rd": null,
      "sga": null,
      "fcf": 4047000,
      "ocf": 6436000,
      "capex": -2389000,
      "gross_margin": 0.17188486302234565,
      "op_margin": 0.0029352354500694357,
      "fcf_margin": 0.06386504229263981,
      "incr_op_margin_yoy": 0.18918395037798022,
      "rev_growth_yoy": -0.3630140428825605,
      "rev_growth_yoy_accel": 0.009842592791082017,
      "fcf_margin_change": 0.06082032006616756
    },
    {
      "date": "2025-03-30T00:00:00",
      "quarter_label": "2025-03 (Q1)",
      "revenue": 75960000,
      "gross_profit": 15765000,
      "operating_income": 4114000,
      "net_income": 3743000,
      "opex": 11651000,
      "cogs": 60195000,
      "rd": null,
      "sga": null,
      "fcf": 4297000,
      "ocf": 6309000,
      "capex": -2012000,
      "gross_margin": 0.2075434439178515,
      "op_margin": 0.05416008425487098,
      "fcf_margin": 0.05656924697209057,
      "incr_op_margin_yoy": -0.005975288636823982,
      "rev_growth_yoy": -0.20633593847954193,
      "rev_growth_yoy_accel": 0.15667810440301858,
      "op_leverage_ratio": 2.251231439566246,
      "fcf_margin_change": -0.007295795320549241
    },
    {
      "date": "2025-06-30T00:00:00",
      "quarter_label": "2025-06 (Q2)",
      "revenue": 79516000,
      "gross_profit": 18410000,
      "operating_income": 5928000,
      "net_income": 5697000,
      "opex": 12482000,
      "cogs": 61106000,
      "rd": null,
      "sga": null,
      "fcf": 17852000,
      "ocf": 20444000,
      "capex": -2592000,
      "gross_margin": 0.23152573067055687,
      "op_margin": 0.07455103375421299,
      "fcf_margin": 0.22450827506413804,
      "incr_op_margin_yoy": 0.25875069449956345,
      "rev_growth_yoy": 0.4638977871055635,
      "rev_growth_yoy_accel": 0.6702337255851054,
      "op_leverage_ratio": 0.6563552671017554,
      "fcf_margin_change": 0.16793902809204747
    },
    {
      "date": "2025-09-28T00:00:00",
      "quarter_label": "2025-09 (Q3)",
      "revenue": 69002000,
      "gross_profit": 15396000,
      "operating_income": 3778000,
      "net_income": 3636000,
      "opex": 11618000,
      "cogs": 53606000,
      "rd": null,
      "sga": null,
      "fcf": -9917000,
      "ocf": -6837000,
      "capex": -3080000,
      "gross_margin": 0.22312396742123417,
      "op_margin": 0.05475203617286455,
      "fcf_margin": -0.14372047187038056,
      "incr_op_margin_yoy": 0.7614603348888279,
      "rev_growth_yoy": 0.05573830688964029,
      "rev_growth_yoy_accel": -0.4081594802159232,
      "fcf_margin_change": -0.36822874693451857
    }
  ],
  "signals": [
    {
      "quarter": "2025-09 (Q3)",
      "signal": "YoY REVENUE GROWTH DECELERATION",
      "detail": "YoY growth: +5.6% vs prior quarter YoY: +46.4% (decel: -40.8%)",
      "severity": "WARNING"
    },
    {
      "quarter": "2025-09 (Q3)",
      "signal": "INCREMENTAL MARGIN (YoY)",
      "detail": "YoY Incr OPM: +76.1% vs year-ago OPM: +1.5%",
      "severity": "HIGH"
    },
    {
      "quarter": "2025-06 (Q2)",
      "signal": "FCF MARGIN EXPANSION",
      "detail": "FCF margin: +5.7% -> +22.5% (+16.8%)",
      "severity": "MEDIUM"
    },
    {
      "quarter": "2025-06 (Q2)",
      "signal": "YoY REVENUE GROWTH ACCELERATION",
      "detail": "YoY growth: +46.4% vs prior quarter YoY: -20.6% (accel: +67.0%)",
      "severity": "HIGH"
    },
    {
      "quarter": "2025-06 (Q2)",
      "signal": "OP MARGIN TURNED POSITIVE (YoY)",
      "detail": "Op margin: -1.1% (year-ago) -> +7.5%",
      "severity": "HIGH"
    },
    {
      "quarter": "2025-03 (Q1)",
      "signal": "OPERATING LEVERAGE",
      "detail": "Rev growth +19.9% vs OpEx growth +8.8% (leverage: 2.3x)",
      "severity": "MEDIUM"
    },
    {
      "quarter": "2025-03 (Q1)",
      "signal": "GROSS MARGIN INFLECTION",
      "detail": "GM: +18.1% -> +17.2% -> +20.8% (reversal +3.6%)",
      "severity": "MEDIUM"
    },
    {
      "quarter": "2025-03 (Q1)",
      "signal": "YoY REVENUE GROWTH ACCELERATION",
      "detail": "YoY growth: -20.6% vs prior quarter YoY: -36.3% (accel: +15.7%)",
      "severity": "HIGH"
    },
    {
      "quarter": "2024-12 (Q4)",
      "signal": "FCF MARGIN EXPANSION",
      "detail": "FCF margin: +0.3% -> +6.4% (+6.1%)",
      "severity": "MEDIUM"
    },
    {
      "quarter": "2024-12 (Q4)",
      "signal": "INCREMENTAL MARGIN (YoY)",
      "detail": "YoY Incr OPM: +18.9% vs year-ago OPM: +7.1%",
      "severity": "MEDIUM"
    },
    {
      "quarter": "2024-09 (Q3)",
      "signal": "FCF TURNED POSITIVE",
      "detail": "FCF margin: -22.8% -> +0.3%",
      "severity": "HIGH"
    },
    {
      "quarter": "2024-09 (Q3)",
      "signal": "GROSS MARGIN INFLECTION",
      "detail": "GM: +19.2% -> +15.8% -> +18.1% (reversal +2.2%)",
      "severity": "MEDIUM"
    },
    {
      "quarter": "2024-09 (Q3)",
      "signal": "YoY REVENUE GROWTH ACCELERATION",
      "detail": "YoY growth: -37.3% vs prior quarter YoY: -67.4% (accel: +30.1%)",
      "severity": "HIGH"
    },
    {
      "quarter": "2024-09 (Q3)",
      "signal": "INCREMENTAL MARGIN (YoY)",
      "detail": "YoY Incr OPM: +19.4% vs year-ago OPM: +8.2%",
      "severity": "MEDIUM"
    },
    {
      "quarter": "2024-09 (Q3)",
      "signal": "OP MARGIN TURNED POSITIVE (QoQ)",
      "detail": "Op margin: -1.1% -> +1.5%",
      "severity": "HIGH"
    },
    {
      "quarter": "2024-06 (Q2)",
      "signal": "YoY REVENUE GROWTH DECELERATION",
      "detail": "YoY growth: -67.4% vs prior quarter YoY: -42.6% (decel: -24.8%)",
      "severity": "WARNING"
    },
    {
      "quarter": "2024-03 (Q1)",
      "signal": "YoY REVENUE GROWTH DECELERATION",
      "detail": "YoY growth: -42.6% vs prior quarter YoY: -37.5% (decel: -5.1%)",
      "severity": "WARNING"
    },
    {
      "quarter": "2024-03 (Q1)",
      "signal": "INCREMENTAL MARGIN (YoY)",
      "detail": "YoY Incr OPM: +35.2% vs year-ago OPM: +17.4%",
      "severity": "MEDIUM"
    },
    {
      "quarter": "2023-12 (Q4)",
      "signal": "FCF TURNED POSITIVE",
      "detail": "FCF margin: -11.7% -> +26.2%",
      "severity": "HIGH"
    },
    {
      "quarter": "2023-12 (Q4)",
      "signal": "INCREMENTAL MARGIN (YoY)",
      "detail": "YoY Incr OPM: +32.6% vs year-ago OPM: +16.6%",
      "severity": "MEDIUM"
    },
    {
      "quarter": "2023-10 (Q4)",
      "signal": "YoY REVENUE GROWTH DECELERATION",
      "detail": "YoY growth: -38.5% vs prior quarter YoY: -15.5% (decel: -23.0%)",
      "severity": "WARNING"
    },
    {
      "quarter": "2023-10 (Q4)",
      "signal": "INCREMENTAL MARGIN (YoY)",
      "detail": "YoY Incr OPM: +36.2% vs year-ago OPM: +19.0%",
      "severity": "MEDIUM"
    },
    {
      "quarter": "2023-06 (Q2)",
      "signal": "YoY REVENUE GROWTH DECELERATION",
      "detail": "YoY growth: -15.5% vs prior quarter YoY: -1.5% (decel: -14.0%)",
      "severity": "WARNING"
    },
    {
      "quarter": "2023-06 (Q2)",
      "signal": "INCREMENTAL MARGIN (YoY)",
      "detail": "YoY Incr OPM: +50.2% vs year-ago OPM: +22.6%",
      "severity": "HIGH"
    },
    {
      "quarter": "2023-01 (Q1)",
      "signal": "FCF MARGIN EXPANSION",
      "detail": "FCF margin: +7.4% -> +33.6% (+26.2%)",
      "severity": "MEDIUM"
    },
    {
      "quarter": "2023-01 (Q1)",
      "signal": "YoY REVENUE GROWTH DECELERATION",
      "detail": "YoY growth: -0.2% vs prior quarter YoY: +17.7% (decel: -17.9%)",
      "severity": "WARNING"
    },
    {
      "quarter": "2022-10 (Q4)",
      "signal": "YoY REVENUE GROWTH DECELERATION",
      "detail": "YoY growth: +17.7% vs prior quarter YoY: +26.8% (decel: -9.1%)",
      "severity": "WARNING"
    },
    {
      "quarter": "2022-10 (Q4)",
      "signal": "INCREMENTAL MARGIN (YoY)",
      "detail": "YoY Incr OPM: +71.3% vs year-ago OPM: +9.8%",
      "severity": "HIGH"
    },
    {
      "quarter": "2022-06 (Q2)",
      "signal": "FCF MARGIN EXPANSION",
      "detail": "FCF margin: +11.8% -> +17.1% (+5.3%)",
      "severity": "MEDIUM"
    },
    {
      "quarter": "2022-06 (Q2)",
      "signal": "YoY REVENUE GROWTH ACCELERATION",
      "detail": "YoY growth: +26.8% vs prior quarter YoY: +14.5% (accel: +12.3%)",
      "severity": "MEDIUM"
    },
    {
      "quarter": "2022-06 (Q2)",
      "signal": "INCREMENTAL MARGIN (YoY)",
      "detail": "YoY Incr OPM: +51.7% vs year-ago OPM: +14.8%",
      "severity": "HIGH"
    },
    {
      "quarter": "2022-04 (Q2)",
      "signal": "YoY REVENUE GROWTH DECELERATION",
      "detail": "YoY growth: +14.5% vs prior quarter YoY: +34.4% (decel: -19.8%)",
      "severity": "WARNING"
    },
    {
      "quarter": "2022-01 (Q1)",
      "signal": "FCF TURNED POSITIVE",
      "detail": "FCF margin: -11.2% -> +14.7%",
      "severity": "HIGH"
    },
    {
      "quarter": "2021-04 (Q2)",
      "signal": "FCF MARGIN EXPANSION",
      "detail": "FCF margin: +4.9% -> +13.1% (+8.2%)",
      "severity": "MEDIUM"
    }
  ],
  "data_quality": {
    "n_quarters": 20,
    "coverage": {
      "revenue": [
        20,
        20
      ],
      "gross_profit": [
        20,
        20
      ],
      "op_income": [
        20,
        20
      ],
      "fcf": [
        20,
        20
      ]
    },
    "gaps": [],
    "warnings": []
  },
  "market_cap": null,
  "source": "SEC EDGAR",
  "last_updated": "2026-02-02T22:40:22.240644",
  "sector": "Consumer Cyclical",
  "industry": "Recreational Vehicles"
}