{
  "ticker": "MCHPP",
  "name": "MICROCHIP TECHNOLOGY INCORPORATED",
  "quarters": [
    {
      "date": "2020-12-31T00:00:00",
      "quarter_label": "2020-12 (Q4)",
      "revenue": 1352100000,
      "gross_profit": 845800000,
      "operating_income": 245600000,
      "net_income": 36200000,
      "opex": 600200000,
      "cogs": 506300000,
      "rd": 210100000,
      "sga": 154200000,
      "fcf": 488300000,
      "ocf": 509700000,
      "capex": -21400000,
      "gross_margin": 0.6255454478219067,
      "op_margin": 0.1816433695732564,
      "fcf_margin": 0.36114192737223577
    },
    {
      "date": "2021-03-31T00:00:00",
      "quarter_label": "2021-03 (Q1)",
      "revenue": 1467100000,
      "gross_profit": 926800000,
      "operating_income": 308000000,
      "net_income": 116000000,
      "opex": 618800000,
      "cogs": 540300000,
      "rd": 228500000,
      "sga": 165100000,
      "fcf": 393800000,
      "ocf": 449200000,
      "capex": -55400000,
      "gross_margin": 0.6317224456410606,
      "op_margin": 0.20993797287165156,
      "fcf_margin": 0.26842069388589734,
      "op_leverage_ratio": 2.7445558601395046,
      "fcf_margin_change": -0.09272123348633843
    },
    {
      "date": "2021-06-30T00:00:00",
      "quarter_label": "2021-06 (Q2)",
      "revenue": 1569400000,
      "gross_profit": 1007600000,
      "operating_income": 368800000,
      "net_income": 252800000,
      "opex": 638800000,
      "cogs": 561800000,
      "rd": 238400000,
      "sga": 174300000,
      "fcf": 543600000,
      "ocf": 629900000,
      "capex": -86300000,
      "gross_margin": 0.6420288008155983,
      "op_margin": 0.23499426532432777,
      "fcf_margin": 0.3463744106027781,
      "op_leverage_ratio": 2.157427578215527,
      "fcf_margin_change": 0.07795371671688078
    },
    {
      "date": "2021-09-30T00:00:00",
      "quarter_label": "2021-09 (Q3)",
      "revenue": 1649800000,
      "gross_profit": 1068300000,
      "operating_income": 416300000,
      "net_income": 242000000,
      "opex": 652000000,
      "cogs": 581500000,
      "rd": 246200000,
      "sga": 179900000,
      "fcf": 533200000,
      "ocf": 611700000,
      "capex": -78500000,
      "gross_margin": 0.6475330343071888,
      "op_margin": 0.25233361619590255,
      "fcf_margin": 0.32319068978057947,
      "op_leverage_ratio": 2.4792103525377387,
      "fcf_margin_change": -0.02318372082219866
    },
    {
      "date": "2021-12-31T00:00:00",
      "quarter_label": "2021-12 (Q4)",
      "revenue": 1757500000,
      "gross_profit": 1153300000,
      "operating_income": 515000000,
      "net_income": 352800000,
      "opex": 638300000,
      "cogs": 604200000,
      "rd": 245400000,
      "sga": 177500000,
      "fcf": 762700000,
      "ocf": 853400000,
      "capex": -90700000,
      "gross_margin": 0.6562162162162162,
      "op_margin": 0.2930298719772404,
      "fcf_margin": 0.43396870554765293,
      "incr_op_margin_yoy": 0.6645288603848051,
      "rev_growth_yoy": 0.2998298942385918,
      "op_leverage_ratio": Infinity,
      "fcf_margin_change": 0.11077801576707347
    },
    {
      "date": "2022-03-31T00:00:00",
      "quarter_label": "2022-03 (Q1)",
      "revenue": 1844200000,
      "gross_profit": 1220400000,
      "operating_income": 549500000,
      "net_income": 437900000,
      "opex": 670900000,
      "cogs": 623800000,
      "rd": 259100000,
      "sga": 187200000,
      "fcf": 633100000,
      "ocf": 747700000,
      "capex": -114600000,
      "gross_margin": 0.6617503524563496,
      "op_margin": 0.2979611755774862,
      "fcf_margin": 0.3432924845461447,
      "incr_op_margin_yoy": 0.6404136833731106,
      "rev_growth_yoy": 0.2570376934087656,
      "rev_growth_yoy_accel": -0.04279220082982621,
      "op_leverage_ratio": 0.965897424709178,
      "fcf_margin_change": -0.09067622100150824
    },
    {
      "date": "2022-06-30T00:00:00",
      "quarter_label": "2022-06 (Q2)",
      "revenue": 1963600000,
      "gross_profit": 1309900000,
      "operating_income": 701300000,
      "net_income": 507200000,
      "opex": 608600000,
      "cogs": 653700000,
      "rd": 269000000,
      "sga": 188900000,
      "fcf": 718500000,
      "ocf": 840400000,
      "capex": -121900000,
      "gross_margin": 0.6670910572418007,
      "op_margin": 0.35715013240985943,
      "fcf_margin": 0.3659095538806274,
      "incr_op_margin_yoy": 0.843480466768138,
      "rev_growth_yoy": 0.2511787944437365,
      "rev_growth_yoy_accel": -0.0058588989650291134,
      "op_leverage_ratio": Infinity,
      "fcf_margin_change": 0.02261706933448271
    },
    {
      "date": "2022-09-30T00:00:00",
      "quarter_label": "2022-09 (Q3)",
      "revenue": 2073200000,
      "gross_profit": 1397900000,
      "operating_income": 755100000,
      "net_income": 546200000,
      "opex": 642800000,
      "cogs": 675300000,
      "rd": 268600000,
      "sga": 202400000,
      "fcf": 682900000,
      "ocf": 793200000,
      "capex": -110300000,
      "gross_margin": 0.6742716573413081,
      "op_margin": 0.36421956395909705,
      "fcf_margin": 0.32939417325873044,
      "incr_op_margin_yoy": 0.8001889466225791,
      "rev_growth_yoy": 0.25663716814159293,
      "rev_growth_yoy_accel": 0.005458373697856456,
      "op_leverage_ratio": 0.9932609754848178,
      "fcf_margin_change": -0.036515380621896965
    },
    {
      "date": "2022-12-31T00:00:00",
      "quarter_label": "2022-12 (Q4)",
      "revenue": 2169200000,
      "gross_profit": 1470800000,
      "operating_income": 811600000,
      "net_income": 580300000,
      "opex": 659200000,
      "cogs": 698400000,
      "rd": 282400000,
      "sga": 202900000,
      "fcf": 1136600000,
      "ocf": 1277900000,
      "capex": -141300000,
      "gross_margin": 0.6780379863544164,
      "op_margin": 0.3741471510234188,
      "fcf_margin": 0.5239719712336345,
      "incr_op_margin_yoy": 0.7204274957493321,
      "rev_growth_yoy": 0.23425320056899004,
      "rev_growth_yoy_accel": -0.022383967572602886,
      "op_leverage_ratio": 1.8149390832129428,
      "fcf_margin_change": 0.19457779797490404
    },
    {
      "date": "2023-03-31T00:00:00",
      "quarter_label": "2023-03 (Q1)",
      "revenue": 2232700000,
      "gross_profit": 1519300000,
      "operating_income": 848000000,
      "net_income": 604000000,
      "opex": 671300000,
      "cogs": 713400000,
      "rd": 298300000,
      "sga": 203500000,
      "fcf": 596800000,
      "ocf": 709500000,
      "capex": -112700000,
      "gross_margin": 0.6804765530523581,
      "op_margin": 0.3798091996237739,
      "fcf_margin": 0.26729968199937293,
      "incr_op_margin_yoy": 0.7683397683397684,
      "rev_growth_yoy": 0.2106604489751654,
      "rev_growth_yoy_accel": -0.02359275159382465,
      "op_leverage_ratio": 1.5947990118610205,
      "fcf_margin_change": -0.25667228923426155
    },
    {
      "date": "2023-06-30T00:00:00",
      "quarter_label": "2023-06 (Q2)",
      "revenue": 2288600000,
      "gross_profit": 1558400000,
      "operating_income": 903100000,
      "net_income": 666400000,
      "opex": 655300000,
      "cogs": 730200000,
      "rd": 298500000,
      "sga": 203600000,
      "fcf": 882100000,
      "ocf": 993200000,
      "capex": -111100000,
      "gross_margin": 0.6809403128550205,
      "op_margin": 0.3946080573276239,
      "fcf_margin": 0.385432141920825,
      "incr_op_margin_yoy": 0.6209230769230769,
      "rev_growth_yoy": 0.1655123243023019,
      "rev_growth_yoy_accel": -0.0451481246728635,
      "op_leverage_ratio": Infinity,
      "fcf_margin_change": 0.11813245992145205
    },
    {
      "date": "2023-09-30T00:00:00",
      "quarter_label": "2023-09 (Q3)",
      "revenue": 2254300000,
      "gross_profit": 1527400000,
      "operating_income": 885000000,
      "net_income": 666600000,
      "opex": 642400000,
      "cogs": 726900000,
      "rd": 292600000,
      "sga": 196600000,
      "fcf": 541800000,
      "ocf": 616200000,
      "capex": -74400000,
      "gross_margin": 0.677549571929202,
      "op_margin": 0.39258306347868516,
      "fcf_margin": 0.24034068225169675,
      "incr_op_margin_yoy": 0.7172832689122032,
      "rev_growth_yoy": 0.08735288442986687,
      "rev_growth_yoy_accel": -0.07815943987243502,
      "fcf_margin_change": -0.14509145966912823
    },
    {
      "date": "2023-12-31T00:00:00",
      "quarter_label": "2023-12 (Q4)",
      "revenue": 1765700000,
      "gross_profit": 1120000000,
      "operating_income": 529400000,
      "net_income": 419200000,
      "opex": 590600000,
      "cogs": 645700000,
      "rd": 266000000,
      "sga": 172200000,
      "fcf": 793800000,
      "ocf": 853300000,
      "capex": -59500000,
      "gross_margin": 0.6343093390723226,
      "op_margin": 0.2998244322365068,
      "fcf_margin": 0.44956674406750863,
      "incr_op_margin_yoy": 0.6993804213135069,
      "rev_growth_yoy": -0.18601327678406787,
      "rev_growth_yoy_accel": -0.27336616121393476,
      "fcf_margin_change": 0.20922606181581188
    },
    {
      "date": "2024-03-31T00:00:00",
      "quarter_label": "2024-03 (Q1)",
      "revenue": 1325800000,
      "gross_profit": 789900000,
      "operating_income": 253500000,
      "net_income": 154700000,
      "opex": 536400000,
      "cogs": 535900000,
      "rd": 240300000,
      "sga": 161800000,
      "fcf": 389900000,
      "ocf": 430000000,
      "capex": -40100000,
      "gross_margin": 0.595791220395233,
      "op_margin": 0.19120531000150853,
      "fcf_margin": 0.29408658922914466,
      "incr_op_margin_yoy": 0.6555298268827875,
      "rev_growth_yoy": -0.40618981502217044,
      "rev_growth_yoy_accel": -0.22017653823810257,
      "fcf_margin_change": -0.15548015483836397
    },
    {
      "date": "2024-06-30T00:00:00",
      "quarter_label": "2024-06 (Q2)",
      "revenue": 1241300000,
      "gross_profit": 736900000,
      "operating_income": 219100000,
      "net_income": 129300000,
      "opex": 517800000,
      "cogs": 504400000,
      "rd": 241700000,
      "sga": 150500000,
      "fcf": 304200000,
      "ocf": 377100000,
      "capex": -72900000,
      "gross_margin": 0.5936518166438411,
      "op_margin": 0.17650849915411262,
      "fcf_margin": 0.2450656569725288,
      "incr_op_margin_yoy": 0.6531079919793755,
      "rev_growth_yoy": -0.4576160097876431,
      "rev_growth_yoy_accel": -0.051426194765472666,
      "fcf_margin_change": -0.04902093225661586
    },
    {
      "date": "2024-09-30T00:00:00",
      "quarter_label": "2024-09 (Q3)",
      "revenue": 1163800000,
      "gross_profit": 668500000,
      "operating_income": 146600000,
      "net_income": 78400000,
      "opex": 521900000,
      "cogs": 495300000,
      "rd": 240700000,
      "sga": 157000000,
      "fcf": 22800000,
      "ocf": 43600000,
      "capex": -20800000,
      "gross_margin": 0.5744114108953429,
      "op_margin": 0.12596666093830555,
      "fcf_margin": 0.01959099501632583,
      "incr_op_margin_yoy": 0.6771205868867491,
      "rev_growth_yoy": -0.4837421816084816,
      "rev_growth_yoy_accel": -0.026126171820838484,
      "fcf_margin_change": -0.22547466195620297
    },
    {
      "date": "2024-12-31T00:00:00",
      "quarter_label": "2024-12 (Q4)",
      "revenue": 1026000000,
      "gross_profit": 561400000,
      "operating_income": 30900000,
      "net_income": -53600000,
      "opex": 530500000,
      "cogs": 464600000,
      "rd": 246200000,
      "sga": 158200000,
      "fcf": 253400000,
      "ocf": 271500000,
      "capex": -18100000,
      "gross_margin": 0.5471734892787524,
      "op_margin": 0.030116959064327486,
      "fcf_margin": 0.2469785575048733,
      "incr_op_margin_yoy": 0.6739218602136001,
      "rev_growth_yoy": -0.41892733759981876,
      "rev_growth_yoy_accel": 0.06481484400866283,
      "fcf_margin_change": 0.22738756248854747
    },
    {
      "date": "2025-03-31T00:00:00",
      "quarter_label": "2025-03 (Q1)",
      "revenue": 970500000,
      "gross_profit": 501100000,
      "operating_income": -100300000,
      "net_income": -154600000,
      "opex": 601400000,
      "cogs": 469400000,
      "rd": 255200000,
      "sga": 152000000,
      "fcf": 191700000,
      "ocf": 205900000,
      "capex": -14200000,
      "gross_margin": 0.5163317877382793,
      "op_margin": -0.1033487892838743,
      "fcf_margin": 0.1975270479134467,
      "incr_op_margin_yoy": 0.995778215592457,
      "rev_growth_yoy": -0.267989138633278,
      "rev_growth_yoy_accel": 0.15093819896654076,
      "fcf_margin_change": -0.04945150959142661
    },
    {
      "date": "2025-06-30T00:00:00",
      "quarter_label": "2025-06 (Q2)",
      "revenue": 1075500000,
      "gross_profit": 576700000,
      "operating_income": 32100000,
      "net_income": -18600000,
      "opex": 544600000,
      "cogs": 498800000,
      "rd": 255500000,
      "sga": 159300000,
      "fcf": 257700000,
      "ocf": 275600000,
      "capex": -17900000,
      "gross_margin": 0.5362157136215714,
      "op_margin": 0.0298465829846583,
      "fcf_margin": 0.2396094839609484,
      "incr_op_margin_yoy": 1.1278648974668275,
      "rev_growth_yoy": -0.133569644727302,
      "rev_growth_yoy_accel": 0.134419493905976,
      "op_leverage_ratio": Infinity,
      "fcf_margin_change": 0.0420824360475017
    },
    {
      "date": "2025-09-30T00:00:00",
      "quarter_label": "2025-09 (Q3)",
      "revenue": 1140400000,
      "gross_profit": 637900000,
      "operating_income": 88900000,
      "net_income": 41700000,
      "opex": 549000000,
      "cogs": 502500000,
      "rd": 262300000,
      "sga": 172300000,
      "fcf": 51600000,
      "ocf": 88100000,
      "capex": -36500000,
      "gross_margin": 0.5593651350403367,
      "op_margin": 0.0779551034724658,
      "fcf_margin": 0.045247281655559454,
      "incr_op_margin_yoy": 2.465811965811966,
      "rev_growth_yoy": -0.020106547516755457,
      "rev_growth_yoy_accel": 0.11346309721054655,
      "op_leverage_ratio": 7.468944676894466,
      "fcf_margin_change": -0.19436220230538892
    }
  ],
  "signals": [
    {
      "quarter": "2025-09 (Q3)",
      "signal": "OPERATING LEVERAGE",
      "detail": "Rev growth +6.0% vs OpEx growth +0.8% (leverage: 7.5x)",
      "severity": "MEDIUM"
    },
    {
      "quarter": "2025-09 (Q3)",
      "signal": "YoY REVENUE GROWTH ACCELERATION",
      "detail": "YoY growth: -2.0% vs prior quarter YoY: -13.4% (accel: +11.3%)",
      "severity": "MEDIUM"
    },
    {
      "quarter": "2025-09 (Q3)",
      "signal": "INCREMENTAL MARGIN (YoY)",
      "detail": "YoY Incr OPM: +246.6% vs year-ago OPM: +12.6%",
      "severity": "HIGH"
    },
    {
      "quarter": "2025-06 (Q2)",
      "signal": "YoY REVENUE GROWTH ACCELERATION",
      "detail": "YoY growth: -13.4% vs prior quarter YoY: -26.8% (accel: +13.4%)",
      "severity": "MEDIUM"
    },
    {
      "quarter": "2025-06 (Q2)",
      "signal": "INCREMENTAL MARGIN (YoY)",
      "detail": "YoY Incr OPM: +112.8% vs year-ago OPM: +17.7%",
      "severity": "HIGH"
    },
    {
      "quarter": "2025-06 (Q2)",
      "signal": "OP MARGIN TURNED POSITIVE (QoQ)",
      "detail": "Op margin: -10.3% -> +3.0%",
      "severity": "HIGH"
    },
    {
      "quarter": "2025-03 (Q1)",
      "signal": "YoY REVENUE GROWTH ACCELERATION",
      "detail": "YoY growth: -26.8% vs prior quarter YoY: -41.9% (accel: +15.1%)",
      "severity": "HIGH"
    },
    {
      "quarter": "2024-12 (Q4)",
      "signal": "FCF MARGIN EXPANSION",
      "detail": "FCF margin: +2.0% -> +24.7% (+22.7%)",
      "severity": "MEDIUM"
    },
    {
      "quarter": "2024-12 (Q4)",
      "signal": "YoY REVENUE GROWTH ACCELERATION",
      "detail": "YoY growth: -41.9% vs prior quarter YoY: -48.4% (accel: +6.5%)",
      "severity": "MEDIUM"
    },
    {
      "quarter": "2024-12 (Q4)",
      "signal": "INCREMENTAL MARGIN (YoY)",
      "detail": "YoY Incr OPM: +67.4% vs year-ago OPM: +30.0%",
      "severity": "HIGH"
    },
    {
      "quarter": "2024-09 (Q3)",
      "signal": "INCREMENTAL MARGIN (YoY)",
      "detail": "YoY Incr OPM: +67.7% vs year-ago OPM: +39.3%",
      "severity": "HIGH"
    },
    {
      "quarter": "2024-06 (Q2)",
      "signal": "YoY REVENUE GROWTH DECELERATION",
      "detail": "YoY growth: -45.8% vs prior quarter YoY: -40.6% (decel: -5.1%)",
      "severity": "WARNING"
    },
    {
      "quarter": "2024-06 (Q2)",
      "signal": "INCREMENTAL MARGIN (YoY)",
      "detail": "YoY Incr OPM: +65.3% vs year-ago OPM: +39.5%",
      "severity": "HIGH"
    },
    {
      "quarter": "2024-03 (Q1)",
      "signal": "YoY REVENUE GROWTH DECELERATION",
      "detail": "YoY growth: -40.6% vs prior quarter YoY: -18.6% (decel: -22.0%)",
      "severity": "WARNING"
    },
    {
      "quarter": "2024-03 (Q1)",
      "signal": "INCREMENTAL MARGIN (YoY)",
      "detail": "YoY Incr OPM: +65.6% vs year-ago OPM: +38.0%",
      "severity": "HIGH"
    },
    {
      "quarter": "2023-12 (Q4)",
      "signal": "FCF MARGIN EXPANSION",
      "detail": "FCF margin: +24.0% -> +45.0% (+20.9%)",
      "severity": "MEDIUM"
    },
    {
      "quarter": "2023-12 (Q4)",
      "signal": "YoY REVENUE GROWTH DECELERATION",
      "detail": "YoY growth: -18.6% vs prior quarter YoY: +8.7% (decel: -27.3%)",
      "severity": "WARNING"
    },
    {
      "quarter": "2023-12 (Q4)",
      "signal": "INCREMENTAL MARGIN (YoY)",
      "detail": "YoY Incr OPM: +69.9% vs year-ago OPM: +37.4%",
      "severity": "HIGH"
    },
    {
      "quarter": "2023-09 (Q3)",
      "signal": "YoY REVENUE GROWTH DECELERATION",
      "detail": "YoY growth: +8.7% vs prior quarter YoY: +16.6% (decel: -7.8%)",
      "severity": "WARNING"
    },
    {
      "quarter": "2023-09 (Q3)",
      "signal": "INCREMENTAL MARGIN (YoY)",
      "detail": "YoY Incr OPM: +71.7% vs year-ago OPM: +36.4%",
      "severity": "HIGH"
    },
    {
      "quarter": "2023-06 (Q2)",
      "signal": "FCF MARGIN EXPANSION",
      "detail": "FCF margin: +26.7% -> +38.5% (+11.8%)",
      "severity": "MEDIUM"
    },
    {
      "quarter": "2023-06 (Q2)",
      "signal": "INCREMENTAL MARGIN (YoY)",
      "detail": "YoY Incr OPM: +62.1% vs year-ago OPM: +35.7%",
      "severity": "HIGH"
    },
    {
      "quarter": "2023-03 (Q1)",
      "signal": "OPERATING LEVERAGE",
      "detail": "Rev growth +2.9% vs OpEx growth +1.8% (leverage: 1.6x)",
      "severity": "MEDIUM"
    },
    {
      "quarter": "2023-03 (Q1)",
      "signal": "INCREMENTAL MARGIN (YoY)",
      "detail": "YoY Incr OPM: +76.8% vs year-ago OPM: +29.8%",
      "severity": "HIGH"
    },
    {
      "quarter": "2022-12 (Q4)",
      "signal": "FCF MARGIN EXPANSION",
      "detail": "FCF margin: +32.9% -> +52.4% (+19.5%)",
      "severity": "MEDIUM"
    },
    {
      "quarter": "2022-12 (Q4)",
      "signal": "OPERATING LEVERAGE",
      "detail": "Rev growth +4.6% vs OpEx growth +2.6% (leverage: 1.8x)",
      "severity": "MEDIUM"
    },
    {
      "quarter": "2022-12 (Q4)",
      "signal": "INCREMENTAL MARGIN (YoY)",
      "detail": "YoY Incr OPM: +72.0% vs year-ago OPM: +29.3%",
      "severity": "HIGH"
    },
    {
      "quarter": "2022-09 (Q3)",
      "signal": "INCREMENTAL MARGIN (YoY)",
      "detail": "YoY Incr OPM: +80.0% vs year-ago OPM: +25.2%",
      "severity": "HIGH"
    },
    {
      "quarter": "2022-06 (Q2)",
      "signal": "INCREMENTAL MARGIN (YoY)",
      "detail": "YoY Incr OPM: +84.3% vs year-ago OPM: +23.5%",
      "severity": "HIGH"
    },
    {
      "quarter": "2022-03 (Q1)",
      "signal": "INCREMENTAL MARGIN (YoY)",
      "detail": "YoY Incr OPM: +64.0% vs year-ago OPM: +21.0%",
      "severity": "HIGH"
    },
    {
      "quarter": "2021-12 (Q4)",
      "signal": "FCF MARGIN EXPANSION",
      "detail": "FCF margin: +32.3% -> +43.4% (+11.1%)",
      "severity": "MEDIUM"
    },
    {
      "quarter": "2021-12 (Q4)",
      "signal": "INCREMENTAL MARGIN (YoY)",
      "detail": "YoY Incr OPM: +66.5% vs year-ago OPM: +18.2%",
      "severity": "HIGH"
    },
    {
      "quarter": "2021-09 (Q3)",
      "signal": "OPERATING LEVERAGE",
      "detail": "Rev growth +5.1% vs OpEx growth +2.1% (leverage: 2.5x)",
      "severity": "MEDIUM"
    },
    {
      "quarter": "2021-06 (Q2)",
      "signal": "FCF MARGIN EXPANSION",
      "detail": "FCF margin: +26.8% -> +34.6% (+7.8%)",
      "severity": "MEDIUM"
    },
    {
      "quarter": "2021-06 (Q2)",
      "signal": "OPERATING LEVERAGE",
      "detail": "Rev growth +7.0% vs OpEx growth +3.2% (leverage: 2.2x)",
      "severity": "MEDIUM"
    },
    {
      "quarter": "2021-03 (Q1)",
      "signal": "OPERATING LEVERAGE",
      "detail": "Rev growth +8.5% vs OpEx growth +3.1% (leverage: 2.7x)",
      "severity": "MEDIUM"
    }
  ],
  "data_quality": {
    "n_quarters": 20,
    "coverage": {
      "revenue": [
        20,
        20
      ],
      "gross_profit": [
        20,
        20
      ],
      "op_income": [
        20,
        20
      ],
      "fcf": [
        20,
        20
      ]
    },
    "gaps": [],
    "warnings": []
  },
  "market_cap": null,
  "source": "SEC EDGAR",
  "last_updated": "2026-02-03T01:07:32.288249"
}