{
  "ticker": "MCO",
  "name": "MOODY\u2019S CORPORATION",
  "quarters": [
    {
      "date": "2020-12-31T00:00:00",
      "quarter_label": "2020-12 (Q4)",
      "revenue": 1290000000,
      "gross_profit": 881000000,
      "operating_income": 444000000,
      "net_income": 314000000,
      "opex": 846000000,
      "cogs": 409000000,
      "rd": null,
      "sga": 350000000,
      "fcf": 638000000,
      "ocf": 658000000,
      "capex": -20000000,
      "gross_margin": 0.6829457364341085,
      "op_margin": 0.34418604651162793,
      "fcf_margin": 0.4945736434108527
    },
    {
      "date": "2021-03-31T00:00:00",
      "quarter_label": "2021-03 (Q1)",
      "revenue": 1600000000,
      "gross_profit": 1207000000,
      "operating_income": 853000000,
      "net_income": 736000000,
      "opex": 747000000,
      "cogs": 393000000,
      "rd": null,
      "sga": 293000000,
      "fcf": 662000000,
      "ocf": 676000000,
      "capex": -14000000,
      "gross_margin": 0.754375,
      "op_margin": 0.533125,
      "fcf_margin": 0.41375,
      "op_leverage_ratio": Infinity,
      "fcf_margin_change": -0.08082364341085269
    },
    {
      "date": "2021-06-30T00:00:00",
      "quarter_label": "2021-06 (Q2)",
      "revenue": 1553000000,
      "gross_profit": 1188000000,
      "operating_income": 801000000,
      "net_income": 577000000,
      "opex": 752000000,
      "cogs": 365000000,
      "rd": null,
      "sga": 327000000,
      "fcf": 564000000,
      "ocf": 594000000,
      "capex": -30000000,
      "gross_margin": 0.7649710238248552,
      "op_margin": 0.5157759175788796,
      "fcf_margin": 0.3631680618158403,
      "fcf_margin_change": -0.05058193818415968
    },
    {
      "date": "2021-09-30T00:00:00",
      "quarter_label": "2021-09 (Q3)",
      "revenue": 1526000000,
      "gross_profit": 1132000000,
      "operating_income": 676000000,
      "net_income": 474000000,
      "opex": 850000000,
      "cogs": 394000000,
      "rd": null,
      "sga": 395000000,
      "fcf": 403000000,
      "ocf": 436000000,
      "capex": -33000000,
      "gross_margin": 0.7418086500655308,
      "op_margin": 0.4429882044560944,
      "fcf_margin": 0.264089121887287,
      "fcf_margin_change": -0.09907893992855332
    },
    {
      "date": "2021-12-31T00:00:00",
      "quarter_label": "2021-12 (Q4)",
      "revenue": 1539000000,
      "gross_profit": 1054000000,
      "operating_income": 514000000,
      "net_income": 427000000,
      "opex": 1025000000,
      "cogs": 485000000,
      "rd": null,
      "sga": 465000000,
      "fcf": 237000000,
      "ocf": 299000000,
      "capex": -62000000,
      "gross_margin": 0.6848602988953866,
      "op_margin": 0.33398310591293046,
      "fcf_margin": 0.1539961013645224,
      "incr_op_margin_yoy": 0.28112449799196787,
      "rev_growth_yoy": 0.1930232558139535,
      "fcf_margin_change": -0.1100930205227646
    },
    {
      "date": "2022-03-31T00:00:00",
      "quarter_label": "2022-03 (Q1)",
      "revenue": 1522000000,
      "gross_profit": 1105000000,
      "operating_income": 656000000,
      "net_income": 498000000,
      "opex": 866000000,
      "cogs": 417000000,
      "rd": null,
      "sga": 371000000,
      "fcf": 411000000,
      "ocf": 470000000,
      "capex": -59000000,
      "gross_margin": 0.7260183968462549,
      "op_margin": 0.43101182654402104,
      "fcf_margin": 0.2700394218134034,
      "incr_op_margin_yoy": 2.5256410256410255,
      "rev_growth_yoy": -0.04875,
      "rev_growth_yoy_accel": -0.24177325581395348,
      "fcf_margin_change": 0.116043320448881
    },
    {
      "date": "2022-06-30T00:00:00",
      "quarter_label": "2022-06 (Q2)",
      "revenue": 1381000000,
      "gross_profit": 988000000,
      "operating_income": 508000000,
      "net_income": 327000000,
      "opex": 873000000,
      "cogs": 393000000,
      "rd": null,
      "sga": 368000000,
      "fcf": 217000000,
      "ocf": 291000000,
      "capex": -74000000,
      "gross_margin": 0.7154236060825488,
      "op_margin": 0.36784938450398263,
      "fcf_margin": 0.15713251267197684,
      "incr_op_margin_yoy": 1.7034883720930232,
      "rev_growth_yoy": -0.1107533805537669,
      "rev_growth_yoy_accel": -0.062003380553766904,
      "fcf_margin_change": -0.11290690914142656
    },
    {
      "date": "2022-09-30T00:00:00",
      "quarter_label": "2022-09 (Q3)",
      "revenue": 1275000000,
      "gross_profit": 882000000,
      "operating_income": 413000000,
      "net_income": 303000000,
      "opex": 862000000,
      "cogs": 393000000,
      "rd": null,
      "sga": 385000000,
      "fcf": 265000000,
      "ocf": 336000000,
      "capex": -71000000,
      "gross_margin": 0.691764705882353,
      "op_margin": 0.323921568627451,
      "fcf_margin": 0.20784313725490197,
      "incr_op_margin_yoy": 1.047808764940239,
      "rev_growth_yoy": -0.16448230668414154,
      "rev_growth_yoy_accel": -0.05372892613037464,
      "fcf_margin_change": 0.050710624582925135
    },
    {
      "date": "2022-12-31T00:00:00",
      "quarter_label": "2022-12 (Q4)",
      "revenue": 1290000000,
      "gross_profit": 880000000,
      "operating_income": 306000000,
      "net_income": 246000000,
      "opex": 984000000,
      "cogs": 410000000,
      "rd": null,
      "sga": 403000000,
      "fcf": 298000000,
      "ocf": 377000000,
      "capex": -79000000,
      "gross_margin": 0.6821705426356589,
      "op_margin": 0.2372093023255814,
      "fcf_margin": 0.2310077519379845,
      "incr_op_margin_yoy": 0.8353413654618473,
      "rev_growth_yoy": -0.1617933723196881,
      "rev_growth_yoy_accel": 0.0026889343644534436,
      "op_leverage_ratio": 0.08312439729990356,
      "fcf_margin_change": 0.023164614683082535
    },
    {
      "date": "2023-03-31T00:00:00",
      "quarter_label": "2023-03 (Q1)",
      "revenue": 1470000000,
      "gross_profit": 1042000000,
      "operating_income": 554000000,
      "net_income": 501000000,
      "opex": 916000000,
      "cogs": 428000000,
      "rd": null,
      "sga": 386000000,
      "fcf": 535000000,
      "ocf": 608000000,
      "capex": -73000000,
      "gross_margin": 0.708843537414966,
      "op_margin": 0.3768707482993197,
      "fcf_margin": 0.36394557823129253,
      "incr_op_margin_yoy": 1.9615384615384615,
      "rev_growth_yoy": -0.03416557161629435,
      "rev_growth_yoy_accel": 0.12762780070339375,
      "op_leverage_ratio": Infinity,
      "fcf_margin_change": 0.13293782629330803
    },
    {
      "date": "2023-06-30T00:00:00",
      "quarter_label": "2023-06 (Q2)",
      "revenue": 1494000000,
      "gross_profit": 1068000000,
      "operating_income": 550000000,
      "net_income": 377000000,
      "opex": 944000000,
      "cogs": 426000000,
      "rd": null,
      "sga": 415000000,
      "fcf": 550000000,
      "ocf": 604000000,
      "capex": -54000000,
      "gross_margin": 0.714859437751004,
      "op_margin": 0.36813922356091033,
      "fcf_margin": 0.36813922356091033,
      "incr_op_margin_yoy": 0.37168141592920356,
      "rev_growth_yoy": 0.08182476466328747,
      "rev_growth_yoy_accel": 0.11599033627958183,
      "op_leverage_ratio": 0.5341107871720118,
      "fcf_margin_change": 0.004193645329617801
    },
    {
      "date": "2023-09-30T00:00:00",
      "quarter_label": "2023-09 (Q3)",
      "revenue": 1472000000,
      "gross_profit": 1060000000,
      "operating_income": 535000000,
      "net_income": 389000000,
      "opex": 937000000,
      "cogs": 412000000,
      "rd": null,
      "sga": 403000000,
      "fcf": 391000000,
      "ocf": 462000000,
      "capex": -71000000,
      "gross_margin": 0.720108695652174,
      "op_margin": 0.36345108695652173,
      "fcf_margin": 0.265625,
      "incr_op_margin_yoy": 0.6192893401015228,
      "rev_growth_yoy": 0.15450980392156863,
      "rev_growth_yoy_accel": 0.07268503925828115,
      "fcf_margin_change": -0.10251422356091033
    },
    {
      "date": "2023-12-31T00:00:00",
      "quarter_label": "2023-12 (Q4)",
      "revenue": 1480000000,
      "gross_profit": 1059000000,
      "operating_income": 498000000,
      "net_income": 340000000,
      "opex": 982000000,
      "cogs": 421000000,
      "rd": null,
      "sga": 428000000,
      "fcf": 404000000,
      "ocf": 477000000,
      "capex": -73000000,
      "gross_margin": 0.7155405405405405,
      "op_margin": 0.3364864864864865,
      "fcf_margin": 0.27297297297297296,
      "incr_op_margin_yoy": 1.0105263157894737,
      "rev_growth_yoy": 0.14728682170542637,
      "rev_growth_yoy_accel": -0.00722298221614226,
      "fcf_margin_change": 0.00734797297297296
    },
    {
      "date": "2024-03-31T00:00:00",
      "quarter_label": "2024-03 (Q1)",
      "revenue": 1786000000,
      "gross_profit": 1319000000,
      "operating_income": 801000000,
      "net_income": 577000000,
      "opex": 985000000,
      "cogs": 467000000,
      "rd": null,
      "sga": 413000000,
      "fcf": 697000000,
      "ocf": 775000000,
      "capex": -78000000,
      "gross_margin": 0.738521836506159,
      "op_margin": 0.448488241881299,
      "fcf_margin": 0.3902575587905935,
      "incr_op_margin_yoy": 0.7816455696202531,
      "rev_growth_yoy": 0.21496598639455783,
      "rev_growth_yoy_accel": 0.06767916468913146,
      "op_leverage_ratio": 67.67837837837838,
      "fcf_margin_change": 0.11728458581762052
    },
    {
      "date": "2024-06-30T00:00:00",
      "quarter_label": "2024-06 (Q2)",
      "revenue": 1817000000,
      "gross_profit": 1348000000,
      "operating_income": 775000000,
      "net_income": 552000000,
      "opex": 1042000000,
      "cogs": 469000000,
      "rd": null,
      "sga": 446000000,
      "fcf": 593000000,
      "ocf": 686000000,
      "capex": -93000000,
      "gross_margin": 0.7418822234452394,
      "op_margin": 0.42652724270776005,
      "fcf_margin": 0.3263621353880022,
      "incr_op_margin_yoy": 0.6965944272445821,
      "rev_growth_yoy": 0.21619812583668005,
      "rev_growth_yoy_accel": 0.001232139442122221,
      "op_leverage_ratio": 0.29994499125753915,
      "fcf_margin_change": -0.0638954234025913
    },
    {
      "date": "2024-09-30T00:00:00",
      "quarter_label": "2024-09 (Q3)",
      "revenue": 1813000000,
      "gross_profit": 1301000000,
      "operating_income": 738000000,
      "net_income": 534000000,
      "opex": 1075000000,
      "cogs": 512000000,
      "rd": null,
      "sga": 434000000,
      "fcf": 631000000,
      "ocf": 703000000,
      "capex": -72000000,
      "gross_margin": 0.7175951461665747,
      "op_margin": 0.40706012134583563,
      "fcf_margin": 0.3480419194704909,
      "incr_op_margin_yoy": 0.5953079178885631,
      "rev_growth_yoy": 0.23165760869565216,
      "rev_growth_yoy_accel": 0.015459482858972112,
      "fcf_margin_change": 0.021679784082488718
    },
    {
      "date": "2024-12-31T00:00:00",
      "quarter_label": "2024-12 (Q4)",
      "revenue": 1672000000,
      "gross_profit": 1175000000,
      "operating_income": 561000000,
      "net_income": 395000000,
      "opex": 1111000000,
      "cogs": 497000000,
      "rd": null,
      "sga": 442000000,
      "fcf": 600000000,
      "ocf": 674000000,
      "capex": -74000000,
      "gross_margin": 0.7027511961722488,
      "op_margin": 0.3355263157894737,
      "fcf_margin": 0.3588516746411483,
      "incr_op_margin_yoy": 0.328125,
      "rev_growth_yoy": 0.12972972972972974,
      "rev_growth_yoy_accel": -0.10192787896592242,
      "fcf_margin_change": 0.010809755170657409
    },
    {
      "date": "2025-03-31T00:00:00",
      "quarter_label": "2025-03 (Q1)",
      "revenue": 1924000000,
      "gross_profit": 1433000000,
      "operating_income": 846000000,
      "net_income": 625000000,
      "opex": 1078000000,
      "cogs": 491000000,
      "rd": null,
      "sga": 439000000,
      "fcf": 672000000,
      "ocf": 757000000,
      "capex": -85000000,
      "gross_margin": 0.7448024948024948,
      "op_margin": 0.4397089397089397,
      "fcf_margin": 0.3492723492723493,
      "incr_op_margin_yoy": 0.32608695652173914,
      "rev_growth_yoy": 0.07726763717805152,
      "rev_growth_yoy_accel": -0.05246209255167822,
      "op_leverage_ratio": Infinity,
      "fcf_margin_change": -0.009579325368799019
    },
    {
      "date": "2025-06-30T00:00:00",
      "quarter_label": "2025-06 (Q2)",
      "revenue": 1898000000,
      "gross_profit": 1409000000,
      "operating_income": 818000000,
      "net_income": 578000000,
      "opex": 1080000000,
      "cogs": 489000000,
      "rd": null,
      "sga": 443000000,
      "fcf": 468000000,
      "ocf": 543000000,
      "capex": -75000000,
      "gross_margin": 0.7423603793466808,
      "op_margin": 0.4309799789251844,
      "fcf_margin": 0.2465753424657534,
      "incr_op_margin_yoy": 0.5308641975308642,
      "rev_growth_yoy": 0.0445789763346175,
      "rev_growth_yoy_accel": -0.03268866084343402,
      "fcf_margin_change": -0.10269700680659588
    },
    {
      "date": "2025-09-30T00:00:00",
      "quarter_label": "2025-09 (Q3)",
      "revenue": 2007000000,
      "gross_profit": 1515000000,
      "operating_income": 917000000,
      "net_income": 646000000,
      "opex": 1090000000,
      "cogs": 492000000,
      "rd": null,
      "sga": 453000000,
      "fcf": 658000000,
      "ocf": 743000000,
      "capex": -85000000,
      "gross_margin": 0.7548579970104634,
      "op_margin": 0.4569008470353762,
      "fcf_margin": 0.3278525161933234,
      "incr_op_margin_yoy": 0.9226804123711341,
      "rev_growth_yoy": 0.10700496414782129,
      "rev_growth_yoy_accel": 0.06242598781320379,
      "op_leverage_ratio": 6.20231822971549,
      "fcf_margin_change": 0.08127717372756998
    }
  ],
  "signals": [
    {
      "quarter": "2025-09 (Q3)",
      "signal": "FCF MARGIN EXPANSION",
      "detail": "FCF margin: +24.7% -> +32.8% (+8.1%)",
      "severity": "MEDIUM"
    },
    {
      "quarter": "2025-09 (Q3)",
      "signal": "OPERATING LEVERAGE",
      "detail": "Rev growth +5.7% vs OpEx growth +0.9% (leverage: 6.2x)",
      "severity": "MEDIUM"
    },
    {
      "quarter": "2025-09 (Q3)",
      "signal": "YoY REVENUE GROWTH ACCELERATION",
      "detail": "YoY growth: +10.7% vs prior quarter YoY: +4.5% (accel: +6.2%)",
      "severity": "MEDIUM"
    },
    {
      "quarter": "2025-09 (Q3)",
      "signal": "INCREMENTAL MARGIN (YoY)",
      "detail": "YoY Incr OPM: +92.3% vs year-ago OPM: +40.7%",
      "severity": "HIGH"
    },
    {
      "quarter": "2025-06 (Q2)",
      "signal": "INCREMENTAL MARGIN (YoY)",
      "detail": "YoY Incr OPM: +53.1% vs year-ago OPM: +42.7%",
      "severity": "MEDIUM"
    },
    {
      "quarter": "2025-03 (Q1)",
      "signal": "GROSS MARGIN INFLECTION",
      "detail": "GM: +71.8% -> +70.3% -> +74.5% (reversal +4.2%)",
      "severity": "MEDIUM"
    },
    {
      "quarter": "2025-03 (Q1)",
      "signal": "YoY REVENUE GROWTH DECELERATION",
      "detail": "YoY growth: +7.7% vs prior quarter YoY: +13.0% (decel: -5.2%)",
      "severity": "WARNING"
    },
    {
      "quarter": "2024-12 (Q4)",
      "signal": "YoY REVENUE GROWTH DECELERATION",
      "detail": "YoY growth: +13.0% vs prior quarter YoY: +23.2% (decel: -10.2%)",
      "severity": "WARNING"
    },
    {
      "quarter": "2024-09 (Q3)",
      "signal": "INCREMENTAL MARGIN (YoY)",
      "detail": "YoY Incr OPM: +59.5% vs year-ago OPM: +36.3%",
      "severity": "HIGH"
    },
    {
      "quarter": "2024-06 (Q2)",
      "signal": "INCREMENTAL MARGIN (YoY)",
      "detail": "YoY Incr OPM: +69.7% vs year-ago OPM: +36.8%",
      "severity": "HIGH"
    },
    {
      "quarter": "2024-03 (Q1)",
      "signal": "FCF MARGIN EXPANSION",
      "detail": "FCF margin: +27.3% -> +39.0% (+11.7%)",
      "severity": "MEDIUM"
    },
    {
      "quarter": "2024-03 (Q1)",
      "signal": "OPERATING LEVERAGE",
      "detail": "Rev growth +20.7% vs OpEx growth +0.3% (leverage: 67.7x)",
      "severity": "MEDIUM"
    },
    {
      "quarter": "2024-03 (Q1)",
      "signal": "GROSS MARGIN INFLECTION",
      "detail": "GM: +72.0% -> +71.6% -> +73.9% (reversal +2.3%)",
      "severity": "MEDIUM"
    },
    {
      "quarter": "2024-03 (Q1)",
      "signal": "YoY REVENUE GROWTH ACCELERATION",
      "detail": "YoY growth: +21.5% vs prior quarter YoY: +14.7% (accel: +6.8%)",
      "severity": "MEDIUM"
    },
    {
      "quarter": "2024-03 (Q1)",
      "signal": "INCREMENTAL MARGIN (YoY)",
      "detail": "YoY Incr OPM: +78.2% vs year-ago OPM: +37.7%",
      "severity": "HIGH"
    },
    {
      "quarter": "2023-12 (Q4)",
      "signal": "INCREMENTAL MARGIN (YoY)",
      "detail": "YoY Incr OPM: +101.1% vs year-ago OPM: +23.7%",
      "severity": "HIGH"
    },
    {
      "quarter": "2023-09 (Q3)",
      "signal": "YoY REVENUE GROWTH ACCELERATION",
      "detail": "YoY growth: +15.5% vs prior quarter YoY: +8.2% (accel: +7.3%)",
      "severity": "MEDIUM"
    },
    {
      "quarter": "2023-09 (Q3)",
      "signal": "INCREMENTAL MARGIN (YoY)",
      "detail": "YoY Incr OPM: +61.9% vs year-ago OPM: +32.4%",
      "severity": "HIGH"
    },
    {
      "quarter": "2023-06 (Q2)",
      "signal": "YoY REVENUE GROWTH ACCELERATION",
      "detail": "YoY growth: +8.2% vs prior quarter YoY: -3.4% (accel: +11.6%)",
      "severity": "MEDIUM"
    },
    {
      "quarter": "2023-03 (Q1)",
      "signal": "FCF MARGIN EXPANSION",
      "detail": "FCF margin: +23.1% -> +36.4% (+13.3%)",
      "severity": "MEDIUM"
    },
    {
      "quarter": "2023-03 (Q1)",
      "signal": "GROSS MARGIN INFLECTION",
      "detail": "GM: +69.2% -> +68.2% -> +70.9% (reversal +2.7%)",
      "severity": "MEDIUM"
    },
    {
      "quarter": "2023-03 (Q1)",
      "signal": "YoY REVENUE GROWTH ACCELERATION",
      "detail": "YoY growth: -3.4% vs prior quarter YoY: -16.2% (accel: +12.8%)",
      "severity": "MEDIUM"
    },
    {
      "quarter": "2023-03 (Q1)",
      "signal": "INCREMENTAL MARGIN (YoY)",
      "detail": "YoY Incr OPM: +196.2% vs year-ago OPM: +43.1%",
      "severity": "HIGH"
    },
    {
      "quarter": "2022-12 (Q4)",
      "signal": "INCREMENTAL MARGIN (YoY)",
      "detail": "YoY Incr OPM: +83.5% vs year-ago OPM: +33.4%",
      "severity": "HIGH"
    },
    {
      "quarter": "2022-09 (Q3)",
      "signal": "FCF MARGIN EXPANSION",
      "detail": "FCF margin: +15.7% -> +20.8% (+5.1%)",
      "severity": "MEDIUM"
    },
    {
      "quarter": "2022-09 (Q3)",
      "signal": "YoY REVENUE GROWTH DECELERATION",
      "detail": "YoY growth: -16.4% vs prior quarter YoY: -11.1% (decel: -5.4%)",
      "severity": "WARNING"
    },
    {
      "quarter": "2022-09 (Q3)",
      "signal": "INCREMENTAL MARGIN (YoY)",
      "detail": "YoY Incr OPM: +104.8% vs year-ago OPM: +44.3%",
      "severity": "HIGH"
    },
    {
      "quarter": "2022-06 (Q2)",
      "signal": "YoY REVENUE GROWTH DECELERATION",
      "detail": "YoY growth: -11.1% vs prior quarter YoY: -4.9% (decel: -6.2%)",
      "severity": "WARNING"
    },
    {
      "quarter": "2022-06 (Q2)",
      "signal": "INCREMENTAL MARGIN (YoY)",
      "detail": "YoY Incr OPM: +170.3% vs year-ago OPM: +51.6%",
      "severity": "HIGH"
    },
    {
      "quarter": "2022-03 (Q1)",
      "signal": "FCF MARGIN EXPANSION",
      "detail": "FCF margin: +15.4% -> +27.0% (+11.6%)",
      "severity": "MEDIUM"
    },
    {
      "quarter": "2022-03 (Q1)",
      "signal": "GROSS MARGIN INFLECTION",
      "detail": "GM: +74.2% -> +68.5% -> +72.6% (reversal +4.1%)",
      "severity": "MEDIUM"
    },
    {
      "quarter": "2022-03 (Q1)",
      "signal": "YoY REVENUE GROWTH DECELERATION",
      "detail": "YoY growth: -4.9% vs prior quarter YoY: +19.3% (decel: -24.2%)",
      "severity": "WARNING"
    },
    {
      "quarter": "2022-03 (Q1)",
      "signal": "INCREMENTAL MARGIN (YoY)",
      "detail": "YoY Incr OPM: +252.6% vs year-ago OPM: +53.3%",
      "severity": "HIGH"
    }
  ],
  "data_quality": {
    "n_quarters": 20,
    "coverage": {
      "revenue": [
        20,
        20
      ],
      "gross_profit": [
        20,
        20
      ],
      "op_income": [
        20,
        20
      ],
      "fcf": [
        20,
        20
      ]
    },
    "gaps": [],
    "warnings": []
  },
  "market_cap": null,
  "source": "SEC EDGAR",
  "last_updated": "2026-02-02T19:51:13.904876"
}