{
  "ticker": "MDB",
  "name": "MONGODB, INC.",
  "quarters": [
    {
      "date": "2021-01-31T00:00:00",
      "quarter_label": "2021-01 (Q1)",
      "revenue": 170999000,
      "gross_profit": 120014000,
      "operating_income": -59393000,
      "net_income": -75801000,
      "opex": 179407000,
      "cogs": 50985000,
      "rd": 55911000,
      "sga": null,
      "fcf": -19476000,
      "ocf": -18645000,
      "capex": -831000,
      "gross_margin": 0.7018403616395418,
      "op_margin": -0.3473295165468804,
      "fcf_margin": -0.11389540289709296
    },
    {
      "date": "2021-04-30T00:00:00",
      "quarter_label": "2021-04 (Q2)",
      "revenue": 181648000,
      "gross_profit": 127120000,
      "operating_income": -61446000,
      "net_income": -63992000,
      "opex": 188566000,
      "cogs": 54528000,
      "rd": 64751000,
      "sga": null,
      "fcf": 9590000,
      "ocf": 10217000,
      "capex": -627000,
      "gross_margin": 0.6998150268651457,
      "op_margin": -0.33826962036466135,
      "fcf_margin": 0.0527944155729763,
      "op_leverage_ratio": 1.2198504239335308,
      "fcf_margin_change": 0.16668981847006925
    },
    {
      "date": "2021-07-31T00:00:00",
      "quarter_label": "2021-07 (Q3)",
      "revenue": 198747000,
      "gross_profit": 138045000,
      "operating_income": -72531000,
      "net_income": -77133000,
      "opex": 210576000,
      "cogs": 60702000,
      "rd": 72396000,
      "sga": null,
      "fcf": -21463000,
      "ocf": -19758000,
      "capex": -1705000,
      "gross_margin": 0.6945765219097647,
      "op_margin": -0.3649413576053978,
      "fcf_margin": -0.10799156716830946,
      "op_leverage_ratio": 0.8064611259873908,
      "fcf_margin_change": -0.16078598274128575
    },
    {
      "date": "2021-10-31T00:00:00",
      "quarter_label": "2021-10 (Q4)",
      "revenue": 226893000,
      "gross_profit": 158429000,
      "operating_income": -76768000,
      "net_income": -81293000,
      "opex": 235197000,
      "cogs": 68464000,
      "rd": 82256000,
      "sga": null,
      "fcf": -7974000,
      "ocf": -5790000,
      "capex": -2184000,
      "gross_margin": 0.698254243189521,
      "op_margin": -0.3383445060006258,
      "fcf_margin": -0.03514431912839973,
      "op_leverage_ratio": 1.2112095461936463,
      "fcf_margin_change": 0.07284724803990973
    },
    {
      "date": "2022-01-31T00:00:00",
      "quarter_label": "2022-01 (Q1)",
      "revenue": 266494000,
      "gross_profit": 190696000,
      "operating_income": -78619000,
      "net_income": -84448000,
      "opex": 269315000,
      "cogs": 75798000,
      "rd": 89417000,
      "sga": null,
      "fcf": 18755000,
      "ocf": 22311000,
      "capex": -3556000,
      "gross_margin": 0.7155733337335926,
      "op_margin": -0.2950122704451132,
      "fcf_margin": 0.07037681899029621,
      "incr_op_margin_yoy": -0.20132991256086707,
      "rev_growth_yoy": 0.5584535582079427,
      "op_leverage_ratio": 1.2031873810504428,
      "fcf_margin_change": 0.10552113811869594
    },
    {
      "date": "2022-04-30T00:00:00",
      "quarter_label": "2022-04 (Q2)",
      "revenue": 285447000,
      "gross_profit": 207232000,
      "operating_income": -75940000,
      "net_income": -77294000,
      "opex": 283172000,
      "cogs": 78215000,
      "rd": 96372000,
      "sga": null,
      "fcf": 9036000,
      "ocf": 11574000,
      "capex": -2538000,
      "gross_margin": 0.7259911647346092,
      "op_margin": -0.26603887937165216,
      "fcf_margin": 0.03165561382673491,
      "incr_op_margin_yoy": -0.13963525660170137,
      "rev_growth_yoy": 0.5714293578789748,
      "rev_growth_yoy_accel": 0.012975799671032018,
      "op_leverage_ratio": 1.3822348961534972,
      "fcf_margin_change": -0.038721205163561305
    },
    {
      "date": "2022-07-31T00:00:00",
      "quarter_label": "2022-07 (Q3)",
      "revenue": 303660000,
      "gross_profit": 215383000,
      "operating_income": -114843000,
      "net_income": -118865000,
      "opex": 330226000,
      "cogs": 88277000,
      "rd": 108037000,
      "sga": null,
      "fcf": -47285000,
      "ocf": -44671000,
      "capex": -2614000,
      "gross_margin": 0.7092899953895805,
      "op_margin": -0.378196008693934,
      "fcf_margin": -0.15571692023974182,
      "incr_op_margin_yoy": -0.40330559606531124,
      "rev_growth_yoy": 0.5278721188244351,
      "rev_growth_yoy_accel": -0.043557239054539676,
      "op_leverage_ratio": 0.38398102591293704,
      "fcf_margin_change": -0.18737253406647672
    },
    {
      "date": "2022-10-31T00:00:00",
      "quarter_label": "2022-10 (Q4)",
      "revenue": 333621000,
      "gross_profit": 239969000,
      "operating_income": -82923000,
      "net_income": -84841000,
      "opex": 322892000,
      "cogs": 93652000,
      "rd": 106392000,
      "sga": null,
      "fcf": -7125000,
      "ocf": -5744000,
      "capex": -1381000,
      "gross_margin": 0.7192862559611055,
      "op_margin": -0.24855449746868452,
      "fcf_margin": -0.021356569280710745,
      "incr_op_margin_yoy": -0.057669964770257105,
      "rev_growth_yoy": 0.4703891261519747,
      "rev_growth_yoy_accel": -0.057482992672460376,
      "op_leverage_ratio": Infinity,
      "fcf_margin_change": 0.13436035095903107
    },
    {
      "date": "2023-01-31T00:00:00",
      "quarter_label": "2023-01 (Q1)",
      "revenue": 361312000,
      "gross_profit": 272152000,
      "operating_income": -72949000,
      "net_income": -64398000,
      "opex": 345101000,
      "cogs": 89160000,
      "rd": 110891000,
      "sga": null,
      "fcf": 25160000,
      "ocf": 25871000,
      "capex": -711000,
      "gross_margin": 0.7532326631830661,
      "op_margin": -0.20190029669648393,
      "fcf_margin": 0.06963510760782925,
      "incr_op_margin_yoy": 0.05979877238499019,
      "rev_growth_yoy": 0.35579787912673455,
      "rev_growth_yoy_accel": -0.11459124702524015,
      "op_leverage_ratio": 1.2067395336676265,
      "fcf_margin_change": 0.09099167688853999
    },
    {
      "date": "2023-04-30T00:00:00",
      "quarter_label": "2023-04 (Q2)",
      "revenue": 368280000,
      "gross_profit": 270831000,
      "operating_income": -68547000,
      "net_income": -54246000,
      "opex": 339378000,
      "cogs": 97449000,
      "rd": 116817000,
      "sga": null,
      "fcf": 53107000,
      "ocf": 53730000,
      "capex": -623000,
      "gross_margin": 0.7353942652329749,
      "op_margin": -0.18612740306288694,
      "fcf_margin": 0.14420278049310306,
      "incr_op_margin_yoy": 0.08925186821677351,
      "rev_growth_yoy": 0.29018696991035114,
      "rev_growth_yoy_accel": -0.0656109092163834,
      "op_leverage_ratio": Infinity,
      "fcf_margin_change": 0.07456767288527381
    },
    {
      "date": "2023-07-31T00:00:00",
      "quarter_label": "2023-07 (Q3)",
      "revenue": 423791000,
      "gross_profit": 318454000,
      "operating_income": -49003000,
      "net_income": -37597000,
      "opex": 367457000,
      "cogs": 105337000,
      "rd": 125420000,
      "sga": null,
      "fcf": -25937000,
      "ocf": -25302000,
      "capex": -635000,
      "gross_margin": 0.7514411584955792,
      "op_margin": -0.11563011012503804,
      "fcf_margin": -0.06120233794488321,
      "incr_op_margin_yoy": 0.54806835870841,
      "rev_growth_yoy": 0.39561022195876966,
      "rev_growth_yoy_accel": 0.10542325204841851,
      "op_leverage_ratio": 1.8218095134716898,
      "fcf_margin_change": -0.20540511843798626
    },
    {
      "date": "2023-10-31T00:00:00",
      "quarter_label": "2023-10 (Q4)",
      "revenue": 432938000,
      "gross_profit": 325880000,
      "operating_income": -45216000,
      "net_income": -29297000,
      "opex": 371096000,
      "cogs": 107058000,
      "rd": 128150000,
      "sga": null,
      "fcf": 36344000,
      "ocf": 38422000,
      "capex": -2078000,
      "gross_margin": 0.752717479177157,
      "op_margin": -0.10443989670576387,
      "fcf_margin": 0.08394735504852889,
      "incr_op_margin_yoy": 0.37966309896593736,
      "rev_growth_yoy": 0.2976940900003297,
      "rev_growth_yoy_accel": -0.09791613195843996,
      "op_leverage_ratio": 2.179472628214561,
      "fcf_margin_change": 0.1451496929934121
    },
    {
      "date": "2024-01-31T00:00:00",
      "quarter_label": "2024-01 (Q1)",
      "revenue": 458002000,
      "gross_profit": 343361000,
      "operating_income": -70966000,
      "net_income": -55460000,
      "opex": 414327000,
      "cogs": 114641000,
      "rd": 145553000,
      "sga": null,
      "fcf": 51889000,
      "ocf": 54627000,
      "capex": -2738000,
      "gross_margin": 0.7496932327806429,
      "op_margin": -0.15494692162916318,
      "fcf_margin": 0.11329426509054545,
      "incr_op_margin_yoy": 0.020508842693143035,
      "rev_growth_yoy": 0.2676080506598176,
      "rev_growth_yoy_accel": -0.030086039340512127,
      "op_leverage_ratio": 0.49695340078021627,
      "fcf_margin_change": 0.02934691004201656
    },
    {
      "date": "2024-04-30T00:00:00",
      "quarter_label": "2024-04 (Q2)",
      "revenue": 450561000,
      "gross_profit": 327864000,
      "operating_income": -98186000,
      "net_income": -80593000,
      "opex": 426050000,
      "cogs": 122697000,
      "rd": 146060000,
      "sga": null,
      "fcf": 63074000,
      "ocf": 63613000,
      "capex": -539000,
      "gross_margin": 0.7276794928988528,
      "op_margin": -0.21791943821147414,
      "fcf_margin": 0.1399899236729322,
      "incr_op_margin_yoy": -0.36021681797741884,
      "rev_growth_yoy": 0.2234196806777452,
      "rev_growth_yoy_accel": -0.04418836998207237,
      "fcf_margin_change": 0.026695658582386747
    },
    {
      "date": "2024-07-31T00:00:00",
      "quarter_label": "2024-07 (Q3)",
      "revenue": 478109000,
      "gross_profit": 349856000,
      "operating_income": -71440000,
      "net_income": -54529000,
      "opex": 421296000,
      "cogs": 128253000,
      "rd": 148967000,
      "sga": null,
      "fcf": -2449000,
      "ocf": -1398000,
      "capex": -1051000,
      "gross_margin": 0.7317494546222724,
      "op_margin": -0.14942199372946335,
      "fcf_margin": -0.00512226291494199,
      "incr_op_margin_yoy": -0.4130674914393019,
      "rev_growth_yoy": 0.1281716695257804,
      "rev_growth_yoy_accel": -0.0952480111519648,
      "op_leverage_ratio": Infinity,
      "fcf_margin_change": -0.1451121865878742
    },
    {
      "date": "2024-10-31T00:00:00",
      "quarter_label": "2024-10 (Q4)",
      "revenue": 529375000,
      "gross_profit": 394044000,
      "operating_income": -27876000,
      "net_income": -9776000,
      "opex": 421920000,
      "cogs": 135331000,
      "rd": 151410000,
      "sga": null,
      "fcf": 35457000,
      "ocf": 37438000,
      "capex": -1981000,
      "gross_margin": 0.7443570247933884,
      "op_margin": -0.05265832349468713,
      "fcf_margin": 0.06697898465171193,
      "incr_op_margin_yoy": 0.17980650580171512,
      "rev_growth_yoy": 0.2227501397428731,
      "rev_growth_yoy_accel": 0.0945784702170927,
      "op_leverage_ratio": 72.39444787051295,
      "fcf_margin_change": 0.07210124756665391
    },
    {
      "date": "2025-01-31T00:00:00",
      "quarter_label": "2025-01 (Q1)",
      "revenue": 548398000,
      "gross_profit": 399383000,
      "operating_income": -18562000,
      "net_income": 15826000,
      "opex": 417945000,
      "cogs": 149015000,
      "rd": 150400000,
      "sga": null,
      "fcf": 24559000,
      "ocf": 50538000,
      "capex": -25979000,
      "gross_margin": 0.7282721672945561,
      "op_margin": -0.033847679969657075,
      "fcf_margin": 0.04478316842876889,
      "incr_op_margin_yoy": 0.5797159166334793,
      "rev_growth_yoy": 0.19737031716018708,
      "rev_growth_yoy_accel": -0.025379822582686035,
      "op_leverage_ratio": Infinity,
      "fcf_margin_change": -0.02219581622294304
    },
    {
      "date": "2025-04-30T00:00:00",
      "quarter_label": "2025-04 (Q2)",
      "revenue": 549014000,
      "gross_profit": 390973000,
      "operating_income": -53554000,
      "net_income": -37626000,
      "opex": 444527000,
      "cogs": 158041000,
      "rd": 168829000,
      "sga": null,
      "fcf": 108318000,
      "ocf": 109929000,
      "capex": -1611000,
      "gross_margin": 0.7121366668245255,
      "op_margin": -0.09754578207477405,
      "fcf_margin": 0.19729551523276273,
      "incr_op_margin_yoy": 0.4533330624765116,
      "rev_growth_yoy": 0.2185120327769159,
      "rev_growth_yoy_accel": 0.021141715616728812,
      "fcf_margin_change": 0.15251234680399384
    },
    {
      "date": "2025-07-31T00:00:00",
      "quarter_label": "2025-07 (Q3)",
      "revenue": 591402000,
      "gross_profit": 419974000,
      "operating_income": -65294000,
      "net_income": -47048000,
      "opex": 485268000,
      "cogs": 171428000,
      "rd": 181739000,
      "sga": null,
      "fcf": 71568000,
      "ocf": 72105000,
      "capex": -537000,
      "gross_margin": 0.7101328707038529,
      "op_margin": -0.11040544333634313,
      "fcf_margin": 0.12101413251899723,
      "incr_op_margin_yoy": 0.05424871792608546,
      "rev_growth_yoy": 0.23696060940078517,
      "rev_growth_yoy_accel": 0.018448576623869284,
      "op_leverage_ratio": 0.8424147577119734,
      "fcf_margin_change": -0.0762813827137655
    },
    {
      "date": "2025-10-31T00:00:00",
      "quarter_label": "2025-10 (Q4)",
      "revenue": 628309000,
      "gross_profit": 449132000,
      "operating_income": -18424000,
      "net_income": -2007000,
      "opex": 467556000,
      "cogs": 179177000,
      "rd": 176610000,
      "sga": null,
      "fcf": 141832000,
      "ocf": 143510000,
      "capex": -1678000,
      "gross_margin": 0.7148266219328387,
      "op_margin": -0.029323151506663123,
      "fcf_margin": 0.22573606298811572,
      "incr_op_margin_yoy": 0.09553843976792609,
      "rev_growth_yoy": 0.1868883116883117,
      "rev_growth_yoy_accel": -0.050072297712473485,
      "op_leverage_ratio": Infinity,
      "fcf_margin_change": 0.10472193046911848
    }
  ],
  "signals": [
    {
      "quarter": "2025-10 (Q4)",
      "signal": "FCF MARGIN EXPANSION",
      "detail": "FCF margin: +12.1% -> +22.6% (+10.5%)",
      "severity": "MEDIUM"
    },
    {
      "quarter": "2025-10 (Q4)",
      "signal": "YoY REVENUE GROWTH DECELERATION",
      "detail": "YoY growth: +18.7% vs prior quarter YoY: +23.7% (decel: -5.0%)",
      "severity": "WARNING"
    },
    {
      "quarter": "2025-04 (Q2)",
      "signal": "FCF MARGIN EXPANSION",
      "detail": "FCF margin: +4.5% -> +19.7% (+15.3%)",
      "severity": "MEDIUM"
    },
    {
      "quarter": "2024-10 (Q4)",
      "signal": "FCF TURNED POSITIVE",
      "detail": "FCF margin: -0.5% -> +6.7%",
      "severity": "HIGH"
    },
    {
      "quarter": "2024-10 (Q4)",
      "signal": "OPERATING LEVERAGE",
      "detail": "Rev growth +10.7% vs OpEx growth +0.1% (leverage: 72.4x)",
      "severity": "MEDIUM"
    },
    {
      "quarter": "2024-10 (Q4)",
      "signal": "YoY REVENUE GROWTH ACCELERATION",
      "detail": "YoY growth: +22.3% vs prior quarter YoY: +12.8% (accel: +9.5%)",
      "severity": "MEDIUM"
    },
    {
      "quarter": "2024-07 (Q3)",
      "signal": "YoY REVENUE GROWTH DECELERATION",
      "detail": "YoY growth: +12.8% vs prior quarter YoY: +22.3% (decel: -9.5%)",
      "severity": "WARNING"
    },
    {
      "quarter": "2023-10 (Q4)",
      "signal": "FCF TURNED POSITIVE",
      "detail": "FCF margin: -6.1% -> +8.4%",
      "severity": "HIGH"
    },
    {
      "quarter": "2023-10 (Q4)",
      "signal": "OPERATING LEVERAGE",
      "detail": "Rev growth +2.2% vs OpEx growth +1.0% (leverage: 2.2x)",
      "severity": "MEDIUM"
    },
    {
      "quarter": "2023-10 (Q4)",
      "signal": "YoY REVENUE GROWTH DECELERATION",
      "detail": "YoY growth: +29.8% vs prior quarter YoY: +39.6% (decel: -9.8%)",
      "severity": "WARNING"
    },
    {
      "quarter": "2023-07 (Q3)",
      "signal": "OPERATING LEVERAGE",
      "detail": "Rev growth +15.1% vs OpEx growth +8.3% (leverage: 1.8x)",
      "severity": "MEDIUM"
    },
    {
      "quarter": "2023-07 (Q3)",
      "signal": "YoY REVENUE GROWTH ACCELERATION",
      "detail": "YoY growth: +39.6% vs prior quarter YoY: +29.0% (accel: +10.5%)",
      "severity": "MEDIUM"
    },
    {
      "quarter": "2023-04 (Q2)",
      "signal": "FCF MARGIN EXPANSION",
      "detail": "FCF margin: +7.0% -> +14.4% (+7.5%)",
      "severity": "MEDIUM"
    },
    {
      "quarter": "2023-04 (Q2)",
      "signal": "YoY REVENUE GROWTH DECELERATION",
      "detail": "YoY growth: +29.0% vs prior quarter YoY: +35.6% (decel: -6.6%)",
      "severity": "WARNING"
    },
    {
      "quarter": "2023-01 (Q1)",
      "signal": "FCF TURNED POSITIVE",
      "detail": "FCF margin: -2.1% -> +7.0%",
      "severity": "HIGH"
    },
    {
      "quarter": "2023-01 (Q1)",
      "signal": "YoY REVENUE GROWTH DECELERATION",
      "detail": "YoY growth: +35.6% vs prior quarter YoY: +47.0% (decel: -11.5%)",
      "severity": "WARNING"
    },
    {
      "quarter": "2022-10 (Q4)",
      "signal": "FCF MARGIN EXPANSION",
      "detail": "FCF margin: -15.6% -> -2.1% (+13.4%)",
      "severity": "MEDIUM"
    },
    {
      "quarter": "2022-10 (Q4)",
      "signal": "YoY REVENUE GROWTH DECELERATION",
      "detail": "YoY growth: +47.0% vs prior quarter YoY: +52.8% (decel: -5.7%)",
      "severity": "WARNING"
    },
    {
      "quarter": "2022-01 (Q1)",
      "signal": "FCF TURNED POSITIVE",
      "detail": "FCF margin: -3.5% -> +7.0%",
      "severity": "HIGH"
    },
    {
      "quarter": "2021-10 (Q4)",
      "signal": "FCF MARGIN EXPANSION",
      "detail": "FCF margin: -10.8% -> -3.5% (+7.3%)",
      "severity": "MEDIUM"
    },
    {
      "quarter": "2021-04 (Q2)",
      "signal": "FCF TURNED POSITIVE",
      "detail": "FCF margin: -11.4% -> +5.3%",
      "severity": "HIGH"
    }
  ],
  "data_quality": {
    "n_quarters": 20,
    "coverage": {
      "revenue": [
        20,
        20
      ],
      "gross_profit": [
        20,
        20
      ],
      "op_income": [
        20,
        20
      ],
      "fcf": [
        20,
        20
      ]
    },
    "gaps": [],
    "warnings": []
  },
  "market_cap": null,
  "source": "SEC EDGAR",
  "last_updated": "2026-02-02T20:07:35.193204",
  "sector": "Technology",
  "industry": "Software - Infrastructure"
}