{
  "ticker": "MDLZ",
  "name": "MONDELEZ INTERNATIONAL, INC.",
  "quarters": [
    {
      "date": "2020-12-31T00:00:00",
      "quarter_label": "2020-12 (Q4)",
      "revenue": 7298000000,
      "gross_profit": 2872000000,
      "operating_income": 1149000000,
      "net_income": 1156000000,
      "opex": 1723000000,
      "cogs": 4426000000,
      "rd": null,
      "sga": 1624000000,
      "fcf": 1416000000,
      "ocf": 1649000000,
      "capex": -233000000,
      "gross_margin": 0.3935324746505892,
      "op_margin": 0.15744039462866538,
      "fcf_margin": 0.19402576048232392
    },
    {
      "date": "2021-03-31T00:00:00",
      "quarter_label": "2021-03 (Q1)",
      "revenue": 7238000000,
      "gross_profit": 2966000000,
      "operating_income": 1283000000,
      "net_income": 961000000,
      "opex": 1683000000,
      "cogs": 4272000000,
      "rd": null,
      "sga": 1564000000,
      "fcf": 699000000,
      "ocf": 915000000,
      "capex": -216000000,
      "gross_margin": 0.4097817076540481,
      "op_margin": 0.17725891130146448,
      "fcf_margin": 0.09657363912683062,
      "fcf_margin_change": -0.0974521213554933
    },
    {
      "date": "2021-06-30T00:00:00",
      "quarter_label": "2021-06 (Q2)",
      "revenue": 6642000000,
      "gross_profit": 2631000000,
      "operating_income": 872000000,
      "net_income": 1078000000,
      "opex": 1759000000,
      "cogs": 4011000000,
      "rd": null,
      "sga": 1593000000,
      "fcf": 683000000,
      "ocf": 877000000,
      "capex": -194000000,
      "gross_margin": 0.3961156278229449,
      "op_margin": 0.13128575730201747,
      "fcf_margin": 0.10283047274917194,
      "fcf_margin_change": 0.006256833622341321
    },
    {
      "date": "2021-09-30T00:00:00",
      "quarter_label": "2021-09 (Q3)",
      "revenue": 7182000000,
      "gross_profit": 2824000000,
      "operating_income": 1294000000,
      "net_income": 1258000000,
      "opex": 1530000000,
      "cogs": 4358000000,
      "rd": null,
      "sga": 1436000000,
      "fcf": 699000000,
      "ocf": 928000000,
      "capex": -229000000,
      "gross_margin": 0.39320523531049845,
      "op_margin": 0.18017265385686437,
      "fcf_margin": 0.0973266499582289,
      "op_leverage_ratio": Infinity,
      "fcf_margin_change": -0.005503822790943039
    },
    {
      "date": "2021-12-31T00:00:00",
      "quarter_label": "2021-12 (Q4)",
      "revenue": 7658000000,
      "gross_profit": 2833000000,
      "operating_income": 1204000000,
      "net_income": 1003000000,
      "opex": 1629000000,
      "cogs": 4825000000,
      "rd": null,
      "sga": 1670000000,
      "fcf": 1095000000,
      "ocf": 1421000000,
      "capex": -326000000,
      "gross_margin": 0.3699399320971533,
      "op_margin": 0.15722120658135283,
      "fcf_margin": 0.14298772525463568,
      "incr_op_margin_yoy": 0.1527777777777778,
      "rev_growth_yoy": 0.04932858317347218,
      "op_leverage_ratio": 1.0242778663831293,
      "fcf_margin_change": 0.04566107529640678
    },
    {
      "date": "2022-03-31T00:00:00",
      "quarter_label": "2022-03 (Q1)",
      "revenue": 7764000000,
      "gross_profit": 2983000000,
      "operating_income": 1094000000,
      "net_income": 855000000,
      "opex": 1889000000,
      "cogs": 4781000000,
      "rd": null,
      "sga": 1693000000,
      "fcf": 964000000,
      "ocf": 1131000000,
      "capex": -167000000,
      "gross_margin": 0.3842091705306543,
      "op_margin": 0.1409067490984029,
      "fcf_margin": 0.12416280267903143,
      "incr_op_margin_yoy": -0.3593155893536122,
      "rev_growth_yoy": 0.07267200884222161,
      "rev_growth_yoy_accel": 0.023343425668749425,
      "op_leverage_ratio": 0.08672378809490326,
      "fcf_margin_change": -0.018824922575604253
    },
    {
      "date": "2022-06-30T00:00:00",
      "quarter_label": "2022-06 (Q2)",
      "revenue": 7274000000,
      "gross_profit": 2641000000,
      "operating_income": 927000000,
      "net_income": 747000000,
      "opex": 1714000000,
      "cogs": 4633000000,
      "rd": null,
      "sga": 1676000000,
      "fcf": 618000000,
      "ocf": 836000000,
      "capex": -218000000,
      "gross_margin": 0.3630739620566401,
      "op_margin": 0.12744019796535605,
      "fcf_margin": 0.08496013197690404,
      "incr_op_margin_yoy": 0.08702531645569621,
      "rev_growth_yoy": 0.09515206263173742,
      "rev_growth_yoy_accel": 0.022480053789515814,
      "fcf_margin_change": -0.03920267070212739
    },
    {
      "date": "2022-09-30T00:00:00",
      "quarter_label": "2022-09 (Q3)",
      "revenue": 7763000000,
      "gross_profit": 2613000000,
      "operating_income": 679000000,
      "net_income": 532000000,
      "opex": 1934000000,
      "cogs": 5150000000,
      "rd": null,
      "sga": 1884000000,
      "fcf": 313000000,
      "ocf": 549000000,
      "capex": -236000000,
      "gross_margin": 0.33659667654257375,
      "op_margin": 0.08746618575293057,
      "fcf_margin": 0.04031946412469406,
      "incr_op_margin_yoy": -1.0585197934595525,
      "rev_growth_yoy": 0.08089668615984405,
      "rev_growth_yoy_accel": -0.014255376471893372,
      "op_leverage_ratio": 0.5237495938210813,
      "fcf_margin_change": -0.04464066785220998
    },
    {
      "date": "2022-12-31T00:00:00",
      "quarter_label": "2022-12 (Q4)",
      "revenue": 8695000000,
      "gross_profit": 3075000000,
      "operating_income": 834000000,
      "net_income": 583000000,
      "opex": 2241000000,
      "cogs": 5620000000,
      "rd": null,
      "sga": 2131000000,
      "fcf": 1107000000,
      "ocf": 1392000000,
      "capex": -285000000,
      "gross_margin": 0.35365152386428983,
      "op_margin": 0.09591719378953421,
      "fcf_margin": 0.12731454859114433,
      "incr_op_margin_yoy": -0.35679845708775315,
      "rev_growth_yoy": 0.13541394620005223,
      "rev_growth_yoy_accel": 0.05451726004020818,
      "op_leverage_ratio": 0.7563179720389168,
      "fcf_margin_change": 0.08699508446645027
    },
    {
      "date": "2023-03-31T00:00:00",
      "quarter_label": "2023-03 (Q1)",
      "revenue": 9166000000,
      "gross_profit": 3446000000,
      "operating_income": 1505000000,
      "net_income": 2081000000,
      "opex": 1941000000,
      "cogs": 5720000000,
      "rd": null,
      "sga": 1855000000,
      "fcf": 900000000,
      "ocf": 1123000000,
      "capex": -223000000,
      "gross_margin": 0.3759546148810823,
      "op_margin": 0.16419375954614882,
      "fcf_margin": 0.09818895919703251,
      "incr_op_margin_yoy": 0.29315263908701855,
      "rev_growth_yoy": 0.1805770221535291,
      "rev_growth_yoy_accel": 0.04516307595347688,
      "op_leverage_ratio": Infinity,
      "fcf_margin_change": -0.02912558939411182
    },
    {
      "date": "2023-06-30T00:00:00",
      "quarter_label": "2023-06 (Q2)",
      "revenue": 8507000000,
      "gross_profit": 3354000000,
      "operating_income": 1425000000,
      "net_income": 944000000,
      "opex": 1929000000,
      "cogs": 5153000000,
      "rd": null,
      "sga": 1869000000,
      "fcf": 578000000,
      "ocf": 850000000,
      "capex": -272000000,
      "gross_margin": 0.39426354766662747,
      "op_margin": 0.1675091101445868,
      "fcf_margin": 0.06794404607969907,
      "incr_op_margin_yoy": 0.40389294403892945,
      "rev_growth_yoy": 0.16950783612867748,
      "rev_growth_yoy_accel": -0.01106918602485163,
      "fcf_margin_change": -0.030244913117333433
    },
    {
      "date": "2023-09-30T00:00:00",
      "quarter_label": "2023-09 (Q3)",
      "revenue": 9029000000,
      "gross_profit": 3494000000,
      "operating_income": 1379000000,
      "net_income": 984000000,
      "opex": 2115000000,
      "cogs": 5535000000,
      "rd": null,
      "sga": 2019000000,
      "fcf": 892000000,
      "ocf": 1177000000,
      "capex": -285000000,
      "gross_margin": 0.38697530180529405,
      "op_margin": 0.15273009192601616,
      "fcf_margin": 0.09879277882379,
      "incr_op_margin_yoy": 0.5529225908372828,
      "rev_growth_yoy": 0.16308128300914596,
      "rev_growth_yoy_accel": -0.006426553119531525,
      "op_leverage_ratio": 0.6363753569166948,
      "fcf_margin_change": 0.03084873274409093
    },
    {
      "date": "2023-12-31T00:00:00",
      "quarter_label": "2023-12 (Q4)",
      "revenue": 9314000000,
      "gross_profit": 3470000000,
      "operating_income": 1193000000,
      "net_income": 950000000,
      "opex": 2277000000,
      "cogs": 5844000000,
      "rd": null,
      "sga": 2259000000,
      "fcf": 1232000000,
      "ocf": 1564000000,
      "capex": -332000000,
      "gross_margin": 0.37255744041228256,
      "op_margin": 0.1280867511273352,
      "fcf_margin": 0.13227399613485077,
      "incr_op_margin_yoy": 0.5799676898222941,
      "rev_growth_yoy": 0.07119033927544566,
      "rev_growth_yoy_accel": -0.0918909437337003,
      "op_leverage_ratio": 0.4120980544172481,
      "fcf_margin_change": 0.03348121731106077
    },
    {
      "date": "2024-03-31T00:00:00",
      "quarter_label": "2024-03 (Q1)",
      "revenue": 9290000000,
      "gross_profit": 4750000000,
      "operating_income": 2727000000,
      "net_income": 1412000000,
      "opex": 2023000000,
      "cogs": 4540000000,
      "rd": null,
      "sga": 1938000000,
      "fcf": 1025000000,
      "ocf": 1324000000,
      "capex": -299000000,
      "gross_margin": 0.511302475780409,
      "op_margin": 0.29354144241119484,
      "fcf_margin": 0.11033369214208827,
      "incr_op_margin_yoy": 9.85483870967742,
      "rev_growth_yoy": 0.013528256600480034,
      "rev_growth_yoy_accel": -0.05766208267496562,
      "fcf_margin_change": -0.021940303992762505
    },
    {
      "date": "2024-06-30T00:00:00",
      "quarter_label": "2024-06 (Q2)",
      "revenue": 8343000000,
      "gross_profit": 2797000000,
      "operating_income": 854000000,
      "net_income": 601000000,
      "opex": 1943000000,
      "cogs": 5546000000,
      "rd": null,
      "sga": 1891000000,
      "fcf": 455000000,
      "ocf": 822000000,
      "capex": -367000000,
      "gross_margin": 0.3352511087138919,
      "op_margin": 0.10236126093731272,
      "fcf_margin": 0.05453673738463383,
      "incr_op_margin_yoy": 3.481707317073171,
      "rev_growth_yoy": -0.019278241448219113,
      "rev_growth_yoy_accel": -0.032806498048699145,
      "fcf_margin_change": -0.05579695475745444
    },
    {
      "date": "2024-09-30T00:00:00",
      "quarter_label": "2024-09 (Q3)",
      "revenue": 9204000000,
      "gross_profit": 2999000000,
      "operating_income": 1153000000,
      "net_income": 853000000,
      "opex": 1846000000,
      "cogs": 6205000000,
      "rd": null,
      "sga": 1630000000,
      "fcf": 989000000,
      "ocf": 1305000000,
      "capex": -316000000,
      "gross_margin": 0.32583659278574534,
      "op_margin": 0.1252716210343329,
      "fcf_margin": 0.10745328118209474,
      "incr_op_margin_yoy": -1.2914285714285714,
      "rev_growth_yoy": 0.019381991361169564,
      "rev_growth_yoy_accel": 0.03866023280938868,
      "op_leverage_ratio": Infinity,
      "fcf_margin_change": 0.05291654379746091
    },
    {
      "date": "2024-12-31T00:00:00",
      "quarter_label": "2024-12 (Q4)",
      "revenue": 9604000000,
      "gross_profit": 3711000000,
      "operating_income": 1611000000,
      "net_income": 1745000000,
      "opex": 2100000000,
      "cogs": 5893000000,
      "rd": null,
      "sga": 1980000000,
      "fcf": 1054000000,
      "ocf": 1459000000,
      "capex": -405000000,
      "gross_margin": 0.3864014993752603,
      "op_margin": 0.16774260724698042,
      "fcf_margin": 0.10974593919200333,
      "incr_op_margin_yoy": 1.4413793103448276,
      "rev_growth_yoy": 0.03113592441485935,
      "rev_growth_yoy_accel": 0.011753933053689786,
      "op_leverage_ratio": 0.3158503492148227,
      "fcf_margin_change": 0.002292658009908591
    },
    {
      "date": "2025-03-31T00:00:00",
      "quarter_label": "2025-03 (Q1)",
      "revenue": 9313000000,
      "gross_profit": 2430000000,
      "operating_income": 680000000,
      "net_income": 402000000,
      "opex": 1750000000,
      "cogs": 6883000000,
      "rd": null,
      "sga": 1711000000,
      "fcf": 815000000,
      "ocf": 1092000000,
      "capex": -277000000,
      "gross_margin": 0.26092558788789866,
      "op_margin": 0.073016213894556,
      "fcf_margin": 0.08751207988832814,
      "incr_op_margin_yoy": -89.0,
      "rev_growth_yoy": 0.0024757804090419808,
      "rev_growth_yoy_accel": -0.02866014400581737,
      "fcf_margin_change": -0.02223385930367519
    },
    {
      "date": "2025-06-30T00:00:00",
      "quarter_label": "2025-06 (Q2)",
      "revenue": 8984000000,
      "gross_profit": 2937000000,
      "operating_income": 1172000000,
      "net_income": 641000000,
      "opex": 1765000000,
      "cogs": 6047000000,
      "rd": null,
      "sga": 1725000000,
      "fcf": 3000000,
      "ocf": 308000000,
      "capex": -305000000,
      "gross_margin": 0.32691451469278715,
      "op_margin": 0.13045414069456812,
      "fcf_margin": 0.00033392698130008905,
      "incr_op_margin_yoy": 0.4960998439937597,
      "rev_growth_yoy": 0.076830876183627,
      "rev_growth_yoy_accel": 0.07435509577458502,
      "fcf_margin_change": -0.08717815290702804
    },
    {
      "date": "2025-09-30T00:00:00",
      "quarter_label": "2025-09 (Q3)",
      "revenue": 9744000000,
      "gross_profit": 2612000000,
      "operating_income": 744000000,
      "net_income": 743000000,
      "opex": 1868000000,
      "cogs": 7132000000,
      "rd": null,
      "sga": 1795000000,
      "fcf": 418000000,
      "ocf": 717000000,
      "capex": -299000000,
      "gross_margin": 0.2680623973727422,
      "op_margin": 0.07635467980295567,
      "fcf_margin": 0.04289819376026273,
      "incr_op_margin_yoy": -0.7574074074074074,
      "rev_growth_yoy": 0.05867014341590613,
      "rev_growth_yoy_accel": -0.018160732767720865,
      "op_leverage_ratio": 1.4496105265888009,
      "fcf_margin_change": 0.04256426677896264
    }
  ],
  "signals": [
    {
      "quarter": "2025-06 (Q2)",
      "signal": "GROSS MARGIN INFLECTION",
      "detail": "GM: +38.6% -> +26.1% -> +32.7% (reversal +6.6%)",
      "severity": "HIGH"
    },
    {
      "quarter": "2025-06 (Q2)",
      "signal": "YoY REVENUE GROWTH ACCELERATION",
      "detail": "YoY growth: +7.7% vs prior quarter YoY: +0.2% (accel: +7.4%)",
      "severity": "MEDIUM"
    },
    {
      "quarter": "2025-06 (Q2)",
      "signal": "INCREMENTAL MARGIN (YoY)",
      "detail": "YoY Incr OPM: +49.6% vs year-ago OPM: +10.2%",
      "severity": "HIGH"
    },
    {
      "quarter": "2024-12 (Q4)",
      "signal": "GROSS MARGIN INFLECTION",
      "detail": "GM: +33.5% -> +32.6% -> +38.6% (reversal +6.1%)",
      "severity": "HIGH"
    },
    {
      "quarter": "2024-12 (Q4)",
      "signal": "INCREMENTAL MARGIN (YoY)",
      "detail": "YoY Incr OPM: +144.1% vs year-ago OPM: +12.8%",
      "severity": "HIGH"
    },
    {
      "quarter": "2024-09 (Q3)",
      "signal": "FCF MARGIN EXPANSION",
      "detail": "FCF margin: +5.5% -> +10.7% (+5.3%)",
      "severity": "MEDIUM"
    },
    {
      "quarter": "2024-06 (Q2)",
      "signal": "INCREMENTAL MARGIN (YoY)",
      "detail": "YoY Incr OPM: +348.2% vs year-ago OPM: +16.8%",
      "severity": "HIGH"
    },
    {
      "quarter": "2024-03 (Q1)",
      "signal": "GROSS MARGIN INFLECTION",
      "detail": "GM: +38.7% -> +37.3% -> +51.1% (reversal +13.9%)",
      "severity": "HIGH"
    },
    {
      "quarter": "2024-03 (Q1)",
      "signal": "YoY REVENUE GROWTH DECELERATION",
      "detail": "YoY growth: +1.4% vs prior quarter YoY: +7.1% (decel: -5.8%)",
      "severity": "WARNING"
    },
    {
      "quarter": "2024-03 (Q1)",
      "signal": "INCREMENTAL MARGIN (YoY)",
      "detail": "YoY Incr OPM: +985.5% vs year-ago OPM: +16.4%",
      "severity": "HIGH"
    },
    {
      "quarter": "2023-12 (Q4)",
      "signal": "YoY REVENUE GROWTH DECELERATION",
      "detail": "YoY growth: +7.1% vs prior quarter YoY: +16.3% (decel: -9.2%)",
      "severity": "WARNING"
    },
    {
      "quarter": "2023-12 (Q4)",
      "signal": "INCREMENTAL MARGIN (YoY)",
      "detail": "YoY Incr OPM: +58.0% vs year-ago OPM: +9.6%",
      "severity": "HIGH"
    },
    {
      "quarter": "2023-09 (Q3)",
      "signal": "INCREMENTAL MARGIN (YoY)",
      "detail": "YoY Incr OPM: +55.3% vs year-ago OPM: +8.7%",
      "severity": "HIGH"
    },
    {
      "quarter": "2023-06 (Q2)",
      "signal": "INCREMENTAL MARGIN (YoY)",
      "detail": "YoY Incr OPM: +40.4% vs year-ago OPM: +12.7%",
      "severity": "HIGH"
    },
    {
      "quarter": "2023-03 (Q1)",
      "signal": "INCREMENTAL MARGIN (YoY)",
      "detail": "YoY Incr OPM: +29.3% vs year-ago OPM: +14.1%",
      "severity": "MEDIUM"
    },
    {
      "quarter": "2022-12 (Q4)",
      "signal": "FCF MARGIN EXPANSION",
      "detail": "FCF margin: +4.0% -> +12.7% (+8.7%)",
      "severity": "MEDIUM"
    },
    {
      "quarter": "2022-12 (Q4)",
      "signal": "YoY REVENUE GROWTH ACCELERATION",
      "detail": "YoY growth: +13.5% vs prior quarter YoY: +8.1% (accel: +5.5%)",
      "severity": "MEDIUM"
    }
  ],
  "data_quality": {
    "n_quarters": 20,
    "coverage": {
      "revenue": [
        20,
        20
      ],
      "gross_profit": [
        20,
        20
      ],
      "op_income": [
        20,
        20
      ],
      "fcf": [
        20,
        20
      ]
    },
    "gaps": [],
    "warnings": []
  },
  "market_cap": null,
  "source": "SEC EDGAR",
  "last_updated": "2026-02-02T19:53:57.876938",
  "sector": "Consumer Defensive",
  "industry": "Confectioners"
}