{
  "ticker": "MDRX",
  "name": "VERADIGM INC.",
  "quarters": [
    {
      "date": "2018-03-31T00:00:00",
      "quarter_label": "2018-03 (Q1)",
      "revenue": 513926000,
      "gross_profit": 220975000,
      "operating_income": -4320000,
      "net_income": null,
      "opex": 225295000,
      "cogs": 292951000,
      "rd": 69977000,
      "sga": 143070000,
      "fcf": 50800000,
      "ocf": 58308000,
      "capex": -7508000,
      "gross_margin": 0.42997435428446895,
      "op_margin": -0.00840587944567895,
      "fcf_margin": 0.09884691570381728
    },
    {
      "date": "2018-06-30T00:00:00",
      "quarter_label": "2018-06 (Q2)",
      "revenue": 525577000,
      "gross_profit": 212663000,
      "operating_income": -58797000,
      "net_income": null,
      "opex": 271460000,
      "cogs": 312914000,
      "rd": 80342000,
      "sga": 149081000,
      "fcf": 1718000,
      "ocf": 8232000,
      "capex": -6514000,
      "gross_margin": 0.40462767586861675,
      "op_margin": -0.11187133379124277,
      "fcf_margin": 0.003268788398274658,
      "op_leverage_ratio": 0.11063723823654183,
      "fcf_margin_change": -0.09557812730554262
    },
    {
      "date": "2018-09-30T00:00:00",
      "quarter_label": "2018-09 (Q3)",
      "revenue": 522279000,
      "gross_profit": 218371000,
      "operating_income": 2410000,
      "net_income": null,
      "opex": 215961000,
      "cogs": 303908000,
      "rd": 69747000,
      "sga": 133214000,
      "fcf": 7112000,
      "ocf": 15014000,
      "capex": -7902000,
      "gross_margin": 0.4181117755069608,
      "op_margin": 0.004614391924622663,
      "fcf_margin": 0.01361724289125161,
      "fcf_margin_change": 0.010348454492976953
    },
    {
      "date": "2018-12-31T00:00:00",
      "quarter_label": "2018-12 (Q4)",
      "revenue": 442346000,
      "gross_profit": 188159000,
      "operating_income": -26443000,
      "net_income": null,
      "opex": 214602000,
      "cogs": 254187000,
      "rd": 66096000,
      "sga": 99992000,
      "fcf": -22084000,
      "ocf": -13663000,
      "capex": -8421000,
      "gross_margin": 0.42536611611724756,
      "op_margin": -0.059778996532126434,
      "fcf_margin": -0.04992471956341868,
      "fcf_margin_change": -0.0635419624546703
    },
    {
      "date": "2019-03-31T00:00:00",
      "quarter_label": "2019-03 (Q1)",
      "revenue": 432049000,
      "gross_profit": 174095000,
      "operating_income": 2645000,
      "net_income": null,
      "opex": 171450000,
      "cogs": 257954000,
      "rd": 64310000,
      "sga": 100245000,
      "fcf": 969000,
      "ocf": 5816000,
      "capex": -4847000,
      "gross_margin": 0.4029519799837518,
      "op_margin": 0.006121990792711012,
      "fcf_margin": 0.0022428011637568887,
      "incr_op_margin_yoy": -0.08506662432673401,
      "rev_growth_yoy": -0.15931671096617023,
      "fcf_margin_change": 0.052167520727175565
    },
    {
      "date": "2019-06-30T00:00:00",
      "quarter_label": "2019-06 (Q2)",
      "revenue": 444460000,
      "gross_profit": 184122000,
      "operating_income": 4743000,
      "net_income": null,
      "opex": 179379000,
      "cogs": 260338000,
      "rd": 63414000,
      "sga": 105542000,
      "fcf": -12308000,
      "ocf": -7726000,
      "capex": -4582000,
      "gross_margin": 0.4142600008999685,
      "op_margin": 0.010671376501822436,
      "fcf_margin": -0.027692030778922738,
      "incr_op_margin_yoy": -0.7833129923443914,
      "rev_growth_yoy": -0.1543389455779077,
      "rev_growth_yoy_accel": 0.004977765388262528,
      "op_leverage_ratio": 0.6211447844431843,
      "fcf_margin_change": -0.029934831942679627
    },
    {
      "date": "2019-09-30T00:00:00",
      "quarter_label": "2019-09 (Q3)",
      "revenue": 444184000,
      "gross_profit": 175302000,
      "operating_income": 3182000,
      "net_income": -5725000,
      "opex": 172120000,
      "cogs": 268882000,
      "rd": 63873000,
      "sga": 101152000,
      "fcf": 31808000,
      "ocf": 35854000,
      "capex": -4046000,
      "gross_margin": 0.3946607712119302,
      "op_margin": 0.0071636979269852135,
      "fcf_margin": 0.07160996343857501,
      "incr_op_margin_yoy": -0.00988539599206095,
      "rev_growth_yoy": -0.1495273598976792,
      "rev_growth_yoy_accel": 0.004811585680228492,
      "fcf_margin_change": 0.09930199421749775
    },
    {
      "date": "2019-12-31T00:00:00",
      "quarter_label": "2019-12 (Q4)",
      "revenue": 450984000,
      "gross_profit": 180061000,
      "operating_income": -35026000,
      "net_income": null,
      "opex": 215087000,
      "cogs": 270923000,
      "rd": 62912000,
      "sga": 112835000,
      "fcf": 9335000,
      "ocf": 12310000,
      "capex": -2975000,
      "gross_margin": 0.3992625015521615,
      "op_margin": -0.07766572650027495,
      "fcf_margin": 0.020699182232629097,
      "incr_op_margin_yoy": -0.9936327853669831,
      "rev_growth_yoy": 0.019527700035718645,
      "rev_growth_yoy_accel": 0.16905505993339787,
      "op_leverage_ratio": 0.06132567082499653,
      "fcf_margin_change": -0.050910781205945915
    },
    {
      "date": "2020-03-31T00:00:00",
      "quarter_label": "2020-03 (Q1)",
      "revenue": 416713000,
      "gross_profit": 156961000,
      "operating_income": -9200000,
      "net_income": -20354000,
      "opex": 166161000,
      "cogs": 259752000,
      "rd": 62155000,
      "sga": 97288000,
      "fcf": -6485000,
      "ocf": -3708000,
      "capex": -2777000,
      "gross_margin": 0.37666451490594244,
      "op_margin": -0.02207754497699856,
      "fcf_margin": -0.01556226947563431,
      "incr_op_margin_yoy": 0.7723656755346896,
      "rev_growth_yoy": -0.03549597383630097,
      "rev_growth_yoy_accel": -0.05502367387201962,
      "fcf_margin_change": -0.036261451708263406
    },
    {
      "date": "2020-06-30T00:00:00",
      "quarter_label": "2020-06 (Q2)",
      "revenue": 406223000,
      "gross_profit": 164484000,
      "operating_income": -4746000,
      "net_income": -7605000,
      "opex": 169230000,
      "cogs": 241739000,
      "rd": 48282000,
      "sga": 114620000,
      "fcf": 20645000,
      "ocf": 22646000,
      "capex": -2001000,
      "gross_margin": 0.4049106032893263,
      "op_margin": -0.011683238024434855,
      "fcf_margin": 0.05082183923608461,
      "incr_op_margin_yoy": 0.2481627742762246,
      "rev_growth_yoy": -0.08603023894163704,
      "rev_growth_yoy_accel": -0.05053426510533607,
      "fcf_margin_change": 0.06638410871171892
    },
    {
      "date": "2020-09-30T00:00:00",
      "quarter_label": "2020-09 (Q3)",
      "revenue": 402030000,
      "gross_profit": 161597000,
      "operating_income": 9379000,
      "net_income": 542000,
      "opex": 152218000,
      "cogs": 240433000,
      "rd": 48476000,
      "sga": 97231000,
      "fcf": 49947000,
      "ocf": 52967000,
      "capex": -3020000,
      "gross_margin": 0.40195259060269134,
      "op_margin": 0.02332910479317464,
      "fcf_margin": 0.12423699723901202,
      "incr_op_margin_yoy": -0.14700858755989943,
      "rev_growth_yoy": -0.09490211263800587,
      "rev_growth_yoy_accel": -0.008871873696368826,
      "fcf_margin_change": 0.07341515800292742
    },
    {
      "date": "2020-12-31T00:00:00",
      "quarter_label": "2020-12 (Q4)",
      "revenue": 386414000,
      "gross_profit": 161023000,
      "operating_income": -68078000,
      "net_income": null,
      "opex": 229101000,
      "cogs": 225391000,
      "rd": 54287000,
      "sga": 93777000,
      "fcf": -171927000,
      "ocf": -175560000,
      "capex": 3633000,
      "gross_margin": 0.41671109224821046,
      "op_margin": -0.1761789169129483,
      "fcf_margin": -0.44492953153871234,
      "incr_op_margin_yoy": 0.5118785813845439,
      "rev_growth_yoy": -0.1431758111152502,
      "rev_growth_yoy_accel": -0.048273698477244345,
      "fcf_margin_change": -0.5691665287777243
    },
    {
      "date": "2021-03-31T00:00:00",
      "quarter_label": "2021-03 (Q1)",
      "revenue": 368352000,
      "gross_profit": 150045000,
      "operating_income": 13340000,
      "net_income": 9057000,
      "opex": 136705000,
      "cogs": 218307000,
      "rd": 49173000,
      "sga": 81708000,
      "fcf": 4350000,
      "ocf": 4575000,
      "capex": -225000,
      "gross_margin": 0.40734134740682826,
      "op_margin": 0.03621535922161411,
      "fcf_margin": 0.011809356267917645,
      "incr_op_margin_yoy": -0.4660780380885424,
      "rev_growth_yoy": -0.11605349485137252,
      "rev_growth_yoy_accel": 0.02712231626387769,
      "fcf_margin_change": 0.45673888780662997
    },
    {
      "date": "2021-06-30T00:00:00",
      "quarter_label": "2021-06 (Q2)",
      "revenue": 373714000,
      "gross_profit": 151753000,
      "operating_income": 10375000,
      "net_income": 21926000,
      "opex": 141378000,
      "cogs": 221961000,
      "rd": 51219000,
      "sga": 79090000,
      "fcf": -200937000,
      "ocf": -200937000,
      "capex": null,
      "gross_margin": 0.40606720647339944,
      "op_margin": 0.027761871377577504,
      "fcf_margin": -0.537675869782775,
      "incr_op_margin_yoy": -0.4651327324740841,
      "rev_growth_yoy": -0.0800274725951017,
      "rev_growth_yoy_accel": 0.036026022256270815,
      "op_leverage_ratio": 0.42584582680272165,
      "fcf_margin_change": -0.5494852260506927
    },
    {
      "date": "2021-09-30T00:00:00",
      "quarter_label": "2021-09 (Q3)",
      "revenue": 369272000,
      "gross_profit": 148774000,
      "operating_income": 12104000,
      "net_income": 16180000,
      "opex": 136670000,
      "cogs": 220498000,
      "rd": 45540000,
      "sga": 78794000,
      "fcf": 55064000,
      "ocf": 55889000,
      "capex": -825000,
      "gross_margin": 0.4028845945536082,
      "op_margin": 0.03277800645594575,
      "fcf_margin": 0.14911501548993697,
      "incr_op_margin_yoy": -0.08318578667806337,
      "rev_growth_yoy": -0.08148148148148149,
      "rev_growth_yoy_accel": -0.0014540088863797818,
      "fcf_margin_change": 0.686790885272712
    },
    {
      "date": "2021-12-31T00:00:00",
      "quarter_label": "2021-12 (Q4)",
      "revenue": 391699000,
      "gross_profit": 83400000,
      "operating_income": 35151000,
      "net_income": null,
      "opex": 48249000,
      "cogs": 73822000,
      "rd": 21421000,
      "sga": 24634000,
      "fcf": 63014000,
      "ocf": 63857000,
      "capex": -843000,
      "gross_margin": 0.21291859310337785,
      "op_margin": 0.08973982573353519,
      "fcf_margin": 0.16087352788748505,
      "incr_op_margin_yoy": 19.532450331125826,
      "rev_growth_yoy": 0.013677040686931633,
      "rev_growth_yoy_accel": 0.09515852216841313,
      "op_leverage_ratio": Infinity,
      "fcf_margin_change": 0.011758512397548077
    },
    {
      "date": "2022-03-31T00:00:00",
      "quarter_label": "2022-03 (Q1)",
      "revenue": 142672000,
      "gross_profit": 73481000,
      "operating_income": 6572000,
      "net_income": null,
      "opex": 66909000,
      "cogs": 69191000,
      "rd": 23420000,
      "sga": 41318000,
      "fcf": 68916000,
      "ocf": 69261000,
      "capex": -345000,
      "gross_margin": 0.5150344846921611,
      "op_margin": 0.04606369855332511,
      "fcf_margin": 0.4830380172703824,
      "incr_op_margin_yoy": 0.02998936547323644,
      "rev_growth_yoy": -0.6126748327686561,
      "rev_growth_yoy_accel": -0.6263518734555877,
      "fcf_margin_change": 0.3221644893828974
    },
    {
      "date": "2022-06-30T00:00:00",
      "quarter_label": "2022-06 (Q2)",
      "revenue": 150898000,
      "gross_profit": 79482000,
      "operating_income": -5356000,
      "net_income": null,
      "opex": 84838000,
      "cogs": 71416000,
      "rd": 22750000,
      "sga": 59847000,
      "fcf": -2942000,
      "ocf": -1635000,
      "capex": -1307000,
      "gross_margin": 0.5267266630439105,
      "op_margin": -0.03549417487309308,
      "fcf_margin": -0.019496613606542167,
      "incr_op_margin_yoy": 0.07060085451673129,
      "rev_growth_yoy": -0.5962206393124154,
      "rev_growth_yoy_accel": 0.016454193456240662,
      "op_leverage_ratio": 0.2151683689429452,
      "fcf_margin_change": -0.5025346308769246
    },
    {
      "date": "2022-09-30T00:00:00",
      "quarter_label": "2022-09 (Q3)",
      "revenue": 151922000,
      "gross_profit": 83436000,
      "operating_income": 25001000,
      "net_income": null,
      "opex": 58435000,
      "cogs": 68486000,
      "rd": 23681000,
      "sga": 32518000,
      "fcf": 27917000,
      "ocf": 28141000,
      "capex": -224000,
      "gross_margin": 0.5492028804254815,
      "op_margin": 0.16456471083845658,
      "fcf_margin": 0.18375877094824977,
      "incr_op_margin_yoy": -0.05933747412008281,
      "rev_growth_yoy": -0.5885905240581468,
      "rev_growth_yoy_accel": 0.007630115254268599,
      "fcf_margin_change": 0.20325538455479195
    },
    {
      "date": "2022-12-31T00:00:00",
      "quarter_label": "2022-12 (Q4)",
      "revenue": 156212000,
      "gross_profit": 86851000,
      "operating_income": -9462000,
      "net_income": null,
      "opex": 96313000,
      "cogs": 69361000,
      "rd": 26981000,
      "sga": 43651000,
      "fcf": 19609000,
      "ocf": 19795000,
      "capex": -186000,
      "gross_margin": 0.555981614728702,
      "op_margin": -0.06057153099633831,
      "fcf_margin": 0.1255281284408368,
      "incr_op_margin_yoy": 0.18944994840479518,
      "rev_growth_yoy": -0.6011937737905892,
      "rev_growth_yoy_accel": -0.012603249732442423,
      "op_leverage_ratio": 0.043563486655270524,
      "fcf_margin_change": -0.05823064250741297
    }
  ],
  "signals": [
    {
      "quarter": "2022-09 (Q3)",
      "signal": "FCF TURNED POSITIVE",
      "detail": "FCF margin: -1.9% -> +18.4%",
      "severity": "HIGH"
    },
    {
      "quarter": "2022-09 (Q3)",
      "signal": "OP MARGIN TURNED POSITIVE (QoQ)",
      "detail": "Op margin: -3.5% -> +16.5%",
      "severity": "HIGH"
    },
    {
      "quarter": "2022-03 (Q1)",
      "signal": "FCF MARGIN EXPANSION",
      "detail": "FCF margin: +16.1% -> +48.3% (+32.2%)",
      "severity": "MEDIUM"
    },
    {
      "quarter": "2022-03 (Q1)",
      "signal": "GROSS MARGIN INFLECTION",
      "detail": "GM: +40.3% -> +21.3% -> +51.5% (reversal +30.2%)",
      "severity": "HIGH"
    },
    {
      "quarter": "2022-03 (Q1)",
      "signal": "YoY REVENUE GROWTH DECELERATION",
      "detail": "YoY growth: -61.3% vs prior quarter YoY: +1.4% (decel: -62.6%)",
      "severity": "WARNING"
    },
    {
      "quarter": "2021-12 (Q4)",
      "signal": "YoY REVENUE GROWTH ACCELERATION",
      "detail": "YoY growth: +1.4% vs prior quarter YoY: -8.1% (accel: +9.5%)",
      "severity": "MEDIUM"
    },
    {
      "quarter": "2021-12 (Q4)",
      "signal": "OP MARGIN TURNED POSITIVE (YoY)",
      "detail": "Op margin: -17.6% (year-ago) -> +9.0%",
      "severity": "HIGH"
    },
    {
      "quarter": "2021-09 (Q3)",
      "signal": "FCF TURNED POSITIVE",
      "detail": "FCF margin: -53.8% -> +14.9%",
      "severity": "HIGH"
    },
    {
      "quarter": "2021-06 (Q2)",
      "signal": "OP MARGIN TURNED POSITIVE (YoY)",
      "detail": "Op margin: -1.2% (year-ago) -> +2.8%",
      "severity": "HIGH"
    },
    {
      "quarter": "2021-03 (Q1)",
      "signal": "FCF TURNED POSITIVE",
      "detail": "FCF margin: -44.5% -> +1.2%",
      "severity": "HIGH"
    },
    {
      "quarter": "2021-03 (Q1)",
      "signal": "OP MARGIN TURNED POSITIVE (YoY)",
      "detail": "Op margin: -2.2% (year-ago) -> +3.6%",
      "severity": "HIGH"
    },
    {
      "quarter": "2021-03 (Q1)",
      "signal": "OP MARGIN TURNED POSITIVE (QoQ)",
      "detail": "Op margin: -17.6% -> +3.6%",
      "severity": "HIGH"
    },
    {
      "quarter": "2020-09 (Q3)",
      "signal": "FCF MARGIN EXPANSION",
      "detail": "FCF margin: +5.1% -> +12.4% (+7.3%)",
      "severity": "MEDIUM"
    },
    {
      "quarter": "2020-09 (Q3)",
      "signal": "OP MARGIN TURNED POSITIVE (QoQ)",
      "detail": "Op margin: -1.2% -> +2.3%",
      "severity": "HIGH"
    },
    {
      "quarter": "2020-06 (Q2)",
      "signal": "FCF TURNED POSITIVE",
      "detail": "FCF margin: -1.6% -> +5.1%",
      "severity": "HIGH"
    },
    {
      "quarter": "2020-06 (Q2)",
      "signal": "GROSS MARGIN INFLECTION",
      "detail": "GM: +39.9% -> +37.7% -> +40.5% (reversal +2.8%)",
      "severity": "MEDIUM"
    },
    {
      "quarter": "2020-06 (Q2)",
      "signal": "YoY REVENUE GROWTH DECELERATION",
      "detail": "YoY growth: -8.6% vs prior quarter YoY: -3.5% (decel: -5.1%)",
      "severity": "WARNING"
    },
    {
      "quarter": "2020-03 (Q1)",
      "signal": "YoY REVENUE GROWTH DECELERATION",
      "detail": "YoY growth: -3.5% vs prior quarter YoY: +2.0% (decel: -5.5%)",
      "severity": "WARNING"
    },
    {
      "quarter": "2019-12 (Q4)",
      "signal": "YoY REVENUE GROWTH ACCELERATION",
      "detail": "YoY growth: +2.0% vs prior quarter YoY: -15.0% (accel: +16.9%)",
      "severity": "HIGH"
    },
    {
      "quarter": "2019-09 (Q3)",
      "signal": "FCF TURNED POSITIVE",
      "detail": "FCF margin: -2.8% -> +7.2%",
      "severity": "HIGH"
    },
    {
      "quarter": "2019-06 (Q2)",
      "signal": "OP MARGIN TURNED POSITIVE (YoY)",
      "detail": "Op margin: -11.2% (year-ago) -> +1.1%",
      "severity": "HIGH"
    },
    {
      "quarter": "2019-03 (Q1)",
      "signal": "FCF TURNED POSITIVE",
      "detail": "FCF margin: -5.0% -> +0.2%",
      "severity": "HIGH"
    },
    {
      "quarter": "2019-03 (Q1)",
      "signal": "OP MARGIN TURNED POSITIVE (YoY)",
      "detail": "Op margin: -0.8% (year-ago) -> +0.6%",
      "severity": "HIGH"
    },
    {
      "quarter": "2019-03 (Q1)",
      "signal": "OP MARGIN TURNED POSITIVE (QoQ)",
      "detail": "Op margin: -6.0% -> +0.6%",
      "severity": "HIGH"
    },
    {
      "quarter": "2018-09 (Q3)",
      "signal": "OP MARGIN TURNED POSITIVE (QoQ)",
      "detail": "Op margin: -11.2% -> +0.5%",
      "severity": "HIGH"
    }
  ],
  "data_quality": {
    "n_quarters": 20,
    "coverage": {
      "revenue": [
        20,
        20
      ],
      "gross_profit": [
        20,
        20
      ],
      "op_income": [
        20,
        20
      ],
      "fcf": [
        20,
        20
      ]
    },
    "gaps": [],
    "warnings": []
  },
  "market_cap": null,
  "source": "SEC EDGAR",
  "last_updated": "2026-02-03T00:57:02.333913"
}