{
  "ticker": "MDT",
  "name": "Medtronic plc",
  "quarters": [
    {
      "date": "2021-01-29T00:00:00",
      "quarter_label": "2021-01 (Q1)",
      "revenue": 7775000000,
      "gross_profit": 5154000000,
      "operating_income": 1277000000,
      "net_income": 1270000000,
      "opex": 3877000000,
      "cogs": 2621000000,
      "rd": null,
      "sga": 2537000000,
      "fcf": 1993000000,
      "ocf": 2356000000,
      "capex": -363000000,
      "gross_margin": 0.6628938906752412,
      "op_margin": 0.1642443729903537,
      "fcf_margin": 0.2563344051446945
    },
    {
      "date": "2021-04-30T00:00:00",
      "quarter_label": "2021-04 (Q2)",
      "revenue": 8188000000,
      "gross_profit": 5535000000,
      "operating_income": 1605000000,
      "net_income": 1360000000,
      "opex": 3930000000,
      "cogs": 2653000000,
      "rd": null,
      "sga": 2595000000,
      "fcf": 1368000000,
      "ocf": 1745000000,
      "capex": -377000000,
      "gross_margin": 0.6759892525647289,
      "op_margin": 0.19601856375183194,
      "fcf_margin": 0.16707376648754274,
      "op_leverage_ratio": 3.885702845355821,
      "fcf_margin_change": -0.08926063865715178
    },
    {
      "date": "2021-07-30T00:00:00",
      "quarter_label": "2021-07 (Q3)",
      "revenue": 7987000000,
      "gross_profit": 5389000000,
      "operating_income": 859000000,
      "net_income": 763000000,
      "opex": 4530000000,
      "cogs": 2598000000,
      "rd": null,
      "sga": 2547000000,
      "fcf": 914000000,
      "ocf": 1292000000,
      "capex": -378000000,
      "gross_margin": 0.6747214223112558,
      "op_margin": 0.10754976837360711,
      "fcf_margin": 0.11443595843245273,
      "fcf_margin_change": -0.05263780805509001
    },
    {
      "date": "2021-10-29T00:00:00",
      "quarter_label": "2021-10 (Q4)",
      "revenue": 7847000000,
      "gross_profit": 5350000000,
      "operating_income": 1563000000,
      "net_income": 1311000000,
      "opex": 3787000000,
      "cogs": 2497000000,
      "rd": null,
      "sga": 2615000000,
      "fcf": 1498000000,
      "ocf": 1769000000,
      "capex": -271000000,
      "gross_margin": 0.6817892188097362,
      "op_margin": 0.19918440168217152,
      "fcf_margin": 0.19090098126672614,
      "fcf_margin_change": 0.07646502283427341
    },
    {
      "date": "2022-01-28T00:00:00",
      "quarter_label": "2022-01 (Q1)",
      "revenue": 7763000000,
      "gross_profit": 5304000000,
      "operating_income": 1659000000,
      "net_income": 1480000000,
      "opex": 3645000000,
      "cogs": 2459000000,
      "rd": null,
      "sga": 2561000000,
      "fcf": 1898000000,
      "ocf": 2228000000,
      "capex": -330000000,
      "gross_margin": 0.6832410150714929,
      "op_margin": 0.21370604147880973,
      "fcf_margin": 0.2444931083344068,
      "incr_op_margin_yoy": -31.833333333333332,
      "rev_growth_yoy": -0.0015434083601286173,
      "fcf_margin_change": 0.053592127067680656
    },
    {
      "date": "2022-04-29T00:00:00",
      "quarter_label": "2022-04 (Q2)",
      "revenue": 8089000000,
      "gross_profit": 5498000000,
      "operating_income": 1671000000,
      "net_income": 1485000000,
      "opex": 3827000000,
      "cogs": 2591000000,
      "rd": null,
      "sga": 2569000000,
      "fcf": 1668000000,
      "ocf": 2057000000,
      "capex": -389000000,
      "gross_margin": 0.6796884658177772,
      "op_margin": 0.20657683273581406,
      "fcf_margin": 0.2062059587093584,
      "incr_op_margin_yoy": -0.6666666666666666,
      "rev_growth_yoy": -0.01209086468001954,
      "rev_growth_yoy_accel": -0.010547456319890923,
      "op_leverage_ratio": 0.8410351724792019,
      "fcf_margin_change": -0.038287149625048394
    },
    {
      "date": "2022-07-29T00:00:00",
      "quarter_label": "2022-07 (Q3)",
      "revenue": 7371000000,
      "gross_profit": 4855000000,
      "operating_income": 1125000000,
      "net_income": 929000000,
      "opex": 3730000000,
      "cogs": 2516000000,
      "rd": null,
      "sga": 2567000000,
      "fcf": 657000000,
      "ocf": 1083000000,
      "capex": -426000000,
      "gross_margin": 0.658662325328992,
      "op_margin": 0.15262515262515264,
      "fcf_margin": 0.08913308913308914,
      "incr_op_margin_yoy": -0.4318181818181818,
      "rev_growth_yoy": -0.07712532865907099,
      "rev_growth_yoy_accel": -0.06503446397905144,
      "fcf_margin_change": -0.11707286957626926
    },
    {
      "date": "2022-10-28T00:00:00",
      "quarter_label": "2022-10 (Q4)",
      "revenue": 7585000000,
      "gross_profit": 5050000000,
      "operating_income": 1404000000,
      "net_income": 427000000,
      "opex": 3646000000,
      "cogs": 2535000000,
      "rd": null,
      "sga": 2617000000,
      "fcf": 599000000,
      "ocf": 922000000,
      "capex": -323000000,
      "gross_margin": 0.6657877389584707,
      "op_margin": 0.18510217534607779,
      "fcf_margin": 0.07897165458141069,
      "incr_op_margin_yoy": 0.6068702290076335,
      "rev_growth_yoy": -0.03338855613610297,
      "rev_growth_yoy_accel": 0.043736772522968016,
      "op_leverage_ratio": Infinity,
      "fcf_margin_change": -0.01016143455167845
    },
    {
      "date": "2023-01-27T00:00:00",
      "quarter_label": "2023-01 (Q1)",
      "revenue": 7727000000,
      "gross_profit": 5038000000,
      "operating_income": 1392000000,
      "net_income": 1222000000,
      "opex": 3646000000,
      "cogs": 2689000000,
      "rd": null,
      "sga": 2615000000,
      "fcf": 1242000000,
      "ocf": 1574000000,
      "capex": -332000000,
      "gross_margin": 0.6519994823346706,
      "op_margin": 0.1801475346188689,
      "fcf_margin": 0.16073508476769768,
      "incr_op_margin_yoy": 7.416666666666667,
      "rev_growth_yoy": -0.004637382455236378,
      "rev_growth_yoy_accel": 0.02875117368086659,
      "op_leverage_ratio": Infinity,
      "fcf_margin_change": 0.081763430186287
    },
    {
      "date": "2023-04-28T00:00:00",
      "quarter_label": "2023-04 (Q2)",
      "revenue": 8545000000,
      "gross_profit": 5566000000,
      "operating_income": 1565000000,
      "net_income": 1179000000,
      "opex": 4001000000,
      "cogs": 2979000000,
      "rd": null,
      "sga": 2616000000,
      "fcf": 2082000000,
      "ocf": 2460000000,
      "capex": -378000000,
      "gross_margin": 0.6513750731421885,
      "op_margin": 0.1831480397893505,
      "fcf_margin": 0.24365125804564072,
      "incr_op_margin_yoy": -0.2324561403508772,
      "rev_growth_yoy": 0.05637285202126344,
      "rev_growth_yoy_accel": 0.06101023447649982,
      "op_leverage_ratio": 1.0872532203704952,
      "fcf_margin_change": 0.08291617327794304
    },
    {
      "date": "2023-07-28T00:00:00",
      "quarter_label": "2023-07 (Q3)",
      "revenue": 7702000000,
      "gross_profit": 5074000000,
      "operating_income": 1268000000,
      "net_income": 791000000,
      "opex": 3806000000,
      "cogs": 2628000000,
      "rd": null,
      "sga": 2613000000,
      "fcf": 521000000,
      "ocf": 875000000,
      "capex": -354000000,
      "gross_margin": 0.6587899246948844,
      "op_margin": 0.16463256297065698,
      "fcf_margin": 0.06764476759283303,
      "incr_op_margin_yoy": 0.43202416918429004,
      "rev_growth_yoy": 0.044905711572378236,
      "rev_growth_yoy_accel": -0.011467140448885207,
      "fcf_margin_change": -0.1760064904528077
    },
    {
      "date": "2023-10-27T00:00:00",
      "quarter_label": "2023-10 (Q4)",
      "revenue": 7984000000,
      "gross_profit": 5223000000,
      "operating_income": 1340000000,
      "net_income": 909000000,
      "opex": 3883000000,
      "cogs": 2761000000,
      "rd": null,
      "sga": 2686000000,
      "fcf": 200000000,
      "ocf": 661000000,
      "capex": -461000000,
      "gross_margin": 0.6541833667334669,
      "op_margin": 0.16783567134268537,
      "fcf_margin": 0.025050100200400802,
      "incr_op_margin_yoy": -0.16040100250626566,
      "rev_growth_yoy": 0.05260382333553065,
      "rev_growth_yoy_accel": 0.007698111763152417,
      "op_leverage_ratio": 1.8097711169640538,
      "fcf_margin_change": -0.04259466739243223
    },
    {
      "date": "2024-01-26T00:00:00",
      "quarter_label": "2024-01 (Q1)",
      "revenue": 8089000000,
      "gross_profit": 5307000000,
      "operating_income": 1483000000,
      "net_income": 1322000000,
      "opex": 3824000000,
      "cogs": 2782000000,
      "rd": null,
      "sga": 2673000000,
      "fcf": 2128000000,
      "ocf": 2474000000,
      "capex": -346000000,
      "gross_margin": 0.6560761528000989,
      "op_margin": 0.18333539374459143,
      "fcf_margin": 0.26307330943256274,
      "incr_op_margin_yoy": 0.2513812154696133,
      "rev_growth_yoy": 0.046848712307493205,
      "rev_growth_yoy_accel": -0.005755111028037448,
      "op_leverage_ratio": Infinity,
      "fcf_margin_change": 0.23802320923216194
    },
    {
      "date": "2024-04-26T00:00:00",
      "quarter_label": "2024-04 (Q2)",
      "revenue": 8589000000,
      "gross_profit": 5545000000,
      "operating_income": 1053000000,
      "net_income": 654000000,
      "opex": 4492000000,
      "cogs": 3044000000,
      "rd": null,
      "sga": 2765000000,
      "fcf": 2351000000,
      "ocf": 2777000000,
      "capex": -426000000,
      "gross_margin": 0.6455932006054256,
      "op_margin": 0.1225986727209221,
      "fcf_margin": 0.2737222028175573,
      "incr_op_margin_yoy": -11.636363636363637,
      "rev_growth_yoy": 0.005149210064365126,
      "rev_growth_yoy_accel": -0.04169950224312808,
      "op_leverage_ratio": 0.3538478735445415,
      "fcf_margin_change": 0.010648893384994584
    },
    {
      "date": "2024-07-26T00:00:00",
      "quarter_label": "2024-07 (Q3)",
      "revenue": 7915000000,
      "gross_profit": 5154000000,
      "operating_income": 1278000000,
      "net_income": 1042000000,
      "opex": 3876000000,
      "cogs": 2761000000,
      "rd": null,
      "sga": 2655000000,
      "fcf": 466000000,
      "ocf": 986000000,
      "capex": -520000000,
      "gross_margin": 0.651168667087808,
      "op_margin": 0.16146557169930512,
      "fcf_margin": 0.05887555274794694,
      "incr_op_margin_yoy": 0.046948356807511735,
      "rev_growth_yoy": 0.02765515450532329,
      "rev_growth_yoy_accel": 0.022505944440958166,
      "fcf_margin_change": -0.2148466500696104
    },
    {
      "date": "2024-10-25T00:00:00",
      "quarter_label": "2024-10 (Q4)",
      "revenue": 8403000000,
      "gross_profit": 5457000000,
      "operating_income": 1595000000,
      "net_income": 1270000000,
      "opex": 3862000000,
      "cogs": 2946000000,
      "rd": null,
      "sga": 2757000000,
      "fcf": 554000000,
      "ocf": 958000000,
      "capex": -404000000,
      "gross_margin": 0.6494109246697608,
      "op_margin": 0.18981316196596454,
      "fcf_margin": 0.06592883493990241,
      "incr_op_margin_yoy": 0.6085918854415274,
      "rev_growth_yoy": 0.052479959919839676,
      "rev_growth_yoy_accel": 0.024824805414516385,
      "op_leverage_ratio": Infinity,
      "fcf_margin_change": 0.007053282191955473
    },
    {
      "date": "2025-01-24T00:00:00",
      "quarter_label": "2025-01 (Q1)",
      "revenue": 8292000000,
      "gross_profit": 5513000000,
      "operating_income": 1646000000,
      "net_income": 1294000000,
      "opex": 3867000000,
      "cogs": 2779000000,
      "rd": null,
      "sga": 2717000000,
      "fcf": 2096000000,
      "ocf": 2572000000,
      "capex": -476000000,
      "gross_margin": 0.6648576941630487,
      "op_margin": 0.1985045827303425,
      "fcf_margin": 0.25277375783888084,
      "incr_op_margin_yoy": 0.8029556650246306,
      "rev_growth_yoy": 0.02509580912350105,
      "rev_growth_yoy_accel": -0.027384150796338626,
      "fcf_margin_change": 0.18684492289897842
    },
    {
      "date": "2025-04-25T00:00:00",
      "quarter_label": "2025-04 (Q2)",
      "revenue": 8927000000,
      "gross_profit": 5780000000,
      "operating_income": 1436000000,
      "net_income": 1056000000,
      "opex": 4344000000,
      "cogs": 3147000000,
      "rd": null,
      "sga": 2720000000,
      "fcf": 2069000000,
      "ocf": 2528000000,
      "capex": -459000000,
      "gross_margin": 0.6474739554161533,
      "op_margin": 0.160860311414809,
      "fcf_margin": 0.23176879130727007,
      "incr_op_margin_yoy": 1.1331360946745561,
      "rev_growth_yoy": 0.039352660379555246,
      "rev_growth_yoy_accel": 0.014256851256054196,
      "op_leverage_ratio": 0.6208264690980471,
      "fcf_margin_change": -0.02100496653161077
    },
    {
      "date": "2025-07-25T00:00:00",
      "quarter_label": "2025-07 (Q3)",
      "revenue": 8578000000,
      "gross_profit": 5577000000,
      "operating_income": 1445000000,
      "net_income": 1040000000,
      "opex": 4132000000,
      "cogs": 3001000000,
      "rd": null,
      "sga": 2806000000,
      "fcf": 584000000,
      "ocf": 1088000000,
      "capex": -504000000,
      "gross_margin": 0.6501515504779669,
      "op_margin": 0.1684541851247377,
      "fcf_margin": 0.06808113779435766,
      "incr_op_margin_yoy": 0.25188536953242835,
      "rev_growth_yoy": 0.0837650031585597,
      "rev_growth_yoy_accel": 0.04441234277900445,
      "fcf_margin_change": -0.16368765351291242
    },
    {
      "date": "2025-10-24T00:00:00",
      "quarter_label": "2025-10 (Q4)",
      "revenue": 8961000000,
      "gross_profit": 5900000000,
      "operating_income": 1686000000,
      "net_income": 1374000000,
      "opex": 4214000000,
      "cogs": 3061000000,
      "rd": null,
      "sga": 2965000000,
      "fcf": 457000000,
      "ocf": 925000000,
      "capex": -468000000,
      "gross_margin": 0.658408659747796,
      "op_margin": 0.18814864412453966,
      "fcf_margin": 0.05099877245843098,
      "incr_op_margin_yoy": 0.16308243727598568,
      "rev_growth_yoy": 0.06640485540878258,
      "rev_growth_yoy_accel": -0.01736014774977712,
      "op_leverage_ratio": 2.249879157686424,
      "fcf_margin_change": -0.017082365335926684
    }
  ],
  "signals": [
    {
      "quarter": "2025-10 (Q4)",
      "signal": "OPERATING LEVERAGE",
      "detail": "Rev growth +4.5% vs OpEx growth +2.0% (leverage: 2.2x)",
      "severity": "MEDIUM"
    },
    {
      "quarter": "2025-04 (Q2)",
      "signal": "INCREMENTAL MARGIN (YoY)",
      "detail": "YoY Incr OPM: +113.3% vs year-ago OPM: +12.3%",
      "severity": "HIGH"
    },
    {
      "quarter": "2025-01 (Q1)",
      "signal": "FCF MARGIN EXPANSION",
      "detail": "FCF margin: +6.6% -> +25.3% (+18.7%)",
      "severity": "MEDIUM"
    },
    {
      "quarter": "2025-01 (Q1)",
      "signal": "INCREMENTAL MARGIN (YoY)",
      "detail": "YoY Incr OPM: +80.3% vs year-ago OPM: +18.3%",
      "severity": "HIGH"
    },
    {
      "quarter": "2024-10 (Q4)",
      "signal": "INCREMENTAL MARGIN (YoY)",
      "detail": "YoY Incr OPM: +60.9% vs year-ago OPM: +16.8%",
      "severity": "HIGH"
    },
    {
      "quarter": "2024-01 (Q1)",
      "signal": "FCF MARGIN EXPANSION",
      "detail": "FCF margin: +2.5% -> +26.3% (+23.8%)",
      "severity": "MEDIUM"
    },
    {
      "quarter": "2023-10 (Q4)",
      "signal": "OPERATING LEVERAGE",
      "detail": "Rev growth +3.7% vs OpEx growth +2.0% (leverage: 1.8x)",
      "severity": "MEDIUM"
    },
    {
      "quarter": "2023-07 (Q3)",
      "signal": "INCREMENTAL MARGIN (YoY)",
      "detail": "YoY Incr OPM: +43.2% vs year-ago OPM: +15.3%",
      "severity": "HIGH"
    },
    {
      "quarter": "2023-04 (Q2)",
      "signal": "FCF MARGIN EXPANSION",
      "detail": "FCF margin: +16.1% -> +24.4% (+8.3%)",
      "severity": "MEDIUM"
    },
    {
      "quarter": "2023-04 (Q2)",
      "signal": "YoY REVENUE GROWTH ACCELERATION",
      "detail": "YoY growth: +5.6% vs prior quarter YoY: -0.5% (accel: +6.1%)",
      "severity": "MEDIUM"
    },
    {
      "quarter": "2023-01 (Q1)",
      "signal": "FCF MARGIN EXPANSION",
      "detail": "FCF margin: +7.9% -> +16.1% (+8.2%)",
      "severity": "MEDIUM"
    },
    {
      "quarter": "2023-01 (Q1)",
      "signal": "INCREMENTAL MARGIN (YoY)",
      "detail": "YoY Incr OPM: +741.7% vs year-ago OPM: +21.4%",
      "severity": "HIGH"
    },
    {
      "quarter": "2022-10 (Q4)",
      "signal": "INCREMENTAL MARGIN (YoY)",
      "detail": "YoY Incr OPM: +60.7% vs year-ago OPM: +19.9%",
      "severity": "HIGH"
    },
    {
      "quarter": "2022-07 (Q3)",
      "signal": "YoY REVENUE GROWTH DECELERATION",
      "detail": "YoY growth: -7.7% vs prior quarter YoY: -1.2% (decel: -6.5%)",
      "severity": "WARNING"
    },
    {
      "quarter": "2022-01 (Q1)",
      "signal": "FCF MARGIN EXPANSION",
      "detail": "FCF margin: +19.1% -> +24.4% (+5.4%)",
      "severity": "MEDIUM"
    },
    {
      "quarter": "2021-10 (Q4)",
      "signal": "FCF MARGIN EXPANSION",
      "detail": "FCF margin: +11.4% -> +19.1% (+7.6%)",
      "severity": "MEDIUM"
    },
    {
      "quarter": "2021-04 (Q2)",
      "signal": "OPERATING LEVERAGE",
      "detail": "Rev growth +5.3% vs OpEx growth +1.4% (leverage: 3.9x)",
      "severity": "MEDIUM"
    }
  ],
  "data_quality": {
    "n_quarters": 20,
    "coverage": {
      "revenue": [
        20,
        20
      ],
      "gross_profit": [
        20,
        20
      ],
      "op_income": [
        20,
        20
      ],
      "fcf": [
        20,
        20
      ]
    },
    "gaps": [],
    "warnings": []
  },
  "market_cap": null,
  "source": "SEC EDGAR",
  "last_updated": "2026-02-02T19:48:07.967698"
}