{
  "ticker": "MDXG",
  "name": "MIMEDX GROUP, INC.",
  "quarters": [
    {
      "date": "2020-12-31T00:00:00",
      "quarter_label": "2020-12 (Q4)",
      "revenue": 68548000,
      "gross_profit": 57730000,
      "operating_income": -16091000,
      "net_income": -16580000,
      "opex": 73821000,
      "cogs": 10817000,
      "rd": 3434000,
      "sga": 48706000,
      "fcf": -10267000,
      "ocf": -10267000,
      "capex": null,
      "gross_margin": 0.8421835793896247,
      "op_margin": -0.23474061971173485,
      "fcf_margin": -0.14977825757133686
    },
    {
      "date": "2021-03-31T00:00:00",
      "quarter_label": "2021-03 (Q1)",
      "revenue": 59967000,
      "gross_profit": 50326000,
      "operating_income": -6852000,
      "net_income": -8382000,
      "opex": 57178000,
      "cogs": 9641000,
      "rd": 4339000,
      "sga": 45404000,
      "fcf": -8620000,
      "ocf": -6679000,
      "capex": -1941000,
      "gross_margin": 0.8392282421998766,
      "op_margin": -0.11426284456451048,
      "fcf_margin": -0.1437457268164157,
      "fcf_margin_change": 0.0060325307549211615
    },
    {
      "date": "2021-06-30T00:00:00",
      "quarter_label": "2021-06 (Q2)",
      "revenue": 68165000,
      "gross_profit": 55405000,
      "operating_income": -410000,
      "net_income": -1779000,
      "opex": 55815000,
      "cogs": 12760000,
      "rd": 4063000,
      "sga": 53599000,
      "fcf": 1194000,
      "ocf": 1599000,
      "capex": -405000,
      "gross_margin": 0.8128071590992445,
      "op_margin": -0.00601481698819042,
      "fcf_margin": 0.017516320692437467,
      "op_leverage_ratio": Infinity,
      "fcf_margin_change": 0.16126204750885317
    },
    {
      "date": "2021-09-30T00:00:00",
      "quarter_label": "2021-09 (Q3)",
      "revenue": 63074000,
      "gross_profit": 52945000,
      "operating_income": -1075000,
      "net_income": -2339000,
      "opex": 54020000,
      "cogs": 10129000,
      "rd": 4368000,
      "sga": 46289000,
      "fcf": 5783000,
      "ocf": 6330000,
      "capex": -547000,
      "gross_margin": 0.8394108507467419,
      "op_margin": -0.017043472746298,
      "fcf_margin": 0.09168595617845705,
      "fcf_margin_change": 0.07416963548601958
    },
    {
      "date": "2021-12-31T00:00:00",
      "quarter_label": "2021-12 (Q4)",
      "revenue": 67409000,
      "gross_profit": 56656000,
      "operating_income": 3301000,
      "net_income": 2215000,
      "opex": 53355000,
      "cogs": 10753000,
      "rd": 4574000,
      "sga": 53068000,
      "fcf": -3557000,
      "ocf": -3232000,
      "capex": -325000,
      "gross_margin": 0.8404812413772642,
      "op_margin": 0.04896972214392737,
      "fcf_margin": -0.05276743461555579,
      "incr_op_margin_yoy": -17.025460930640914,
      "rev_growth_yoy": -0.016616093832059288,
      "op_leverage_ratio": Infinity,
      "fcf_margin_change": -0.14445339079401284
    },
    {
      "date": "2022-03-31T00:00:00",
      "quarter_label": "2022-03 (Q1)",
      "revenue": 58894000,
      "gross_profit": 48958000,
      "operating_income": -9300000,
      "net_income": -10489000,
      "opex": 58258000,
      "cogs": 9936000,
      "rd": 5964000,
      "sga": 49570000,
      "fcf": -10341000,
      "ocf": -10223000,
      "capex": -118000,
      "gross_margin": 0.8312901144428974,
      "op_margin": -0.15791082283424457,
      "fcf_margin": -0.1755866471966584,
      "incr_op_margin_yoy": 2.281453867660764,
      "rev_growth_yoy": -0.017893174579351977,
      "rev_growth_yoy_accel": -0.0012770807472926894,
      "fcf_margin_change": -0.12281921258110261
    },
    {
      "date": "2022-06-30T00:00:00",
      "quarter_label": "2022-06 (Q2)",
      "revenue": 66883000,
      "gross_profit": 55060000,
      "operating_income": -9636000,
      "net_income": -10868000,
      "opex": 64696000,
      "cogs": 11823000,
      "rd": 5512000,
      "sga": 55793000,
      "fcf": -3385000,
      "ocf": -3005000,
      "capex": -380000,
      "gross_margin": 0.8232286231179822,
      "op_margin": -0.14407248478686663,
      "fcf_margin": -0.05061076805765292,
      "incr_op_margin_yoy": 7.196567862714509,
      "rev_growth_yoy": -0.01880730580209785,
      "rev_growth_yoy_accel": -0.0009141312227458724,
      "op_leverage_ratio": 1.227512626267022,
      "fcf_margin_change": 0.12497587913900549
    },
    {
      "date": "2022-09-30T00:00:00",
      "quarter_label": "2022-09 (Q3)",
      "revenue": 67689000,
      "gross_profit": 55501000,
      "operating_income": -7103000,
      "net_income": -8426000,
      "opex": 62604000,
      "cogs": 12188000,
      "rd": 5953000,
      "sga": 53475000,
      "fcf": 610000,
      "ocf": 959000,
      "capex": -349000,
      "gross_margin": 0.8199412016723544,
      "op_margin": -0.10493580936341207,
      "fcf_margin": 0.009011803985876582,
      "incr_op_margin_yoy": -1.3061755146262188,
      "rev_growth_yoy": 0.07316802485968862,
      "rev_growth_yoy_accel": 0.09197533066178648,
      "op_leverage_ratio": Infinity,
      "fcf_margin_change": 0.0596225720435295
    },
    {
      "date": "2022-12-31T00:00:00",
      "quarter_label": "2022-12 (Q4)",
      "revenue": 74375000,
      "gross_profit": 60006000,
      "operating_income": 1067000,
      "net_income": -414000,
      "opex": 58939000,
      "cogs": 14369000,
      "rd": 5400000,
      "sga": 49951000,
      "fcf": -6291000,
      "ocf": -5624000,
      "capex": -667000,
      "gross_margin": 0.8068033613445378,
      "op_margin": 0.014346218487394959,
      "fcf_margin": -0.08458487394957984,
      "incr_op_margin_yoy": -0.32070054550674704,
      "rev_growth_yoy": 0.1033393167084514,
      "rev_growth_yoy_accel": 0.03017129184876277,
      "op_leverage_ratio": Infinity,
      "fcf_margin_change": -0.09359667793545642
    },
    {
      "date": "2023-03-31T00:00:00",
      "quarter_label": "2023-03 (Q1)",
      "revenue": 71676000,
      "gross_profit": 59257000,
      "operating_income": -3381000,
      "net_income": -4983000,
      "opex": 62638000,
      "cogs": 12419000,
      "rd": 6496000,
      "sga": 52279000,
      "fcf": -4681000,
      "ocf": -4048000,
      "capex": -633000,
      "gross_margin": 0.8267341927562922,
      "op_margin": -0.047170601038004356,
      "fcf_margin": -0.06530777387130979,
      "incr_op_margin_yoy": 0.46307307150680643,
      "rev_growth_yoy": 0.2170339932760553,
      "rev_growth_yoy_accel": 0.1136946765676039,
      "fcf_margin_change": 0.01927710007827005
    },
    {
      "date": "2023-06-30T00:00:00",
      "quarter_label": "2023-06 (Q2)",
      "revenue": 81257000,
      "gross_profit": 67674000,
      "operating_income": 2788000,
      "net_income": 1200000,
      "opex": 64886000,
      "cogs": 13583000,
      "rd": 8497000,
      "sga": 51925000,
      "fcf": 7476000,
      "ocf": 7775000,
      "capex": -299000,
      "gross_margin": 0.8328390169462323,
      "op_margin": 0.034310890138695746,
      "fcf_margin": 0.09200438116100766,
      "incr_op_margin_yoy": 0.8643383887574788,
      "rev_growth_yoy": 0.21491260858514122,
      "rev_growth_yoy_accel": -0.00212138469091408,
      "op_leverage_ratio": 3.724591561095709,
      "fcf_margin_change": 0.15731215503231744
    },
    {
      "date": "2023-09-30T00:00:00",
      "quarter_label": "2023-09 (Q3)",
      "revenue": 81712000,
      "gross_profit": 66922000,
      "operating_income": 10816000,
      "net_income": 8534000,
      "opex": 56106000,
      "cogs": 14790000,
      "rd": 3175000,
      "sga": 52571000,
      "fcf": 12163000,
      "ocf": 12791000,
      "capex": -628000,
      "gross_margin": 0.818998433522616,
      "op_margin": 0.13236733894654396,
      "fcf_margin": 0.14885206579205013,
      "incr_op_margin_yoy": 1.2778292804678029,
      "rev_growth_yoy": 0.20716807753106117,
      "rev_growth_yoy_accel": -0.007744531054080045,
      "fcf_margin_change": 0.056847684631042464
    },
    {
      "date": "2023-12-31T00:00:00",
      "quarter_label": "2023-12 (Q4)",
      "revenue": 86832000,
      "gross_profit": 72990000,
      "operating_income": 26890000,
      "net_income": 53477000,
      "opex": 46100000,
      "cogs": 13842000,
      "rd": -5503000,
      "sga": 54351000,
      "fcf": 9830000,
      "ocf": 10257000,
      "capex": -427000,
      "gross_margin": 0.8405887230514096,
      "op_margin": 0.30967845955408146,
      "fcf_margin": 0.11320711258522204,
      "incr_op_margin_yoy": 2.072971020309866,
      "rev_growth_yoy": 0.1674890756302521,
      "rev_growth_yoy_accel": -0.039679001900809086,
      "op_leverage_ratio": Infinity,
      "fcf_margin_change": -0.03564495320682809
    },
    {
      "date": "2024-03-31T00:00:00",
      "quarter_label": "2024-03 (Q1)",
      "revenue": 84709000,
      "gross_profit": 71722000,
      "operating_income": 13198000,
      "net_income": 9261000,
      "opex": 58524000,
      "cogs": 12987000,
      "rd": 2841000,
      "sga": 55129000,
      "fcf": 5978000,
      "ocf": 5978000,
      "capex": null,
      "gross_margin": 0.8466868927740854,
      "op_margin": 0.15580398776989457,
      "fcf_margin": 0.07057101370574555,
      "incr_op_margin_yoy": 1.2720785697843935,
      "rev_growth_yoy": 0.18183213348959204,
      "rev_growth_yoy_accel": 0.014343057859339953,
      "fcf_margin_change": -0.04263609887947649
    },
    {
      "date": "2024-06-30T00:00:00",
      "quarter_label": "2024-06 (Q2)",
      "revenue": 87207000,
      "gross_profit": 72352000,
      "operating_income": 23450000,
      "net_income": 17625000,
      "opex": 48902000,
      "cogs": 14855000,
      "rd": 3012000,
      "sga": 55401000,
      "fcf": 21814000,
      "ocf": 21814000,
      "capex": null,
      "gross_margin": 0.8296581696423452,
      "op_margin": 0.2689004323047462,
      "fcf_margin": 0.2501404703750846,
      "incr_op_margin_yoy": 3.4726050420168066,
      "rev_growth_yoy": 0.07322446066185068,
      "rev_growth_yoy_accel": -0.10860767282774136,
      "op_leverage_ratio": Infinity,
      "fcf_margin_change": 0.17956945666933904
    },
    {
      "date": "2024-09-30T00:00:00",
      "quarter_label": "2024-09 (Q3)",
      "revenue": 84057000,
      "gross_profit": 68735000,
      "operating_income": 11162000,
      "net_income": 8095000,
      "opex": 57573000,
      "cogs": 15322000,
      "rd": 2918000,
      "sga": 53516000,
      "fcf": 19624000,
      "ocf": 19624000,
      "capex": null,
      "gross_margin": 0.8177189288221088,
      "op_margin": 0.13279084430802907,
      "fcf_margin": 0.23346062790725342,
      "incr_op_margin_yoy": 0.14754797441364606,
      "rev_growth_yoy": 0.02869835519874682,
      "rev_growth_yoy_accel": -0.04452610546310386,
      "fcf_margin_change": -0.016679842467831163
    },
    {
      "date": "2024-12-31T00:00:00",
      "quarter_label": "2024-12 (Q4)",
      "revenue": 92907000,
      "gross_profit": 75998000,
      "operating_income": 11054000,
      "net_income": 7438000,
      "opex": 64944000,
      "cogs": 16909000,
      "rd": 3571000,
      "sga": 61043000,
      "fcf": 18782000,
      "ocf": 18782000,
      "capex": null,
      "gross_margin": 0.8180007964954201,
      "op_margin": 0.11897919424801146,
      "fcf_margin": 0.20215914839570753,
      "incr_op_margin_yoy": -2.6067489711934155,
      "rev_growth_yoy": 0.06996268656716417,
      "rev_growth_yoy_accel": 0.041264331368417353,
      "op_leverage_ratio": 0.8223597270315568,
      "fcf_margin_change": -0.03130147951154588
    },
    {
      "date": "2025-03-31T00:00:00",
      "quarter_label": "2025-03 (Q1)",
      "revenue": 88205000,
      "gross_profit": 71647000,
      "operating_income": 8251000,
      "net_income": 7023000,
      "opex": 63396000,
      "cogs": 16558000,
      "rd": 3328000,
      "sga": 59969000,
      "fcf": 5299000,
      "ocf": 5299000,
      "capex": null,
      "gross_margin": 0.812278215520662,
      "op_margin": 0.09354344991780511,
      "fcf_margin": 0.0600759594127317,
      "incr_op_margin_yoy": -1.415045766590389,
      "rev_growth_yoy": 0.041270703231061634,
      "rev_growth_yoy_accel": -0.02869198333610254,
      "fcf_margin_change": -0.14208318898297584
    },
    {
      "date": "2025-06-30T00:00:00",
      "quarter_label": "2025-06 (Q2)",
      "revenue": 98605000,
      "gross_profit": 79924000,
      "operating_income": 12370000,
      "net_income": 9618000,
      "opex": 67554000,
      "cogs": 18681000,
      "rd": 3303000,
      "sga": 64151000,
      "fcf": 14419000,
      "ocf": 14419000,
      "capex": null,
      "gross_margin": 0.810547132498352,
      "op_margin": 0.12545002788905227,
      "fcf_margin": 0.14622990720551696,
      "incr_op_margin_yoy": -0.9721003684856993,
      "rev_growth_yoy": 0.1307005171603197,
      "rev_growth_yoy_accel": 0.08942981392925806,
      "op_leverage_ratio": 1.7977011934270595,
      "fcf_margin_change": 0.08615394779278526
    },
    {
      "date": "2025-09-30T00:00:00",
      "quarter_label": "2025-09 (Q3)",
      "revenue": 113725000,
      "gross_profit": 95006000,
      "operating_income": 22190000,
      "net_income": 16748000,
      "opex": 72816000,
      "cogs": 18719000,
      "rd": 3703000,
      "sga": 69001000,
      "fcf": 29329000,
      "ocf": 29329000,
      "capex": null,
      "gross_margin": 0.8354011870740822,
      "op_margin": 0.1951198065508903,
      "fcf_margin": 0.25789404264673554,
      "incr_op_margin_yoy": 0.37171363084805176,
      "rev_growth_yoy": 0.352950973744007,
      "rev_growth_yoy_accel": 0.22225045658368733,
      "op_leverage_ratio": 1.9685800497325374,
      "fcf_margin_change": 0.11166413544121859
    }
  ],
  "signals": [
    {
      "quarter": "2025-09 (Q3)",
      "signal": "FCF MARGIN EXPANSION",
      "detail": "FCF margin: +14.6% -> +25.8% (+11.2%)",
      "severity": "MEDIUM"
    },
    {
      "quarter": "2025-09 (Q3)",
      "signal": "OPERATING LEVERAGE",
      "detail": "Rev growth +15.3% vs OpEx growth +7.8% (leverage: 2.0x)",
      "severity": "MEDIUM"
    },
    {
      "quarter": "2025-09 (Q3)",
      "signal": "GROSS MARGIN INFLECTION",
      "detail": "GM: +81.2% -> +81.1% -> +83.5% (reversal +2.5%)",
      "severity": "MEDIUM"
    },
    {
      "quarter": "2025-09 (Q3)",
      "signal": "YoY REVENUE GROWTH ACCELERATION",
      "detail": "YoY growth: +35.3% vs prior quarter YoY: +13.1% (accel: +22.2%)",
      "severity": "HIGH"
    },
    {
      "quarter": "2025-09 (Q3)",
      "signal": "INCREMENTAL MARGIN (YoY)",
      "detail": "YoY Incr OPM: +37.2% vs year-ago OPM: +13.3%",
      "severity": "HIGH"
    },
    {
      "quarter": "2025-06 (Q2)",
      "signal": "FCF MARGIN EXPANSION",
      "detail": "FCF margin: +6.0% -> +14.6% (+8.6%)",
      "severity": "MEDIUM"
    },
    {
      "quarter": "2025-06 (Q2)",
      "signal": "OPERATING LEVERAGE",
      "detail": "Rev growth +11.8% vs OpEx growth +6.6% (leverage: 1.8x)",
      "severity": "MEDIUM"
    },
    {
      "quarter": "2025-06 (Q2)",
      "signal": "YoY REVENUE GROWTH ACCELERATION",
      "detail": "YoY growth: +13.1% vs prior quarter YoY: +4.1% (accel: +8.9%)",
      "severity": "MEDIUM"
    },
    {
      "quarter": "2024-06 (Q2)",
      "signal": "FCF MARGIN EXPANSION",
      "detail": "FCF margin: +7.1% -> +25.0% (+18.0%)",
      "severity": "MEDIUM"
    },
    {
      "quarter": "2024-06 (Q2)",
      "signal": "YoY REVENUE GROWTH DECELERATION",
      "detail": "YoY growth: +7.3% vs prior quarter YoY: +18.2% (decel: -10.9%)",
      "severity": "WARNING"
    },
    {
      "quarter": "2024-06 (Q2)",
      "signal": "INCREMENTAL MARGIN (YoY)",
      "detail": "YoY Incr OPM: +347.3% vs year-ago OPM: +3.4%",
      "severity": "HIGH"
    },
    {
      "quarter": "2024-03 (Q1)",
      "signal": "OP MARGIN TURNED POSITIVE (YoY)",
      "detail": "Op margin: -4.7% (year-ago) -> +15.6%",
      "severity": "HIGH"
    },
    {
      "quarter": "2023-12 (Q4)",
      "signal": "GROSS MARGIN INFLECTION",
      "detail": "GM: +83.3% -> +81.9% -> +84.1% (reversal +2.2%)",
      "severity": "MEDIUM"
    },
    {
      "quarter": "2023-12 (Q4)",
      "signal": "INCREMENTAL MARGIN (YoY)",
      "detail": "YoY Incr OPM: +207.3% vs year-ago OPM: +1.4%",
      "severity": "HIGH"
    },
    {
      "quarter": "2023-09 (Q3)",
      "signal": "FCF MARGIN EXPANSION",
      "detail": "FCF margin: +9.2% -> +14.9% (+5.7%)",
      "severity": "MEDIUM"
    },
    {
      "quarter": "2023-09 (Q3)",
      "signal": "OP MARGIN TURNED POSITIVE (YoY)",
      "detail": "Op margin: -10.5% (year-ago) -> +13.2%",
      "severity": "HIGH"
    },
    {
      "quarter": "2023-06 (Q2)",
      "signal": "FCF TURNED POSITIVE",
      "detail": "FCF margin: -6.5% -> +9.2%",
      "severity": "HIGH"
    },
    {
      "quarter": "2023-06 (Q2)",
      "signal": "OPERATING LEVERAGE",
      "detail": "Rev growth +13.4% vs OpEx growth +3.6% (leverage: 3.7x)",
      "severity": "MEDIUM"
    },
    {
      "quarter": "2023-06 (Q2)",
      "signal": "OP MARGIN TURNED POSITIVE (YoY)",
      "detail": "Op margin: -14.4% (year-ago) -> +3.4%",
      "severity": "HIGH"
    },
    {
      "quarter": "2023-06 (Q2)",
      "signal": "OP MARGIN TURNED POSITIVE (QoQ)",
      "detail": "Op margin: -4.7% -> +3.4%",
      "severity": "HIGH"
    },
    {
      "quarter": "2023-03 (Q1)",
      "signal": "YoY REVENUE GROWTH ACCELERATION",
      "detail": "YoY growth: +21.7% vs prior quarter YoY: +10.3% (accel: +11.4%)",
      "severity": "MEDIUM"
    },
    {
      "quarter": "2022-12 (Q4)",
      "signal": "OP MARGIN TURNED POSITIVE (QoQ)",
      "detail": "Op margin: -10.5% -> +1.4%",
      "severity": "HIGH"
    },
    {
      "quarter": "2022-09 (Q3)",
      "signal": "FCF TURNED POSITIVE",
      "detail": "FCF margin: -5.1% -> +0.9%",
      "severity": "HIGH"
    },
    {
      "quarter": "2022-09 (Q3)",
      "signal": "YoY REVENUE GROWTH ACCELERATION",
      "detail": "YoY growth: +7.3% vs prior quarter YoY: -1.9% (accel: +9.2%)",
      "severity": "MEDIUM"
    },
    {
      "quarter": "2022-06 (Q2)",
      "signal": "FCF MARGIN EXPANSION",
      "detail": "FCF margin: -17.6% -> -5.1% (+12.5%)",
      "severity": "MEDIUM"
    },
    {
      "quarter": "2021-12 (Q4)",
      "signal": "OP MARGIN TURNED POSITIVE (YoY)",
      "detail": "Op margin: -23.5% (year-ago) -> +4.9%",
      "severity": "HIGH"
    },
    {
      "quarter": "2021-12 (Q4)",
      "signal": "OP MARGIN TURNED POSITIVE (QoQ)",
      "detail": "Op margin: -1.7% -> +4.9%",
      "severity": "HIGH"
    },
    {
      "quarter": "2021-09 (Q3)",
      "signal": "FCF MARGIN EXPANSION",
      "detail": "FCF margin: +1.8% -> +9.2% (+7.4%)",
      "severity": "MEDIUM"
    },
    {
      "quarter": "2021-09 (Q3)",
      "signal": "GROSS MARGIN INFLECTION",
      "detail": "GM: +83.9% -> +81.3% -> +83.9% (reversal +2.7%)",
      "severity": "MEDIUM"
    },
    {
      "quarter": "2021-06 (Q2)",
      "signal": "FCF TURNED POSITIVE",
      "detail": "FCF margin: -14.4% -> +1.8%",
      "severity": "HIGH"
    }
  ],
  "data_quality": {
    "n_quarters": 20,
    "coverage": {
      "revenue": [
        20,
        20
      ],
      "gross_profit": [
        20,
        20
      ],
      "op_income": [
        20,
        20
      ],
      "fcf": [
        20,
        20
      ]
    },
    "gaps": [],
    "warnings": []
  },
  "market_cap": null,
  "source": "SEC EDGAR",
  "last_updated": "2026-02-02T22:09:55.684877",
  "sector": "Healthcare",
  "industry": "Biotechnology"
}