{
  "ticker": "MEC",
  "name": "Mayville Engineering Company,\u00a0Inc.",
  "quarters": [
    {
      "date": "2020-12-31T00:00:00",
      "quarter_label": "2020-12 (Q4)",
      "revenue": 95344000,
      "gross_profit": 11077000,
      "operating_income": 556000,
      "net_income": 971000,
      "opex": 10521000,
      "cogs": 84267000,
      "rd": null,
      "sga": null,
      "fcf": 14792000,
      "ocf": 17232000,
      "capex": -2440000,
      "gross_margin": 0.11617930860882698,
      "op_margin": 0.005831515354925323,
      "fcf_margin": 0.15514348044973988
    },
    {
      "date": "2021-03-31T00:00:00",
      "quarter_label": "2021-03 (Q1)",
      "revenue": 112620000,
      "gross_profit": 14776000,
      "operating_income": 4066000,
      "net_income": 2545000,
      "opex": 10710000,
      "cogs": 97844000,
      "rd": null,
      "sga": null,
      "fcf": -1365000,
      "ocf": 4194000,
      "capex": -5559000,
      "gross_margin": 0.13120227313088262,
      "op_margin": 0.03610371159651927,
      "fcf_margin": -0.012120404901438465,
      "op_leverage_ratio": 10.086605694467753,
      "fcf_margin_change": -0.16726388535117834
    },
    {
      "date": "2021-06-30T00:00:00",
      "quarter_label": "2021-06 (Q2)",
      "revenue": 120213000,
      "gross_profit": 16280000,
      "operating_income": 4803000,
      "net_income": 3292000,
      "opex": 11477000,
      "cogs": 103933000,
      "rd": null,
      "sga": null,
      "fcf": 2609000,
      "ocf": 14036000,
      "capex": -11427000,
      "gross_margin": 0.13542628501077256,
      "op_margin": 0.039954081505328046,
      "fcf_margin": 0.021703143586800096,
      "op_leverage_ratio": 0.9414385628819049,
      "fcf_margin_change": 0.03382354848823856
    },
    {
      "date": "2021-09-30T00:00:00",
      "quarter_label": "2021-09 (Q3)",
      "revenue": 109018000,
      "gross_profit": 10909000,
      "operating_income": 864000,
      "net_income": 275000,
      "opex": 10045000,
      "cogs": 98109000,
      "rd": null,
      "sga": null,
      "fcf": -15039000,
      "ocf": -5437000,
      "capex": -9602000,
      "gross_margin": 0.1000660441394999,
      "op_margin": 0.007925296739987892,
      "fcf_margin": -0.13794969638041424,
      "fcf_margin_change": -0.15965283996721433
    },
    {
      "date": "2021-12-31T00:00:00",
      "quarter_label": "2021-12 (Q4)",
      "revenue": 112975000,
      "gross_profit": 9409000,
      "operating_income": -17124000,
      "net_income": -13563000,
      "opex": 26533000,
      "cogs": 103566000,
      "rd": null,
      "sga": null,
      "fcf": -11057000,
      "ocf": 1664000,
      "capex": -12721000,
      "gross_margin": 0.08328391236999336,
      "op_margin": -0.15157335693737553,
      "fcf_margin": -0.09787121044478866,
      "incr_op_margin_yoy": -1.0027791957347854,
      "rev_growth_yoy": 0.18491986910555464,
      "op_leverage_ratio": 0.022113108773645623,
      "fcf_margin_change": 0.040078485935625574
    },
    {
      "date": "2022-03-31T00:00:00",
      "quarter_label": "2022-03 (Q1)",
      "revenue": 136252000,
      "gross_profit": 14882000,
      "operating_income": 5564000,
      "net_income": 3822000,
      "opex": 9318000,
      "cogs": 121370000,
      "rd": null,
      "sga": null,
      "fcf": -13404000,
      "ocf": -425000,
      "capex": -12979000,
      "gross_margin": 0.10922408478407657,
      "op_margin": 0.04083609781874761,
      "fcf_margin": -0.09837653759210874,
      "incr_op_margin_yoy": 0.06338862559241706,
      "rev_growth_yoy": 0.20983839460131415,
      "rev_growth_yoy_accel": 0.024918525495759514,
      "op_leverage_ratio": Infinity,
      "fcf_margin_change": -0.0005053271473200727
    },
    {
      "date": "2022-06-30T00:00:00",
      "quarter_label": "2022-06 (Q2)",
      "revenue": 138337000,
      "gross_profit": 18258000,
      "operating_income": 8492000,
      "net_income": 5929000,
      "opex": 9766000,
      "cogs": 120079000,
      "rd": null,
      "sga": null,
      "fcf": 2737000,
      "ocf": 16109000,
      "capex": -13372000,
      "gross_margin": 0.13198204384944012,
      "op_margin": 0.06138632469982724,
      "fcf_margin": 0.01978501774651756,
      "incr_op_margin_yoy": 0.20354226440079454,
      "rev_growth_yoy": 0.15076572417292639,
      "rev_growth_yoy_accel": -0.059072670428387763,
      "op_leverage_ratio": 0.31827891255069385,
      "fcf_margin_change": 0.1181615553386263
    },
    {
      "date": "2022-09-30T00:00:00",
      "quarter_label": "2022-09 (Q3)",
      "revenue": 136276000,
      "gross_profit": 15464000,
      "operating_income": 8916000,
      "net_income": 6596000,
      "opex": 6548000,
      "cogs": 120812000,
      "rd": null,
      "sga": null,
      "fcf": 5174000,
      "ocf": 17631000,
      "capex": -12457000,
      "gross_margin": 0.11347559364818456,
      "op_margin": 0.06542604713962841,
      "fcf_margin": 0.037967066834952594,
      "incr_op_margin_yoy": 0.29539951573849876,
      "rev_growth_yoy": 0.2500321047900347,
      "rev_growth_yoy_accel": 0.0992663806171083,
      "fcf_margin_change": 0.018182049088435032
    },
    {
      "date": "2022-12-31T00:00:00",
      "quarter_label": "2022-12 (Q4)",
      "revenue": 128527000,
      "gross_profit": 12986000,
      "operating_income": 2801000,
      "net_income": 2381000,
      "opex": 10185000,
      "cogs": 115541000,
      "rd": null,
      "sga": null,
      "fcf": -691000,
      "ocf": 19111000,
      "capex": -19802000,
      "gross_margin": 0.10103713616594179,
      "op_margin": 0.021793086277591477,
      "fcf_margin": -0.005376302255557198,
      "incr_op_margin_yoy": 1.2811856995884774,
      "rev_growth_yoy": 0.13765877406505864,
      "rev_growth_yoy_accel": -0.11237333072497604,
      "fcf_margin_change": -0.043343369090509794
    },
    {
      "date": "2023-03-31T00:00:00",
      "quarter_label": "2023-03 (Q1)",
      "revenue": 142645000,
      "gross_profit": 16377000,
      "operating_income": 4670000,
      "net_income": 2571000,
      "opex": 11707000,
      "cogs": 126268000,
      "rd": null,
      "sga": null,
      "fcf": -8451000,
      "ocf": -6043000,
      "capex": -2408000,
      "gross_margin": 0.1148094920957622,
      "op_margin": 0.03273861684601633,
      "fcf_margin": -0.05924497879350836,
      "incr_op_margin_yoy": -0.13984045049272642,
      "rev_growth_yoy": 0.04692041217743593,
      "rev_growth_yoy_accel": -0.09073836188762271,
      "op_leverage_ratio": 0.7350640580313599,
      "fcf_margin_change": -0.05386867653795116
    },
    {
      "date": "2023-06-30T00:00:00",
      "quarter_label": "2023-06 (Q2)",
      "revenue": 138980000,
      "gross_profit": 16095000,
      "operating_income": 4273000,
      "net_income": 1614000,
      "opex": 11822000,
      "cogs": 122885000,
      "rd": null,
      "sga": null,
      "fcf": -3734000,
      "ocf": 178000,
      "capex": -3912000,
      "gross_margin": 0.11580802993236437,
      "op_margin": 0.030745430997265795,
      "fcf_margin": -0.026867175133112677,
      "rev_growth_yoy": 0.004648069569240333,
      "rev_growth_yoy_accel": -0.042272342608195596,
      "fcf_margin_change": 0.03237780366039568
    },
    {
      "date": "2023-09-30T00:00:00",
      "quarter_label": "2023-09 (Q3)",
      "revenue": 158217000,
      "gross_profit": 19020000,
      "operating_income": 5893000,
      "net_income": 1432000,
      "opex": 13127000,
      "cogs": 139197000,
      "rd": null,
      "sga": null,
      "fcf": 16067000,
      "ocf": 19561000,
      "capex": -3494000,
      "gross_margin": 0.12021464191584975,
      "op_margin": 0.03724631360726091,
      "fcf_margin": 0.10155040229558139,
      "incr_op_margin_yoy": -0.13777858803153914,
      "rev_growth_yoy": 0.1610041386597787,
      "rev_growth_yoy_accel": 0.15635606909053837,
      "op_leverage_ratio": 1.2539074449919472,
      "fcf_margin_change": 0.12841757742869406
    },
    {
      "date": "2023-12-31T00:00:00",
      "quarter_label": "2023-12 (Q4)",
      "revenue": 148582000,
      "gross_profit": 18211000,
      "operating_income": 5354000,
      "net_income": 2227000,
      "opex": 12857000,
      "cogs": 130371000,
      "rd": null,
      "sga": null,
      "fcf": 19883000,
      "ocf": 26667000,
      "capex": -6784000,
      "gross_margin": 0.12256531746779556,
      "op_margin": 0.03603397450566018,
      "fcf_margin": 0.13381836292417654,
      "incr_op_margin_yoy": 0.12729992520568437,
      "rev_growth_yoy": 0.1560372528729372,
      "rev_growth_yoy_accel": -0.004966885786841485,
      "fcf_margin_change": 0.032267960628595146
    },
    {
      "date": "2024-03-31T00:00:00",
      "quarter_label": "2024-03 (Q1)",
      "revenue": 161269000,
      "gross_profit": 20933000,
      "operating_income": 7631000,
      "net_income": 3241000,
      "opex": 13302000,
      "cogs": 140336000,
      "rd": null,
      "sga": null,
      "fcf": 7850000,
      "ocf": 10625000,
      "capex": -2775000,
      "gross_margin": 0.12980175979264458,
      "op_margin": 0.04731845549981708,
      "fcf_margin": 0.048676435024710266,
      "incr_op_margin_yoy": 0.15898840206185566,
      "rev_growth_yoy": 0.13056188439833152,
      "rev_growth_yoy_accel": -0.025475368474605686,
      "op_leverage_ratio": 2.4670183104732843,
      "fcf_margin_change": -0.08514192789946627
    },
    {
      "date": "2024-06-30T00:00:00",
      "quarter_label": "2024-06 (Q2)",
      "revenue": 163636000,
      "gross_profit": 22277000,
      "operating_income": 8150000,
      "net_income": 3782000,
      "opex": 14127000,
      "cogs": 141359000,
      "rd": null,
      "sga": null,
      "fcf": 19176000,
      "ocf": 23275000,
      "capex": -4099000,
      "gross_margin": 0.136137524750055,
      "op_margin": 0.049805666234813854,
      "fcf_margin": 0.11718692708206019,
      "incr_op_margin_yoy": 0.15724367293964958,
      "rev_growth_yoy": 0.17740682112534178,
      "rev_growth_yoy_accel": 0.04684493672701026,
      "op_leverage_ratio": 0.23665209849833055,
      "fcf_margin_change": 0.06851049205734992
    },
    {
      "date": "2024-09-30T00:00:00",
      "quarter_label": "2024-09 (Q3)",
      "revenue": 135392000,
      "gross_profit": 17095000,
      "operating_income": 5727000,
      "net_income": 2974000,
      "opex": 11368000,
      "cogs": 118297000,
      "rd": null,
      "sga": null,
      "fcf": 15068000,
      "ocf": 17947000,
      "capex": -2879000,
      "gross_margin": 0.12626299929094775,
      "op_margin": 0.04229939730560151,
      "fcf_margin": 0.11129165681871898,
      "incr_op_margin_yoy": 0.007272727272727273,
      "rev_growth_yoy": -0.1442638907323486,
      "rev_growth_yoy_accel": -0.32167071185769036,
      "fcf_margin_change": -0.005895270263341204
    },
    {
      "date": "2024-12-31T00:00:00",
      "quarter_label": "2024-12 (Q4)",
      "revenue": 121306000,
      "gross_profit": 10792000,
      "operating_income": 23047000,
      "net_income": 15971000,
      "opex": -12255000,
      "cogs": 110514000,
      "rd": null,
      "sga": null,
      "fcf": 35615000,
      "ocf": 37960000,
      "capex": -2345000,
      "gross_margin": 0.08896509653273539,
      "op_margin": 0.1899906022785353,
      "fcf_margin": 0.2935963596194747,
      "incr_op_margin_yoy": -0.6486654934741164,
      "rev_growth_yoy": -0.18357539944273196,
      "rev_growth_yoy_accel": -0.03931150871038336,
      "fcf_margin_change": 0.18230470280075572
    },
    {
      "date": "2025-03-31T00:00:00",
      "quarter_label": "2025-03 (Q1)",
      "revenue": 135579000,
      "gross_profit": 15324000,
      "operating_income": 1577000,
      "net_income": 20000,
      "opex": 13747000,
      "cogs": 120255000,
      "rd": null,
      "sga": null,
      "fcf": 5371000,
      "ocf": 8333000,
      "capex": -2962000,
      "gross_margin": 0.11302635363883787,
      "op_margin": 0.011631594863511311,
      "fcf_margin": 0.03961527965245355,
      "incr_op_margin_yoy": 0.2356558972362787,
      "rev_growth_yoy": -0.15929905933564417,
      "rev_growth_yoy_accel": 0.02427634010708779,
      "op_leverage_ratio": Infinity,
      "fcf_margin_change": -0.2539810799670212
    },
    {
      "date": "2025-06-30T00:00:00",
      "quarter_label": "2025-06 (Q2)",
      "revenue": 132328000,
      "gross_profit": 13624000,
      "operating_income": 76000,
      "net_income": -1097000,
      "opex": 13548000,
      "cogs": 118704000,
      "rd": null,
      "sga": null,
      "fcf": 12528000,
      "ocf": 14974000,
      "capex": -2446000,
      "gross_margin": 0.102956290429841,
      "op_margin": 0.0005743304516051024,
      "fcf_margin": 0.0946738407593253,
      "incr_op_margin_yoy": 0.2578893573527533,
      "rev_growth_yoy": -0.19132709183798186,
      "rev_growth_yoy_accel": -0.03202803250233768,
      "fcf_margin_change": 0.05505856110687175
    },
    {
      "date": "2025-09-30T00:00:00",
      "quarter_label": "2025-09 (Q3)",
      "revenue": 144310000,
      "gross_profit": 15939000,
      "operating_income": 48000,
      "net_income": -2675000,
      "opex": 15891000,
      "cogs": 128371000,
      "rd": null,
      "sga": null,
      "fcf": -1148000,
      "ocf": 1874000,
      "capex": -3022000,
      "gross_margin": 0.11044972628369483,
      "op_margin": 0.000332617282239623,
      "fcf_margin": -0.007955096666897652,
      "incr_op_margin_yoy": -0.6368019735366675,
      "rev_growth_yoy": 0.06586799810919404,
      "rev_growth_yoy_accel": 0.2571950899471759,
      "op_leverage_ratio": 0.5235768862395316,
      "fcf_margin_change": -0.10262893742622296
    }
  ],
  "signals": [
    {
      "quarter": "2025-09 (Q3)",
      "signal": "YoY REVENUE GROWTH ACCELERATION",
      "detail": "YoY growth: +6.6% vs prior quarter YoY: -19.1% (accel: +25.7%)",
      "severity": "HIGH"
    },
    {
      "quarter": "2025-06 (Q2)",
      "signal": "FCF MARGIN EXPANSION",
      "detail": "FCF margin: +4.0% -> +9.5% (+5.5%)",
      "severity": "MEDIUM"
    },
    {
      "quarter": "2025-06 (Q2)",
      "signal": "INCREMENTAL MARGIN (YoY)",
      "detail": "YoY Incr OPM: +25.8% vs year-ago OPM: +5.0%",
      "severity": "HIGH"
    },
    {
      "quarter": "2025-03 (Q1)",
      "signal": "GROSS MARGIN INFLECTION",
      "detail": "GM: +12.6% -> +8.9% -> +11.3% (reversal +2.4%)",
      "severity": "MEDIUM"
    },
    {
      "quarter": "2025-03 (Q1)",
      "signal": "INCREMENTAL MARGIN (YoY)",
      "detail": "YoY Incr OPM: +23.6% vs year-ago OPM: +4.7%",
      "severity": "MEDIUM"
    },
    {
      "quarter": "2024-12 (Q4)",
      "signal": "FCF MARGIN EXPANSION",
      "detail": "FCF margin: +11.1% -> +29.4% (+18.2%)",
      "severity": "MEDIUM"
    },
    {
      "quarter": "2024-09 (Q3)",
      "signal": "YoY REVENUE GROWTH DECELERATION",
      "detail": "YoY growth: -14.4% vs prior quarter YoY: +17.7% (decel: -32.2%)",
      "severity": "WARNING"
    },
    {
      "quarter": "2024-06 (Q2)",
      "signal": "FCF MARGIN EXPANSION",
      "detail": "FCF margin: +4.9% -> +11.7% (+6.9%)",
      "severity": "MEDIUM"
    },
    {
      "quarter": "2024-06 (Q2)",
      "signal": "INCREMENTAL MARGIN (YoY)",
      "detail": "YoY Incr OPM: +15.7% vs year-ago OPM: +3.1%",
      "severity": "MEDIUM"
    },
    {
      "quarter": "2024-03 (Q1)",
      "signal": "OPERATING LEVERAGE",
      "detail": "Rev growth +8.5% vs OpEx growth +3.5% (leverage: 2.5x)",
      "severity": "MEDIUM"
    },
    {
      "quarter": "2024-03 (Q1)",
      "signal": "INCREMENTAL MARGIN (YoY)",
      "detail": "YoY Incr OPM: +15.9% vs year-ago OPM: +3.3%",
      "severity": "MEDIUM"
    },
    {
      "quarter": "2023-12 (Q4)",
      "signal": "INCREMENTAL MARGIN (YoY)",
      "detail": "YoY Incr OPM: +12.7% vs year-ago OPM: +2.2%",
      "severity": "MEDIUM"
    },
    {
      "quarter": "2023-09 (Q3)",
      "signal": "FCF TURNED POSITIVE",
      "detail": "FCF margin: -2.7% -> +10.2%",
      "severity": "HIGH"
    },
    {
      "quarter": "2023-09 (Q3)",
      "signal": "YoY REVENUE GROWTH ACCELERATION",
      "detail": "YoY growth: +16.1% vs prior quarter YoY: +0.5% (accel: +15.6%)",
      "severity": "HIGH"
    },
    {
      "quarter": "2023-03 (Q1)",
      "signal": "YoY REVENUE GROWTH DECELERATION",
      "detail": "YoY growth: +4.7% vs prior quarter YoY: +13.8% (decel: -9.1%)",
      "severity": "WARNING"
    },
    {
      "quarter": "2022-12 (Q4)",
      "signal": "YoY REVENUE GROWTH DECELERATION",
      "detail": "YoY growth: +13.8% vs prior quarter YoY: +25.0% (decel: -11.2%)",
      "severity": "WARNING"
    },
    {
      "quarter": "2022-12 (Q4)",
      "signal": "OP MARGIN TURNED POSITIVE (YoY)",
      "detail": "Op margin: -15.2% (year-ago) -> +2.2%",
      "severity": "HIGH"
    },
    {
      "quarter": "2022-09 (Q3)",
      "signal": "YoY REVENUE GROWTH ACCELERATION",
      "detail": "YoY growth: +25.0% vs prior quarter YoY: +15.1% (accel: +9.9%)",
      "severity": "MEDIUM"
    },
    {
      "quarter": "2022-09 (Q3)",
      "signal": "INCREMENTAL MARGIN (YoY)",
      "detail": "YoY Incr OPM: +29.5% vs year-ago OPM: +0.8%",
      "severity": "HIGH"
    },
    {
      "quarter": "2022-06 (Q2)",
      "signal": "FCF TURNED POSITIVE",
      "detail": "FCF margin: -9.8% -> +2.0%",
      "severity": "HIGH"
    },
    {
      "quarter": "2022-06 (Q2)",
      "signal": "YoY REVENUE GROWTH DECELERATION",
      "detail": "YoY growth: +15.1% vs prior quarter YoY: +21.0% (decel: -5.9%)",
      "severity": "WARNING"
    },
    {
      "quarter": "2022-06 (Q2)",
      "signal": "INCREMENTAL MARGIN (YoY)",
      "detail": "YoY Incr OPM: +20.4% vs year-ago OPM: +4.0%",
      "severity": "MEDIUM"
    },
    {
      "quarter": "2022-03 (Q1)",
      "signal": "GROSS MARGIN INFLECTION",
      "detail": "GM: +10.0% -> +8.3% -> +10.9% (reversal +2.6%)",
      "severity": "MEDIUM"
    },
    {
      "quarter": "2022-03 (Q1)",
      "signal": "OP MARGIN TURNED POSITIVE (QoQ)",
      "detail": "Op margin: -15.2% -> +4.1%",
      "severity": "HIGH"
    },
    {
      "quarter": "2021-06 (Q2)",
      "signal": "FCF TURNED POSITIVE",
      "detail": "FCF margin: -1.2% -> +2.2%",
      "severity": "HIGH"
    },
    {
      "quarter": "2021-03 (Q1)",
      "signal": "OPERATING LEVERAGE",
      "detail": "Rev growth +18.1% vs OpEx growth +1.8% (leverage: 10.1x)",
      "severity": "MEDIUM"
    }
  ],
  "data_quality": {
    "n_quarters": 20,
    "coverage": {
      "revenue": [
        20,
        20
      ],
      "gross_profit": [
        20,
        20
      ],
      "op_income": [
        20,
        20
      ],
      "fcf": [
        20,
        20
      ]
    },
    "gaps": [],
    "warnings": []
  },
  "market_cap": null,
  "source": "SEC EDGAR",
  "last_updated": "2026-02-02T22:37:32.483123"
}