{
  "ticker": "MED",
  "name": "Medifast, Inc.",
  "sector": "Consumer Cyclical",
  "industry": "Personal Services",
  "quarters": [
    {
      "date": "2021-03-31T00:00:00",
      "quarter_label": "2021-03 (Q1)",
      "revenue": 340669000,
      "gross_profit": 248547000,
      "operating_income": 52799000,
      "net_income": 41063000,
      "opex": 195748000,
      "cogs": 92122000,
      "rd": null,
      "sga": 195748000,
      "fcf": 60728000,
      "ocf": 65326000,
      "capex": -4598000,
      "gross_margin": 0.7295850224117839,
      "op_margin": 0.15498621829400386,
      "fcf_margin": 0.17826100995394356
    },
    {
      "date": "2021-06-30T00:00:00",
      "quarter_label": "2021-06 (Q2)",
      "revenue": 394189000,
      "gross_profit": 293707000,
      "operating_income": 61434000,
      "net_income": 46963000,
      "opex": 232273000,
      "cogs": 100482000,
      "rd": null,
      "sga": 232273000,
      "fcf": 13280000,
      "ocf": 20878000,
      "capex": -7598000,
      "gross_margin": 0.7450918214359102,
      "op_margin": 0.15584909776782205,
      "fcf_margin": 0.033689423093998055,
      "op_leverage_ratio": 0.8419583298120078,
      "fcf_margin_change": -0.1445715868599455
    },
    {
      "date": "2021-09-30T00:00:00",
      "quarter_label": "2021-09 (Q3)",
      "revenue": 413395000,
      "gross_profit": 307057000,
      "operating_income": 55171000,
      "net_income": 41982000,
      "opex": 251886000,
      "cogs": 106338000,
      "rd": null,
      "sga": 251886000,
      "fcf": 5411000,
      "ocf": 15800000,
      "capex": -10389000,
      "gross_margin": 0.742769022363599,
      "op_margin": 0.1334583146869217,
      "fcf_margin": 0.01308917621161359,
      "op_leverage_ratio": 0.5770150283367818,
      "fcf_margin_change": -0.020600246882384467
    },
    {
      "date": "2021-12-31T00:00:00",
      "quarter_label": "2021-12 (Q4)",
      "revenue": 377834000,
      "gross_profit": 278286000,
      "operating_income": 46837000,
      "net_income": 34023000,
      "opex": 231449000,
      "cogs": 99548000,
      "rd": null,
      "sga": 231449000,
      "fcf": -19083000,
      "ocf": -7459000,
      "capex": -11624000,
      "gross_margin": 0.7365297988005315,
      "op_margin": 0.12396184567826082,
      "fcf_margin": -0.05050630700254609,
      "fcf_margin_change": -0.06359548321415968
    },
    {
      "date": "2022-03-31T00:00:00",
      "quarter_label": "2022-03 (Q1)",
      "revenue": 417600000,
      "gross_profit": 302286000,
      "operating_income": 55087000,
      "net_income": 41781000,
      "opex": 247199000,
      "cogs": 115314000,
      "rd": null,
      "sga": 247199000,
      "fcf": 40664000,
      "ocf": 43673000,
      "capex": -3009000,
      "gross_margin": 0.7238649425287357,
      "op_margin": 0.13191331417624522,
      "fcf_margin": 0.09737547892720307,
      "incr_op_margin_yoy": 0.029740936683521596,
      "rev_growth_yoy": 0.22582330649398683,
      "op_leverage_ratio": 1.546627125324458,
      "fcf_margin_change": 0.14788178592974915
    },
    {
      "date": "2022-06-30T00:00:00",
      "quarter_label": "2022-06 (Q2)",
      "revenue": 453333000,
      "gross_profit": 321682000,
      "operating_income": 48964000,
      "net_income": 39113000,
      "opex": 272718000,
      "cogs": 131651000,
      "rd": null,
      "sga": 272718000,
      "fcf": 40922000,
      "ocf": 43762000,
      "capex": -2840000,
      "gross_margin": 0.7095931688185065,
      "op_margin": 0.10800890294772275,
      "fcf_margin": 0.09026918402145884,
      "incr_op_margin_yoy": -0.21084133639929664,
      "rev_growth_yoy": 0.1500397017674263,
      "rev_growth_yoy_accel": -0.07578360472656054,
      "op_leverage_ratio": 0.8288807373298147,
      "fcf_margin_change": -0.007106294905744229
    },
    {
      "date": "2022-09-30T00:00:00",
      "quarter_label": "2022-09 (Q3)",
      "revenue": 390398000,
      "gross_profit": 282849000,
      "operating_income": 48156000,
      "net_income": 36155000,
      "opex": 234693000,
      "cogs": 107549000,
      "rd": null,
      "sga": 234693000,
      "fcf": 53628000,
      "ocf": 55396000,
      "capex": -1768000,
      "gross_margin": 0.7245144698487185,
      "op_margin": 0.12335104175738605,
      "fcf_margin": 0.13736750700567113,
      "incr_op_margin_yoy": 0.3050397877984085,
      "rev_growth_yoy": -0.05562960364784286,
      "rev_growth_yoy_accel": -0.20566930541526915,
      "fcf_margin_change": 0.04709832298421229
    },
    {
      "date": "2022-12-31T00:00:00",
      "quarter_label": "2022-12 (Q4)",
      "revenue": 337245000,
      "gross_profit": 233597000,
      "operating_income": 32599000,
      "net_income": 26518000,
      "opex": 200998000,
      "cogs": 103648000,
      "rd": null,
      "sga": 200998000,
      "fcf": 42675000,
      "ocf": 51739000,
      "capex": -9064000,
      "gross_margin": 0.6926626043380925,
      "op_margin": 0.09666266364215927,
      "fcf_margin": 0.1265400524840991,
      "incr_op_margin_yoy": 0.350784695360812,
      "rev_growth_yoy": -0.10742548314868434,
      "rev_growth_yoy_accel": -0.05179587950084148,
      "fcf_margin_change": -0.010827454521572022
    },
    {
      "date": "2023-03-31T00:00:00",
      "quarter_label": "2023-03 (Q1)",
      "revenue": 348983000,
      "gross_profit": 246390000,
      "operating_income": 53511000,
      "net_income": 39968000,
      "opex": 192879000,
      "cogs": 102593000,
      "rd": null,
      "sga": 192879000,
      "fcf": 61944000,
      "ocf": 64059000,
      "capex": -2115000,
      "gross_margin": 0.7060229294836711,
      "op_margin": 0.15333411656155171,
      "fcf_margin": 0.1774986174111633,
      "incr_op_margin_yoy": 0.02296806913738578,
      "rev_growth_yoy": -0.16431273946360153,
      "rev_growth_yoy_accel": -0.05688725631491719,
      "op_leverage_ratio": null,
      "fcf_margin_change": 0.05095856492706419
    },
    {
      "date": "2023-06-30T00:00:00",
      "quarter_label": "2023-06 (Q2)",
      "revenue": 296188000,
      "gross_profit": 210715000,
      "operating_income": 38706000,
      "net_income": 30280000,
      "opex": 172009000,
      "cogs": 85473000,
      "rd": null,
      "sga": 172009000,
      "fcf": 41402000,
      "ocf": 43146000,
      "capex": -1744000,
      "gross_margin": 0.711423150161384,
      "op_margin": 0.1306805137277675,
      "fcf_margin": 0.13978284062824964,
      "incr_op_margin_yoy": 0.06527729167329537,
      "rev_growth_yoy": -0.34664363723796854,
      "rev_growth_yoy_accel": -0.182330897774367,
      "fcf_margin_change": -0.03771577678291366
    },
    {
      "date": "2023-09-30T00:00:00",
      "quarter_label": "2023-09 (Q3)",
      "revenue": 235869000,
      "gross_profit": 177377000,
      "operating_income": 25509000,
      "net_income": 23131000,
      "opex": 151868000,
      "cogs": 58492000,
      "rd": null,
      "sga": 151868000,
      "fcf": 28252000,
      "ocf": 29930000,
      "capex": -1678000,
      "gross_margin": 0.7520148896209337,
      "op_margin": 0.10814901491929843,
      "fcf_margin": 0.11977835154259356,
      "incr_op_margin_yoy": 0.14655501556342176,
      "rev_growth_yoy": -0.3958242613947817,
      "rev_growth_yoy_accel": -0.04918062415681318,
      "fcf_margin_change": -0.02000448908565608
    },
    {
      "date": "2023-12-31T00:00:00",
      "quarter_label": "2023-12 (Q4)",
      "revenue": 191015000,
      "gross_profit": 141369000,
      "operating_income": 8676000,
      "net_income": 6035000,
      "opex": 132693000,
      "cogs": 49646000,
      "rd": null,
      "sga": 132693000,
      "fcf": 9576000,
      "ocf": 10522000,
      "capex": -946000,
      "gross_margin": 0.7400937099180692,
      "op_margin": 0.04542051671334712,
      "fcf_margin": 0.05013218857157815,
      "incr_op_margin_yoy": 0.16359844081241878,
      "rev_growth_yoy": -0.43360168423549644,
      "rev_growth_yoy_accel": -0.037777422840714725,
      "fcf_margin_change": -0.06964616297101542
    },
    {
      "date": "2024-03-31T00:00:00",
      "quarter_label": "2024-03 (Q1)",
      "revenue": 174739000,
      "gross_profit": 127292000,
      "operating_income": 7940000,
      "net_income": 8316000,
      "opex": 119352000,
      "cogs": 47447000,
      "rd": null,
      "sga": 119352000,
      "fcf": 5441000,
      "ocf": 7282000,
      "capex": -1841000,
      "gross_margin": 0.7284693170957829,
      "op_margin": 0.04543919788942365,
      "fcf_margin": 0.03113786847813024,
      "incr_op_margin_yoy": 0.2615355478524368,
      "rev_growth_yoy": -0.49929079639982465,
      "rev_growth_yoy_accel": -0.06568911216432821,
      "fcf_margin_change": -0.018994320093447908
    },
    {
      "date": "2024-06-30T00:00:00",
      "quarter_label": "2024-06 (Q2)",
      "revenue": 168558000,
      "gross_profit": 123438000,
      "operating_income": -7876000,
      "net_income": -8154000,
      "opex": 131314000,
      "cogs": 45120000,
      "rd": null,
      "sga": 131314000,
      "fcf": 11131000,
      "ocf": 13069000,
      "capex": -1938000,
      "gross_margin": 0.7323176592033602,
      "op_margin": -0.04672575611955529,
      "fcf_margin": 0.06603661647622777,
      "incr_op_margin_yoy": 0.3649768863119956,
      "rev_growth_yoy": -0.43090874714708227,
      "rev_growth_yoy_accel": 0.06838204925274238,
      "fcf_margin_change": 0.03489874799809753
    },
    {
      "date": "2024-09-30T00:00:00",
      "quarter_label": "2024-09 (Q3)",
      "revenue": 140163000,
      "gross_profit": 105674000,
      "operating_income": 2106000,
      "net_income": 1129000,
      "opex": 103568000,
      "cogs": 34489000,
      "rd": null,
      "sga": 103568000,
      "fcf": 7682000,
      "ocf": 9072000,
      "capex": -1390000,
      "gross_margin": 0.753936488231559,
      "op_margin": 0.015025363326983584,
      "fcf_margin": 0.05480761684610061,
      "incr_op_margin_yoy": 0.24453012350322864,
      "rev_growth_yoy": -0.40575912900805106,
      "rev_growth_yoy_accel": 0.025149618139031216,
      "fcf_margin_change": -0.011228999630127162
    },
    {
      "date": "2024-12-31T00:00:00",
      "quarter_label": "2024-12 (Q4)",
      "revenue": 119003000,
      "gross_profit": 88219000,
      "operating_income": 709000,
      "net_income": 801000,
      "opex": 87510000,
      "cogs": 30784000,
      "rd": null,
      "sga": 87510000,
      "fcf": -7232000,
      "ocf": -4947000,
      "capex": -2285000,
      "gross_margin": 0.7413174457786779,
      "op_margin": 0.005957832995806828,
      "fcf_margin": -0.060771577187129736,
      "incr_op_margin_yoy": 0.11063433872132422,
      "rev_growth_yoy": -0.3769965709499254,
      "rev_growth_yoy_accel": 0.028762558058125665,
      "fcf_margin_change": -0.11557919403323035
    },
    {
      "date": "2025-03-31T00:00:00",
      "quarter_label": "2025-03 (Q1)",
      "revenue": 115728000,
      "gross_profit": 84245000,
      "operating_income": -1262000,
      "net_income": -772000,
      "opex": 85507000,
      "cogs": 31483000,
      "rd": null,
      "sga": 85507000,
      "fcf": 1884000,
      "ocf": 3406000,
      "capex": -1522000,
      "gross_margin": 0.7279569334992396,
      "op_margin": -0.010904880409235448,
      "fcf_margin": 0.016279552053090004,
      "incr_op_margin_yoy": 0.15593702868956635,
      "rev_growth_yoy": -0.33770938370941805,
      "rev_growth_yoy_accel": 0.03928718724050734,
      "fcf_margin_change": 0.07705112924021974
    },
    {
      "date": "2025-06-30T00:00:00",
      "quarter_label": "2025-06 (Q2)",
      "revenue": 105555000,
      "gross_profit": 76644000,
      "operating_income": -1066000,
      "net_income": 2480000,
      "opex": 77710000,
      "cogs": 28911000,
      "rd": null,
      "sga": 77710000,
      "fcf": -4756000,
      "ocf": -3378000,
      "capex": -1378000,
      "gross_margin": 0.7261048742361802,
      "op_margin": -0.010099000521055375,
      "fcf_margin": -0.045057079247785514,
      "incr_op_margin_yoy": -0.1080900909480501,
      "rev_growth_yoy": -0.37377638557647813,
      "rev_growth_yoy_accel": -0.03606700186706008,
      "fcf_margin_change": -0.06133663130087552
    },
    {
      "date": "2025-09-30T00:00:00",
      "quarter_label": "2025-09 (Q3)",
      "revenue": 89409000,
      "gross_profit": 62159000,
      "operating_income": -4081000,
      "net_income": -2261000,
      "opex": 66240000,
      "cogs": 27250000,
      "rd": null,
      "sga": 66240000,
      "fcf": 10750000,
      "ocf": 12113000,
      "capex": -1363000,
      "gross_margin": 0.6952208390654184,
      "op_margin": -0.04564417452381751,
      "fcf_margin": 0.12023398091914685,
      "incr_op_margin_yoy": 0.12190172203176104,
      "rev_growth_yoy": -0.36210697545001175,
      "rev_growth_yoy_accel": 0.011669410126466384,
      "fcf_margin_change": 0.16529106016693235
    },
    {
      "date": "2025-12-31T00:00:00",
      "quarter_label": "2025-12 (Q4)",
      "revenue": 75096000,
      "gross_profit": 52140000,
      "operating_income": -7803000,
      "net_income": -18119000,
      "opex": 59943000,
      "cogs": 22956000,
      "rd": null,
      "sga": 59943000,
      "fcf": -6629000,
      "ocf": -5278000,
      "capex": -1351000,
      "gross_margin": 0.6943112815596038,
      "op_margin": -0.10390699904122723,
      "fcf_margin": -0.08827367636092469,
      "incr_op_margin_yoy": 0.19386430409729655,
      "rev_growth_yoy": -0.3689570851155013,
      "rev_growth_yoy_accel": -0.0068501096654895455,
      "fcf_margin_change": -0.20850765728007153
    }
  ],
  "signals": [
    {
      "quarter": "2025-09 (Q3)",
      "signal": "FCF TURNED POSITIVE",
      "detail": "FCF margin: -4.5% -> +12.0%",
      "severity": "HIGH"
    },
    {
      "quarter": "2025-03 (Q1)",
      "signal": "FCF TURNED POSITIVE",
      "detail": "FCF margin: -6.1% -> +1.6%",
      "severity": "HIGH"
    },
    {
      "quarter": "2024-09 (Q3)",
      "signal": "INCREMENTAL MARGIN (YoY)",
      "detail": "YoY Incr OPM: +24.5% vs year-ago OPM: +10.8%",
      "severity": "MEDIUM"
    },
    {
      "quarter": "2024-09 (Q3)",
      "signal": "OP MARGIN TURNED POSITIVE (QoQ)",
      "detail": "Op margin: -4.7% -> +1.5%",
      "severity": "HIGH"
    },
    {
      "quarter": "2024-06 (Q2)",
      "signal": "YoY REVENUE GROWTH ACCELERATION",
      "detail": "YoY growth: -43.1% vs prior quarter YoY: -49.9% (accel: +6.8%)",
      "severity": "MEDIUM"
    },
    {
      "quarter": "2024-03 (Q1)",
      "signal": "YoY REVENUE GROWTH DECELERATION",
      "detail": "YoY growth: -49.9% vs prior quarter YoY: -43.4% (decel: -6.6%)",
      "severity": "WARNING"
    },
    {
      "quarter": "2024-03 (Q1)",
      "signal": "INCREMENTAL MARGIN (YoY)",
      "detail": "YoY Incr OPM: +26.2% vs year-ago OPM: +15.3%",
      "severity": "MEDIUM"
    },
    {
      "quarter": "2023-06 (Q2)",
      "signal": "YoY REVENUE GROWTH DECELERATION",
      "detail": "YoY growth: -34.7% vs prior quarter YoY: -16.4% (decel: -18.2%)",
      "severity": "WARNING"
    },
    {
      "quarter": "2023-03 (Q1)",
      "signal": "FCF MARGIN EXPANSION",
      "detail": "FCF margin: +12.7% -> +17.7% (+5.1%)",
      "severity": "MEDIUM"
    },
    {
      "quarter": "2023-03 (Q1)",
      "signal": "YoY REVENUE GROWTH DECELERATION",
      "detail": "YoY growth: -16.4% vs prior quarter YoY: -10.7% (decel: -5.7%)",
      "severity": "WARNING"
    },
    {
      "quarter": "2022-12 (Q4)",
      "signal": "YoY REVENUE GROWTH DECELERATION",
      "detail": "YoY growth: -10.7% vs prior quarter YoY: -5.6% (decel: -5.2%)",
      "severity": "WARNING"
    },
    {
      "quarter": "2022-12 (Q4)",
      "signal": "INCREMENTAL MARGIN (YoY)",
      "detail": "YoY Incr OPM: +35.1% vs year-ago OPM: +12.4%",
      "severity": "HIGH"
    },
    {
      "quarter": "2022-09 (Q3)",
      "signal": "YoY REVENUE GROWTH DECELERATION",
      "detail": "YoY growth: -5.6% vs prior quarter YoY: +15.0% (decel: -20.6%)",
      "severity": "WARNING"
    },
    {
      "quarter": "2022-09 (Q3)",
      "signal": "INCREMENTAL MARGIN (YoY)",
      "detail": "YoY Incr OPM: +30.5% vs year-ago OPM: +13.3%",
      "severity": "MEDIUM"
    },
    {
      "quarter": "2022-06 (Q2)",
      "signal": "YoY REVENUE GROWTH DECELERATION",
      "detail": "YoY growth: +15.0% vs prior quarter YoY: +22.6% (decel: -7.6%)",
      "severity": "WARNING"
    },
    {
      "quarter": "2022-03 (Q1)",
      "signal": "FCF TURNED POSITIVE",
      "detail": "FCF margin: -5.1% -> +9.7%",
      "severity": "HIGH"
    },
    {
      "quarter": "2022-03 (Q1)",
      "signal": "OPERATING LEVERAGE",
      "detail": "Rev growth +10.5% vs OpEx growth +6.8% (leverage: 1.5x)",
      "severity": "MEDIUM"
    }
  ],
  "data_quality": {
    "n_quarters": 20,
    "coverage": {
      "revenue": [
        20,
        20
      ],
      "gross_profit": [
        20,
        20
      ],
      "op_income": [
        20,
        20
      ],
      "fcf": [
        20,
        20
      ]
    },
    "gaps": [],
    "warnings": []
  },
  "market_cap": null,
  "source": "SEC EDGAR",
  "last_updated": "2026-02-24T10:38:07.572035"
}