{
  "ticker": "MEG",
  "name": "Montrose Environmental Group, Inc.",
  "quarters": [
    {
      "date": "2020-12-31T00:00:00",
      "quarter_label": "2020-12 (Q4)",
      "revenue": 108741000,
      "gross_profit": 35364000,
      "operating_income": 8883000,
      "net_income": 812000,
      "opex": 26481000,
      "cogs": 73377000,
      "rd": null,
      "sga": 20736000,
      "fcf": 3337000,
      "ocf": 5727000,
      "capex": -2390000,
      "gross_margin": 0.32521312108588296,
      "op_margin": 0.08168951913261788,
      "fcf_margin": 0.030687597134475497
    },
    {
      "date": "2021-03-31T00:00:00",
      "quarter_label": "2021-03 (Q1)",
      "revenue": 133817000,
      "gross_profit": 38501000,
      "operating_income": -8332000,
      "net_income": -11596000,
      "opex": 46833000,
      "cogs": 95316000,
      "rd": null,
      "sga": 25000000,
      "fcf": -14835000,
      "ocf": -13913000,
      "capex": -922000,
      "gross_margin": 0.28771381812475244,
      "op_margin": -0.06226413684359984,
      "fcf_margin": -0.11086035406562694,
      "op_leverage_ratio": 0.30004902921482285,
      "fcf_margin_change": -0.14154795120010244
    },
    {
      "date": "2021-06-30T00:00:00",
      "quarter_label": "2021-06 (Q2)",
      "revenue": 136224000,
      "gross_profit": 44120000,
      "operating_income": -7122000,
      "net_income": -14483000,
      "opex": 51242000,
      "cogs": 92104000,
      "rd": null,
      "sga": 27366000,
      "fcf": -4565000,
      "ocf": -3133000,
      "capex": -1432000,
      "gross_margin": 0.32387831806436457,
      "op_margin": -0.0522815362931642,
      "fcf_margin": -0.0335109819121447,
      "op_leverage_ratio": 0.19106303869558267,
      "fcf_margin_change": 0.07734937215348224
    },
    {
      "date": "2021-09-30T00:00:00",
      "quarter_label": "2021-09 (Q3)",
      "revenue": 132578000,
      "gross_profit": 47336000,
      "operating_income": 5366000,
      "net_income": 2226000,
      "opex": 41970000,
      "cogs": 85242000,
      "rd": null,
      "sga": 30499000,
      "fcf": 27703000,
      "ocf": 30754000,
      "capex": -3051000,
      "gross_margin": 0.35704264659294904,
      "op_margin": 0.04047428683491982,
      "fcf_margin": 0.20895623708307562,
      "fcf_margin_change": 0.24246721899522033
    },
    {
      "date": "2021-12-31T00:00:00",
      "quarter_label": "2021-12 (Q4)",
      "revenue": 143794000,
      "gross_profit": 47428000,
      "operating_income": 633000,
      "net_income": -1472000,
      "opex": 46795000,
      "cogs": 96366000,
      "rd": null,
      "sga": 34793000,
      "fcf": 22393000,
      "ocf": 23873000,
      "capex": -1480000,
      "gross_margin": 0.3298329554779754,
      "op_margin": 0.004402130826042811,
      "fcf_margin": 0.15572972446694577,
      "incr_op_margin_yoy": -0.2353578866288192,
      "rev_growth_yoy": 0.3223531142807221,
      "op_leverage_ratio": 0.7358820151390789,
      "fcf_margin_change": -0.053226512616129845
    },
    {
      "date": "2022-03-31T00:00:00",
      "quarter_label": "2022-03 (Q1)",
      "revenue": 134680000,
      "gross_profit": 46294000,
      "operating_income": -7636000,
      "net_income": -7536000,
      "opex": 53930000,
      "cogs": 88386000,
      "rd": null,
      "sga": 41807000,
      "fcf": -18590000,
      "ocf": -18328000,
      "capex": -262000,
      "gross_margin": 0.34373329373329375,
      "op_margin": -0.0566973566973567,
      "fcf_margin": -0.13803088803088803,
      "rev_growth_yoy": 0.006449105868462154,
      "rev_growth_yoy_accel": -0.31590400841225996,
      "fcf_margin_change": -0.2937606124978338
    },
    {
      "date": "2022-06-30T00:00:00",
      "quarter_label": "2022-06 (Q2)",
      "revenue": 139910000,
      "gross_profit": 49481000,
      "operating_income": -5745000,
      "net_income": -7751000,
      "opex": 55226000,
      "cogs": 90429000,
      "rd": null,
      "sga": 46456000,
      "fcf": 12147000,
      "ocf": 15386000,
      "capex": -3239000,
      "gross_margin": 0.3536630691158602,
      "op_margin": -0.041062111357301125,
      "fcf_margin": 0.08682009863483668,
      "incr_op_margin_yoy": 0.3735756918068367,
      "rev_growth_yoy": 0.027058374442095374,
      "rev_growth_yoy_accel": 0.02060926857363322,
      "op_leverage_ratio": 1.6159354180187513,
      "fcf_margin_change": 0.22485098666572473
    },
    {
      "date": "2022-09-30T00:00:00",
      "quarter_label": "2022-09 (Q3)",
      "revenue": 130312000,
      "gross_profit": 48078000,
      "operating_income": -6342000,
      "net_income": -5720000,
      "opex": 54420000,
      "cogs": 82234000,
      "rd": null,
      "sga": 42857000,
      "fcf": 9194000,
      "ocf": 11107000,
      "capex": -1913000,
      "gross_margin": 0.3689453005095463,
      "op_margin": -0.04866781263429308,
      "fcf_margin": 0.07055374792804961,
      "incr_op_margin_yoy": 5.1668137687555165,
      "rev_growth_yoy": -0.01709182518969965,
      "rev_growth_yoy_accel": -0.04415019963179502,
      "fcf_margin_change": -0.016266350706787072
    },
    {
      "date": "2022-12-31T00:00:00",
      "quarter_label": "2022-12 (Q4)",
      "revenue": 139514000,
      "gross_profit": 48681000,
      "operating_income": -8290000,
      "net_income": -10812000,
      "opex": 56971000,
      "cogs": 90833000,
      "rd": null,
      "sga": 45175000,
      "fcf": 8315000,
      "ocf": 12484000,
      "capex": -4169000,
      "gross_margin": 0.3489327235976318,
      "op_margin": -0.05942055994380492,
      "fcf_margin": 0.05959975342976332,
      "incr_op_margin_yoy": 2.0848130841121497,
      "rev_growth_yoy": -0.02976480242569231,
      "rev_growth_yoy_accel": -0.012672977235992661,
      "op_leverage_ratio": 1.5064193912777775,
      "fcf_margin_change": -0.010953994498286289
    },
    {
      "date": "2023-03-31T00:00:00",
      "quarter_label": "2023-03 (Q1)",
      "revenue": 131428000,
      "gross_profit": 49795000,
      "operating_income": -9975000,
      "net_income": -14719000,
      "opex": 59770000,
      "cogs": 81633000,
      "rd": null,
      "sga": 49613000,
      "fcf": -1105000,
      "ocf": 3029000,
      "capex": -4134000,
      "gross_margin": 0.37887664728977083,
      "op_margin": -0.07589706911769181,
      "fcf_margin": -0.008407645250631524,
      "incr_op_margin_yoy": 0.7192496924969249,
      "rev_growth_yoy": -0.024146124146124145,
      "rev_growth_yoy_accel": 0.005618678279568166,
      "fcf_margin_change": -0.06800739868039485
    },
    {
      "date": "2023-06-30T00:00:00",
      "quarter_label": "2023-06 (Q2)",
      "revenue": 159101000,
      "gross_profit": 60905000,
      "operating_income": -6093000,
      "net_income": -7174000,
      "opex": 66998000,
      "cogs": 98196000,
      "rd": null,
      "sga": 55247000,
      "fcf": 4666000,
      "ocf": 21483000,
      "capex": -16817000,
      "gross_margin": 0.3828071476609198,
      "op_margin": -0.038296428055134786,
      "fcf_margin": 0.029327282669499247,
      "incr_op_margin_yoy": -0.018133500078161637,
      "rev_growth_yoy": 0.1371667500536059,
      "rev_growth_yoy_accel": 0.16131287419973006,
      "op_leverage_ratio": 1.7411390501028936,
      "fcf_margin_change": 0.03773492792013077
    },
    {
      "date": "2023-09-30T00:00:00",
      "quarter_label": "2023-09 (Q3)",
      "revenue": 167937000,
      "gross_profit": 65782000,
      "operating_income": -3441000,
      "net_income": -7525000,
      "opex": 69223000,
      "cogs": 102155000,
      "rd": null,
      "sga": 56901000,
      "fcf": 12942000,
      "ocf": 16960000,
      "capex": -4018000,
      "gross_margin": 0.3917064137146668,
      "op_margin": -0.020489826542096145,
      "fcf_margin": 0.0770646135157827,
      "incr_op_margin_yoy": 0.07710299003322259,
      "rev_growth_yoy": 0.28873012462397935,
      "rev_growth_yoy_accel": 0.15156337457037344,
      "op_leverage_ratio": 1.6723016606863181,
      "fcf_margin_change": 0.047737330846283454
    },
    {
      "date": "2023-12-31T00:00:00",
      "quarter_label": "2023-12 (Q4)",
      "revenue": 165742000,
      "gross_profit": 63823000,
      "operating_income": -8911000,
      "net_income": -1441000,
      "opex": 72734000,
      "cogs": 101919000,
      "rd": null,
      "sga": 61100000,
      "fcf": 9941000,
      "ocf": 14550000,
      "capex": -4609000,
      "gross_margin": 0.38507439273087085,
      "op_margin": -0.05376428424901353,
      "fcf_margin": 0.059978762172533215,
      "incr_op_margin_yoy": -0.023676986426719535,
      "rev_growth_yoy": 0.18799546998867497,
      "rev_growth_yoy_accel": -0.10073465463530437,
      "fcf_margin_change": -0.017085851343249484
    },
    {
      "date": "2024-03-31T00:00:00",
      "quarter_label": "2024-03 (Q1)",
      "revenue": 155325000,
      "gross_profit": 58768000,
      "operating_income": -10065000,
      "net_income": -13357000,
      "opex": 68833000,
      "cogs": 96557000,
      "rd": null,
      "sga": 57074000,
      "fcf": -29300000,
      "ocf": -22021000,
      "capex": -7279000,
      "gross_margin": 0.3783550619668437,
      "op_margin": -0.06479961371318203,
      "fcf_margin": -0.1886367294382746,
      "incr_op_margin_yoy": -0.0037661631167092103,
      "rev_growth_yoy": 0.18182579054691542,
      "rev_growth_yoy_accel": -0.006169679441759557,
      "fcf_margin_change": -0.24861549161080782
    },
    {
      "date": "2024-06-30T00:00:00",
      "quarter_label": "2024-06 (Q2)",
      "revenue": 173325000,
      "gross_profit": 69239000,
      "operating_income": -2651000,
      "net_income": -10170000,
      "opex": 71890000,
      "cogs": 104086000,
      "rd": null,
      "sga": 59239000,
      "fcf": -9755000,
      "ocf": 894000,
      "capex": -10649000,
      "gross_margin": 0.3994749747584018,
      "op_margin": -0.015294966104139622,
      "fcf_margin": -0.0562815519976922,
      "incr_op_margin_yoy": 0.2419853768278965,
      "rev_growth_yoy": 0.08940232933796771,
      "rev_growth_yoy_accel": -0.0924234612089477,
      "op_leverage_ratio": 2.6093503965457843,
      "fcf_margin_change": 0.1323551774405824
    },
    {
      "date": "2024-09-30T00:00:00",
      "quarter_label": "2024-09 (Q3)",
      "revenue": 178687000,
      "gross_profit": 73091000,
      "operating_income": -1161000,
      "net_income": -10564000,
      "opex": 74252000,
      "cogs": 105596000,
      "rd": null,
      "sga": 60869000,
      "fcf": 10248000,
      "ocf": 11406000,
      "capex": -1158000,
      "gross_margin": 0.40904486616261954,
      "op_margin": -0.006497394886029762,
      "fcf_margin": 0.05735168199141515,
      "incr_op_margin_yoy": 0.21209302325581394,
      "rev_growth_yoy": 0.06401209977551106,
      "rev_growth_yoy_accel": -0.02539022956245665,
      "op_leverage_ratio": 0.9415734220596728,
      "fcf_margin_change": 0.11363323398910735
    },
    {
      "date": "2024-12-31T00:00:00",
      "quarter_label": "2024-12 (Q4)",
      "revenue": 189058000,
      "gross_profit": 77104000,
      "operating_income": -22844000,
      "net_income": -28223000,
      "opex": 99948000,
      "cogs": 111954000,
      "rd": null,
      "sga": 84445000,
      "fcf": 29709000,
      "ocf": 31956000,
      "capex": -2247000,
      "gross_margin": 0.40783251700536344,
      "op_margin": -0.12083064456410202,
      "fcf_margin": 0.15714225264204634,
      "incr_op_margin_yoy": -0.5975724824155086,
      "rev_growth_yoy": 0.14067647307260683,
      "rev_growth_yoy_accel": 0.07666437329709577,
      "op_leverage_ratio": 0.1677143831466198,
      "fcf_margin_change": 0.09979057065063118
    },
    {
      "date": "2025-03-31T00:00:00",
      "quarter_label": "2025-03 (Q1)",
      "revenue": 177834000,
      "gross_profit": 69428000,
      "operating_income": -10575000,
      "net_income": -19359000,
      "opex": 80003000,
      "cogs": 108406000,
      "rd": null,
      "sga": 66232000,
      "fcf": 2350000,
      "ocf": 5504000,
      "capex": -3154000,
      "gross_margin": 0.39040903314326847,
      "op_margin": -0.05946556901379939,
      "fcf_margin": 0.01321457089195542,
      "incr_op_margin_yoy": -0.022657603625216582,
      "rev_growth_yoy": 0.14491549975857074,
      "rev_growth_yoy_accel": 0.004239026685963904,
      "fcf_margin_change": -0.14392768175009094
    },
    {
      "date": "2025-06-30T00:00:00",
      "quarter_label": "2025-06 (Q2)",
      "revenue": 234543000,
      "gross_profit": 101741000,
      "operating_income": 14941000,
      "net_income": 18356000,
      "opex": 86800000,
      "cogs": 132802000,
      "rd": null,
      "sga": 73683000,
      "fcf": 19931000,
      "ocf": 21894000,
      "capex": -1963000,
      "gross_margin": 0.4337839969643093,
      "op_margin": 0.06370260463966096,
      "fcf_margin": 0.08497802108781759,
      "incr_op_margin_yoy": 0.28736646084484957,
      "rev_growth_yoy": 0.35319774989182173,
      "rev_growth_yoy_accel": 0.208282250133251,
      "op_leverage_ratio": 3.75341162479405,
      "fcf_margin_change": 0.07176345019586217
    },
    {
      "date": "2025-09-30T00:00:00",
      "quarter_label": "2025-09 (Q3)",
      "revenue": 224888000,
      "gross_profit": 88604000,
      "operating_income": 9937000,
      "net_income": 8378000,
      "opex": 78667000,
      "cogs": 136284000,
      "rd": null,
      "sga": 65696000,
      "fcf": 22333000,
      "ocf": 28150000,
      "capex": -5817000,
      "gross_margin": 0.3939916758564263,
      "op_margin": 0.044186439472092776,
      "fcf_margin": 0.09930721070043755,
      "incr_op_margin_yoy": 0.24021125083872644,
      "rev_growth_yoy": 0.25855826109342034,
      "rev_growth_yoy_accel": -0.0946394887984014,
      "fcf_margin_change": 0.01432918961261996
    }
  ],
  "signals": [
    {
      "quarter": "2025-09 (Q3)",
      "signal": "YoY REVENUE GROWTH DECELERATION",
      "detail": "YoY growth: +25.9% vs prior quarter YoY: +35.3% (decel: -9.5%)",
      "severity": "WARNING"
    },
    {
      "quarter": "2025-09 (Q3)",
      "signal": "OP MARGIN TURNED POSITIVE (YoY)",
      "detail": "Op margin: -0.6% (year-ago) -> +4.4%",
      "severity": "HIGH"
    },
    {
      "quarter": "2025-06 (Q2)",
      "signal": "FCF MARGIN EXPANSION",
      "detail": "FCF margin: +1.3% -> +8.5% (+7.2%)",
      "severity": "MEDIUM"
    },
    {
      "quarter": "2025-06 (Q2)",
      "signal": "OPERATING LEVERAGE",
      "detail": "Rev growth +31.9% vs OpEx growth +8.5% (leverage: 3.8x)",
      "severity": "MEDIUM"
    },
    {
      "quarter": "2025-06 (Q2)",
      "signal": "GROSS MARGIN INFLECTION",
      "detail": "GM: +40.8% -> +39.0% -> +43.4% (reversal +4.3%)",
      "severity": "MEDIUM"
    },
    {
      "quarter": "2025-06 (Q2)",
      "signal": "YoY REVENUE GROWTH ACCELERATION",
      "detail": "YoY growth: +35.3% vs prior quarter YoY: +14.5% (accel: +20.8%)",
      "severity": "HIGH"
    },
    {
      "quarter": "2025-06 (Q2)",
      "signal": "OP MARGIN TURNED POSITIVE (YoY)",
      "detail": "Op margin: -1.5% (year-ago) -> +6.4%",
      "severity": "HIGH"
    },
    {
      "quarter": "2025-06 (Q2)",
      "signal": "OP MARGIN TURNED POSITIVE (QoQ)",
      "detail": "Op margin: -5.9% -> +6.4%",
      "severity": "HIGH"
    },
    {
      "quarter": "2024-12 (Q4)",
      "signal": "FCF MARGIN EXPANSION",
      "detail": "FCF margin: +5.7% -> +15.7% (+10.0%)",
      "severity": "MEDIUM"
    },
    {
      "quarter": "2024-12 (Q4)",
      "signal": "YoY REVENUE GROWTH ACCELERATION",
      "detail": "YoY growth: +14.1% vs prior quarter YoY: +6.4% (accel: +7.7%)",
      "severity": "MEDIUM"
    },
    {
      "quarter": "2024-09 (Q3)",
      "signal": "FCF TURNED POSITIVE",
      "detail": "FCF margin: -5.6% -> +5.7%",
      "severity": "HIGH"
    },
    {
      "quarter": "2024-06 (Q2)",
      "signal": "FCF MARGIN EXPANSION",
      "detail": "FCF margin: -18.9% -> -5.6% (+13.2%)",
      "severity": "MEDIUM"
    },
    {
      "quarter": "2024-06 (Q2)",
      "signal": "OPERATING LEVERAGE",
      "detail": "Rev growth +11.6% vs OpEx growth +4.4% (leverage: 2.6x)",
      "severity": "MEDIUM"
    },
    {
      "quarter": "2024-06 (Q2)",
      "signal": "GROSS MARGIN INFLECTION",
      "detail": "GM: +38.5% -> +37.8% -> +39.9% (reversal +2.1%)",
      "severity": "MEDIUM"
    },
    {
      "quarter": "2024-06 (Q2)",
      "signal": "YoY REVENUE GROWTH DECELERATION",
      "detail": "YoY growth: +8.9% vs prior quarter YoY: +18.2% (decel: -9.2%)",
      "severity": "WARNING"
    },
    {
      "quarter": "2023-12 (Q4)",
      "signal": "YoY REVENUE GROWTH DECELERATION",
      "detail": "YoY growth: +18.8% vs prior quarter YoY: +28.9% (decel: -10.1%)",
      "severity": "WARNING"
    },
    {
      "quarter": "2023-09 (Q3)",
      "signal": "OPERATING LEVERAGE",
      "detail": "Rev growth +5.6% vs OpEx growth +3.3% (leverage: 1.7x)",
      "severity": "MEDIUM"
    },
    {
      "quarter": "2023-09 (Q3)",
      "signal": "YoY REVENUE GROWTH ACCELERATION",
      "detail": "YoY growth: +28.9% vs prior quarter YoY: +13.7% (accel: +15.2%)",
      "severity": "HIGH"
    },
    {
      "quarter": "2023-06 (Q2)",
      "signal": "FCF TURNED POSITIVE",
      "detail": "FCF margin: -0.8% -> +2.9%",
      "severity": "HIGH"
    },
    {
      "quarter": "2023-06 (Q2)",
      "signal": "OPERATING LEVERAGE",
      "detail": "Rev growth +21.1% vs OpEx growth +12.1% (leverage: 1.7x)",
      "severity": "MEDIUM"
    },
    {
      "quarter": "2023-06 (Q2)",
      "signal": "YoY REVENUE GROWTH ACCELERATION",
      "detail": "YoY growth: +13.7% vs prior quarter YoY: -2.4% (accel: +16.1%)",
      "severity": "HIGH"
    },
    {
      "quarter": "2023-03 (Q1)",
      "signal": "GROSS MARGIN INFLECTION",
      "detail": "GM: +36.9% -> +34.9% -> +37.9% (reversal +3.0%)",
      "severity": "MEDIUM"
    },
    {
      "quarter": "2022-12 (Q4)",
      "signal": "OPERATING LEVERAGE",
      "detail": "Rev growth +7.1% vs OpEx growth +4.7% (leverage: 1.5x)",
      "severity": "MEDIUM"
    },
    {
      "quarter": "2022-06 (Q2)",
      "signal": "FCF TURNED POSITIVE",
      "detail": "FCF margin: -13.8% -> +8.7%",
      "severity": "HIGH"
    },
    {
      "quarter": "2022-06 (Q2)",
      "signal": "OPERATING LEVERAGE",
      "detail": "Rev growth +3.9% vs OpEx growth +2.4% (leverage: 1.6x)",
      "severity": "MEDIUM"
    },
    {
      "quarter": "2022-03 (Q1)",
      "signal": "YoY REVENUE GROWTH DECELERATION",
      "detail": "YoY growth: +0.6% vs prior quarter YoY: +32.2% (decel: -31.6%)",
      "severity": "WARNING"
    },
    {
      "quarter": "2021-09 (Q3)",
      "signal": "FCF TURNED POSITIVE",
      "detail": "FCF margin: -3.4% -> +20.9%",
      "severity": "HIGH"
    },
    {
      "quarter": "2021-09 (Q3)",
      "signal": "OP MARGIN TURNED POSITIVE (QoQ)",
      "detail": "Op margin: -5.2% -> +4.0%",
      "severity": "HIGH"
    },
    {
      "quarter": "2021-06 (Q2)",
      "signal": "FCF MARGIN EXPANSION",
      "detail": "FCF margin: -11.1% -> -3.4% (+7.7%)",
      "severity": "MEDIUM"
    },
    {
      "quarter": "2021-06 (Q2)",
      "signal": "GROSS MARGIN INFLECTION",
      "detail": "GM: +32.5% -> +28.8% -> +32.4% (reversal +3.6%)",
      "severity": "MEDIUM"
    }
  ],
  "data_quality": {
    "n_quarters": 20,
    "coverage": {
      "revenue": [
        20,
        20
      ],
      "gross_profit": [
        20,
        20
      ],
      "op_income": [
        20,
        20
      ],
      "fcf": [
        20,
        20
      ]
    },
    "gaps": [],
    "warnings": []
  },
  "market_cap": null,
  "source": "SEC EDGAR",
  "last_updated": "2026-02-02T22:08:07.532318"
}