{
  "ticker": "MEI",
  "name": "METHODE ELECTRONICS, INC.",
  "quarters": [
    {
      "date": "2021-01-30T00:00:00",
      "quarter_label": "2021-01 (Q1)",
      "revenue": 295300000,
      "gross_profit": 72600000,
      "operating_income": 35400000,
      "net_income": 31900000,
      "opex": 37200000,
      "cogs": 222700000,
      "rd": null,
      "sga": 32400000,
      "fcf": 82200000,
      "ocf": 87100000,
      "capex": -4900000,
      "gross_margin": 0.24585167626142906,
      "op_margin": 0.1198780900778869,
      "fcf_margin": 0.2783609888249238
    },
    {
      "date": "2021-05-01T00:00:00",
      "quarter_label": "2021-05 (Q2)",
      "revenue": 301000000,
      "gross_profit": 75600000,
      "operating_income": 33700000,
      "net_income": 31100000,
      "opex": 41900000,
      "cogs": 225400000,
      "rd": null,
      "sga": 37100000,
      "fcf": 31200000,
      "ocf": 36000000,
      "capex": -4800000,
      "gross_margin": 0.25116279069767444,
      "op_margin": 0.11196013289036545,
      "fcf_margin": 0.10365448504983389,
      "op_leverage_ratio": 0.15277647686089155,
      "fcf_margin_change": -0.17470650377508995
    },
    {
      "date": "2021-07-31T00:00:00",
      "quarter_label": "2021-07 (Q3)",
      "revenue": 287800000,
      "gross_profit": 71700000,
      "operating_income": 34100000,
      "net_income": 29100000,
      "opex": 37600000,
      "cogs": 216100000,
      "rd": null,
      "sga": 32800000,
      "fcf": -6200000,
      "ocf": 9700000,
      "capex": -15900000,
      "gross_margin": 0.24913134120917305,
      "op_margin": 0.11848505906879778,
      "fcf_margin": -0.021542738012508687,
      "fcf_margin_change": -0.12519722306234257
    },
    {
      "date": "2021-10-30T00:00:00",
      "quarter_label": "2021-10 (Q4)",
      "revenue": 295500000,
      "gross_profit": 69200000,
      "operating_income": 33200000,
      "net_income": 27500000,
      "opex": 36000000,
      "cogs": 226300000,
      "rd": null,
      "sga": 31200000,
      "fcf": 21600000,
      "ocf": 27000000,
      "capex": -5400000,
      "gross_margin": 0.2341793570219966,
      "op_margin": 0.11235194585448392,
      "fcf_margin": 0.07309644670050762,
      "op_leverage_ratio": Infinity,
      "fcf_margin_change": 0.0946391847130163
    },
    {
      "date": "2022-01-29T00:00:00",
      "quarter_label": "2022-01 (Q1)",
      "revenue": 291600000,
      "gross_profit": 69100000,
      "operating_income": 29800000,
      "net_income": 29400000,
      "opex": 39300000,
      "cogs": 222500000,
      "rd": null,
      "sga": 34500000,
      "fcf": 11800000,
      "ocf": 20100000,
      "capex": -8300000,
      "gross_margin": 0.2369684499314129,
      "op_margin": 0.10219478737997256,
      "fcf_margin": 0.04046639231824417,
      "incr_op_margin_yoy": 1.5135135135135136,
      "rev_growth_yoy": -0.012529630883846935,
      "fcf_margin_change": -0.03263005438226345
    },
    {
      "date": "2022-04-30T00:00:00",
      "quarter_label": "2022-04 (Q2)",
      "revenue": 288700000,
      "gross_profit": 54900000,
      "operating_income": 14600000,
      "net_income": 16200000,
      "opex": 40300000,
      "cogs": 233800000,
      "rd": null,
      "sga": 35600000,
      "fcf": 33600000,
      "ocf": 42000000,
      "capex": -8400000,
      "gross_margin": 0.19016279875303083,
      "op_margin": 0.050571527537235886,
      "fcf_margin": 0.11638378940076204,
      "incr_op_margin_yoy": 1.5528455284552845,
      "rev_growth_yoy": -0.04086378737541528,
      "rev_growth_yoy_accel": -0.028334156491568348,
      "fcf_margin_change": 0.07591739708251787
    },
    {
      "date": "2022-07-30T00:00:00",
      "quarter_label": "2022-07 (Q3)",
      "revenue": 282400000,
      "gross_profit": 61800000,
      "operating_income": 21800000,
      "net_income": 21500000,
      "opex": 40000000,
      "cogs": 220600000,
      "rd": null,
      "sga": 35300000,
      "fcf": 3100000,
      "ocf": 12700000,
      "capex": -9600000,
      "gross_margin": 0.2188385269121813,
      "op_margin": 0.07719546742209632,
      "fcf_margin": 0.010977337110481586,
      "incr_op_margin_yoy": 2.2777777777777777,
      "rev_growth_yoy": -0.018763029881862403,
      "rev_growth_yoy_accel": 0.022100757493552878,
      "fcf_margin_change": -0.10540645229028045
    },
    {
      "date": "2022-10-29T00:00:00",
      "quarter_label": "2022-10 (Q4)",
      "revenue": 315900000,
      "gross_profit": 74100000,
      "operating_income": 32800000,
      "net_income": 27600000,
      "opex": 41300000,
      "cogs": 241800000,
      "rd": null,
      "sga": 36600000,
      "fcf": 7000000,
      "ocf": 15400000,
      "capex": -8400000,
      "gross_margin": 0.2345679012345679,
      "op_margin": 0.10383032605254827,
      "fcf_margin": 0.022158911047799938,
      "incr_op_margin_yoy": -0.0196078431372549,
      "rev_growth_yoy": 0.06903553299492386,
      "rev_growth_yoy_accel": 0.08779856287678627,
      "op_leverage_ratio": 3.6500326868598822,
      "fcf_margin_change": 0.011181573937318352
    },
    {
      "date": "2023-01-28T00:00:00",
      "quarter_label": "2023-01 (Q1)",
      "revenue": 280100000,
      "gross_profit": 64900000,
      "operating_income": 27300000,
      "net_income": 19900000,
      "opex": 37600000,
      "cogs": 215200000,
      "rd": null,
      "sga": 32900000,
      "fcf": 42900000,
      "ocf": 55700000,
      "capex": -12800000,
      "gross_margin": 0.2317029632274188,
      "op_margin": 0.09746519100321314,
      "fcf_margin": 0.15315958586219208,
      "incr_op_margin_yoy": 0.21739130434782608,
      "rev_growth_yoy": -0.03943758573388203,
      "rev_growth_yoy_accel": -0.10847311872880588,
      "fcf_margin_change": 0.13100067481439215
    },
    {
      "date": "2023-04-29T00:00:00",
      "quarter_label": "2023-04 (Q2)",
      "revenue": 301200000,
      "gross_profit": 63300000,
      "operating_income": 8500000,
      "net_income": 8100000,
      "opex": 54800000,
      "cogs": 237900000,
      "rd": null,
      "sga": 50100000,
      "fcf": 37800000,
      "ocf": 49000000,
      "capex": -11200000,
      "gross_margin": 0.2101593625498008,
      "op_margin": 0.028220451527224435,
      "fcf_margin": 0.1254980079681275,
      "incr_op_margin_yoy": -0.488,
      "rev_growth_yoy": 0.04329754069968826,
      "rev_growth_yoy_accel": 0.08273512643357028,
      "op_leverage_ratio": 0.1646754066238802,
      "fcf_margin_change": -0.027661577894064593
    },
    {
      "date": "2023-07-29T00:00:00",
      "quarter_label": "2023-07 (Q3)",
      "revenue": 289700000,
      "gross_profit": 54000000,
      "operating_income": 3800000,
      "net_income": 900000,
      "opex": 50200000,
      "cogs": 235700000,
      "rd": null,
      "sga": 44500000,
      "fcf": -19400000,
      "ocf": -5600000,
      "capex": -13800000,
      "gross_margin": 0.18639972385226097,
      "op_margin": 0.013117017604418364,
      "fcf_margin": -0.06696582671729376,
      "incr_op_margin_yoy": -2.4657534246575343,
      "rev_growth_yoy": 0.025849858356940508,
      "rev_growth_yoy_accel": -0.017447682342747753,
      "fcf_margin_change": -0.19246383468542125
    },
    {
      "date": "2023-10-28T00:00:00",
      "quarter_label": "2023-10 (Q4)",
      "revenue": 288000000,
      "gross_profit": 52300000,
      "operating_income": -51300000,
      "net_income": -55300000,
      "opex": 103600000,
      "cogs": 235700000,
      "rd": null,
      "sga": 40900000,
      "fcf": -11300000,
      "ocf": -600000,
      "capex": -10700000,
      "gross_margin": 0.18159722222222222,
      "op_margin": -0.178125,
      "fcf_margin": -0.03923611111111111,
      "incr_op_margin_yoy": 3.014336917562724,
      "rev_growth_yoy": -0.08831908831908832,
      "rev_growth_yoy_accel": -0.11416894667602882,
      "fcf_margin_change": 0.027729715606182648
    },
    {
      "date": "2024-01-27T00:00:00",
      "quarter_label": "2024-01 (Q1)",
      "revenue": 259500000,
      "gross_profit": 37000000,
      "operating_income": -3000000,
      "net_income": -11600000,
      "opex": 40000000,
      "cogs": 222500000,
      "rd": null,
      "sga": 33900000,
      "fcf": 12200000,
      "ocf": 28800000,
      "capex": -16600000,
      "gross_margin": 0.14258188824662812,
      "op_margin": -0.011560693641618497,
      "fcf_margin": 0.047013487475915224,
      "incr_op_margin_yoy": 1.470873786407767,
      "rev_growth_yoy": -0.073545162441985,
      "rev_growth_yoy_accel": 0.014773925877103314,
      "fcf_margin_change": 0.08624959858702633
    },
    {
      "date": "2024-04-27T00:00:00",
      "quarter_label": "2024-04 (Q2)",
      "revenue": 277300000,
      "gross_profit": 35500000,
      "operating_income": -61500000,
      "net_income": -57300000,
      "opex": 97000000,
      "cogs": 241800000,
      "rd": null,
      "sga": 41600000,
      "fcf": 15800000,
      "ocf": 24900000,
      "capex": -9100000,
      "gross_margin": 0.1280201947349441,
      "op_margin": -0.22178146411828345,
      "fcf_margin": 0.0569780021637216,
      "incr_op_margin_yoy": 2.928870292887029,
      "rev_growth_yoy": -0.07934926958831341,
      "rev_growth_yoy_accel": -0.0058041071463284105,
      "op_leverage_ratio": 0.04813575364229456,
      "fcf_margin_change": 0.009964514687806375
    },
    {
      "date": "2024-07-27T00:00:00",
      "quarter_label": "2024-07 (Q3)",
      "revenue": 258500000,
      "gross_profit": 44600000,
      "operating_income": -7500000,
      "net_income": -18300000,
      "opex": 52100000,
      "cogs": 213900000,
      "rd": null,
      "sga": 46200000,
      "fcf": -2700000,
      "ocf": 10900000,
      "capex": -13600000,
      "gross_margin": 0.1725338491295938,
      "op_margin": -0.029013539651837523,
      "fcf_margin": -0.010444874274661509,
      "incr_op_margin_yoy": 0.36217948717948717,
      "rev_growth_yoy": -0.10769761822575077,
      "rev_growth_yoy_accel": -0.028348348637437362,
      "fcf_margin_change": -0.0674228764383831
    },
    {
      "date": "2024-11-02T00:00:00",
      "quarter_label": "2024-11 (Q4)",
      "revenue": 292600000,
      "gross_profit": 57900000,
      "operating_income": 9400000,
      "net_income": -1600000,
      "opex": 48500000,
      "cogs": 234700000,
      "rd": null,
      "sga": 42600000,
      "fcf": -58400000,
      "ocf": -48000000,
      "capex": -10400000,
      "gross_margin": 0.19788106630211894,
      "op_margin": 0.03212576896787423,
      "fcf_margin": -0.19958988380041012,
      "incr_op_margin_yoy": 13.195652173913043,
      "rev_growth_yoy": 0.01597222222222222,
      "rev_growth_yoy_accel": 0.123669840447973,
      "op_leverage_ratio": Infinity,
      "fcf_margin_change": -0.18914500952574861
    },
    {
      "date": "2025-02-01T00:00:00",
      "quarter_label": "2025-02 (Q1)",
      "revenue": 239900000,
      "gross_profit": 41300000,
      "operating_income": -2200000,
      "net_income": -14400000,
      "opex": 43500000,
      "cogs": 198600000,
      "rd": null,
      "sga": 37700000,
      "fcf": 19600000,
      "ocf": 28100000,
      "capex": -8500000,
      "gross_margin": 0.17215506461025426,
      "op_margin": -0.00917048770320967,
      "fcf_margin": 0.08170070862859524,
      "incr_op_margin_yoy": -0.04081632653061224,
      "rev_growth_yoy": -0.07552986512524085,
      "rev_growth_yoy_accel": -0.09150208734746307,
      "fcf_margin_change": 0.28129059242900534
    },
    {
      "date": "2025-05-03T00:00:00",
      "quarter_label": "2025-05 (Q2)",
      "revenue": 257100000,
      "gross_profit": 19600000,
      "operating_income": -23600000,
      "net_income": -28300000,
      "opex": 43200000,
      "cogs": 237500000,
      "rd": null,
      "sga": 37400000,
      "fcf": 26300000,
      "ocf": 35400000,
      "capex": -9100000,
      "gross_margin": 0.07623492804356281,
      "op_margin": -0.09179307662388175,
      "fcf_margin": 0.10229482691559705,
      "incr_op_margin_yoy": -1.8762376237623761,
      "rev_growth_yoy": -0.07284529390551749,
      "rev_growth_yoy_accel": 0.002684571219723361,
      "op_leverage_ratio": Infinity,
      "fcf_margin_change": 0.020594118287001806
    },
    {
      "date": "2025-08-02T00:00:00",
      "quarter_label": "2025-08 (Q3)",
      "revenue": 240500000,
      "gross_profit": 43500000,
      "operating_income": 1100000,
      "net_income": -10300000,
      "opex": 42400000,
      "cogs": 197000000,
      "rd": null,
      "sga": 36600000,
      "fcf": 18000000,
      "ocf": 25100000,
      "capex": -7100000,
      "gross_margin": 0.18087318087318088,
      "op_margin": 0.004573804573804574,
      "fcf_margin": 0.07484407484407485,
      "incr_op_margin_yoy": -0.4777777777777778,
      "rev_growth_yoy": -0.06963249516441006,
      "rev_growth_yoy_accel": 0.0032127987411074282,
      "fcf_margin_change": -0.0274507520715222
    },
    {
      "date": "2025-11-01T00:00:00",
      "quarter_label": "2025-11 (Q4)",
      "revenue": 246900000,
      "gross_profit": 47700000,
      "operating_income": 2900000,
      "net_income": -9900000,
      "opex": 44800000,
      "cogs": 199200000,
      "rd": null,
      "sga": 39000000,
      "fcf": -11600000,
      "ocf": -7400000,
      "capex": -4200000,
      "gross_margin": 0.19319562575941676,
      "op_margin": 0.011745646010530578,
      "fcf_margin": -0.04698258404212231,
      "incr_op_margin_yoy": 0.1422319474835886,
      "rev_growth_yoy": -0.15618591934381407,
      "rev_growth_yoy_accel": -0.08655342417940401,
      "op_leverage_ratio": 0.4701316701316701,
      "fcf_margin_change": -0.12182665888619716
    }
  ],
  "signals": [
    {
      "quarter": "2025-11 (Q4)",
      "signal": "YoY REVENUE GROWTH DECELERATION",
      "detail": "YoY growth: -15.6% vs prior quarter YoY: -7.0% (decel: -8.7%)",
      "severity": "WARNING"
    },
    {
      "quarter": "2025-11 (Q4)",
      "signal": "INCREMENTAL MARGIN (YoY)",
      "detail": "YoY Incr OPM: +14.2% vs year-ago OPM: +3.2%",
      "severity": "MEDIUM"
    },
    {
      "quarter": "2025-08 (Q3)",
      "signal": "GROSS MARGIN INFLECTION",
      "detail": "GM: +17.2% -> +7.6% -> +18.1% (reversal +10.5%)",
      "severity": "HIGH"
    },
    {
      "quarter": "2025-08 (Q3)",
      "signal": "OP MARGIN TURNED POSITIVE (YoY)",
      "detail": "Op margin: -2.9% (year-ago) -> +0.5%",
      "severity": "HIGH"
    },
    {
      "quarter": "2025-08 (Q3)",
      "signal": "OP MARGIN TURNED POSITIVE (QoQ)",
      "detail": "Op margin: -9.2% -> +0.5%",
      "severity": "HIGH"
    },
    {
      "quarter": "2025-02 (Q1)",
      "signal": "FCF TURNED POSITIVE",
      "detail": "FCF margin: -20.0% -> +8.2%",
      "severity": "HIGH"
    },
    {
      "quarter": "2025-02 (Q1)",
      "signal": "YoY REVENUE GROWTH DECELERATION",
      "detail": "YoY growth: -7.6% vs prior quarter YoY: +1.6% (decel: -9.2%)",
      "severity": "WARNING"
    },
    {
      "quarter": "2024-11 (Q4)",
      "signal": "YoY REVENUE GROWTH ACCELERATION",
      "detail": "YoY growth: +1.6% vs prior quarter YoY: -10.8% (accel: +12.4%)",
      "severity": "MEDIUM"
    },
    {
      "quarter": "2024-11 (Q4)",
      "signal": "OP MARGIN TURNED POSITIVE (YoY)",
      "detail": "Op margin: -17.8% (year-ago) -> +3.2%",
      "severity": "HIGH"
    },
    {
      "quarter": "2024-11 (Q4)",
      "signal": "OP MARGIN TURNED POSITIVE (QoQ)",
      "detail": "Op margin: -2.9% -> +3.2%",
      "severity": "HIGH"
    },
    {
      "quarter": "2024-07 (Q3)",
      "signal": "GROSS MARGIN INFLECTION",
      "detail": "GM: +14.3% -> +12.8% -> +17.3% (reversal +4.5%)",
      "severity": "MEDIUM"
    },
    {
      "quarter": "2024-01 (Q1)",
      "signal": "FCF TURNED POSITIVE",
      "detail": "FCF margin: -3.9% -> +4.7%",
      "severity": "HIGH"
    },
    {
      "quarter": "2023-10 (Q4)",
      "signal": "YoY REVENUE GROWTH DECELERATION",
      "detail": "YoY growth: -8.8% vs prior quarter YoY: +2.6% (decel: -11.4%)",
      "severity": "WARNING"
    },
    {
      "quarter": "2023-04 (Q2)",
      "signal": "YoY REVENUE GROWTH ACCELERATION",
      "detail": "YoY growth: +4.3% vs prior quarter YoY: -3.9% (accel: +8.3%)",
      "severity": "MEDIUM"
    },
    {
      "quarter": "2023-01 (Q1)",
      "signal": "FCF MARGIN EXPANSION",
      "detail": "FCF margin: +2.2% -> +15.3% (+13.1%)",
      "severity": "MEDIUM"
    },
    {
      "quarter": "2023-01 (Q1)",
      "signal": "YoY REVENUE GROWTH DECELERATION",
      "detail": "YoY growth: -3.9% vs prior quarter YoY: +6.9% (decel: -10.8%)",
      "severity": "WARNING"
    },
    {
      "quarter": "2023-01 (Q1)",
      "signal": "INCREMENTAL MARGIN (YoY)",
      "detail": "YoY Incr OPM: +21.7% vs year-ago OPM: +10.2%",
      "severity": "MEDIUM"
    },
    {
      "quarter": "2022-10 (Q4)",
      "signal": "OPERATING LEVERAGE",
      "detail": "Rev growth +11.9% vs OpEx growth +3.2% (leverage: 3.7x)",
      "severity": "MEDIUM"
    },
    {
      "quarter": "2022-10 (Q4)",
      "signal": "YoY REVENUE GROWTH ACCELERATION",
      "detail": "YoY growth: +6.9% vs prior quarter YoY: -1.9% (accel: +8.8%)",
      "severity": "MEDIUM"
    },
    {
      "quarter": "2022-07 (Q3)",
      "signal": "GROSS MARGIN INFLECTION",
      "detail": "GM: +23.7% -> +19.0% -> +21.9% (reversal +2.9%)",
      "severity": "MEDIUM"
    },
    {
      "quarter": "2022-07 (Q3)",
      "signal": "INCREMENTAL MARGIN (YoY)",
      "detail": "YoY Incr OPM: +227.8% vs year-ago OPM: +11.8%",
      "severity": "HIGH"
    },
    {
      "quarter": "2022-04 (Q2)",
      "signal": "FCF MARGIN EXPANSION",
      "detail": "FCF margin: +4.0% -> +11.6% (+7.6%)",
      "severity": "MEDIUM"
    },
    {
      "quarter": "2022-04 (Q2)",
      "signal": "INCREMENTAL MARGIN (YoY)",
      "detail": "YoY Incr OPM: +155.3% vs year-ago OPM: +11.2%",
      "severity": "HIGH"
    },
    {
      "quarter": "2022-01 (Q1)",
      "signal": "INCREMENTAL MARGIN (YoY)",
      "detail": "YoY Incr OPM: +151.4% vs year-ago OPM: +12.0%",
      "severity": "HIGH"
    },
    {
      "quarter": "2021-10 (Q4)",
      "signal": "FCF TURNED POSITIVE",
      "detail": "FCF margin: -2.2% -> +7.3%",
      "severity": "HIGH"
    }
  ],
  "data_quality": {
    "n_quarters": 20,
    "coverage": {
      "revenue": [
        20,
        20
      ],
      "gross_profit": [
        20,
        20
      ],
      "op_income": [
        20,
        20
      ],
      "fcf": [
        20,
        20
      ]
    },
    "gaps": [],
    "warnings": []
  },
  "market_cap": null,
  "source": "SEC EDGAR",
  "last_updated": "2026-02-02T22:48:12.535813"
}