{
  "ticker": "MELI",
  "name": "MercadoLibre, Inc.",
  "quarters": [
    {
      "date": "2020-12-31T00:00:00",
      "quarter_label": "2020-12 (Q4)",
      "revenue": 1327304000,
      "gross_profit": 489034000,
      "operating_income": -25126000,
      "net_income": -50580000,
      "opex": 514160000,
      "cogs": 838270000,
      "rd": 116989000,
      "sga": null,
      "fcf": 168802000,
      "ocf": 256005000,
      "capex": -87203000,
      "gross_margin": 0.368441592883017,
      "op_margin": -0.018930101920886247,
      "fcf_margin": 0.12717659255151798
    },
    {
      "date": "2021-03-31T00:00:00",
      "quarter_label": "2021-03 (Q1)",
      "revenue": 1378000000,
      "gross_profit": 591377000,
      "operating_income": 90844000,
      "net_income": -34012000,
      "opex": 500533000,
      "cogs": 787064000,
      "rd": 126035000,
      "sga": null,
      "fcf": -378000000,
      "ocf": -265000000,
      "capex": -113000000,
      "gross_margin": 0.429156023222061,
      "op_margin": 0.06592452830188679,
      "fcf_margin": -0.274310595065312,
      "op_leverage_ratio": Infinity,
      "fcf_margin_change": -0.40148718761683
    },
    {
      "date": "2021-06-30T00:00:00",
      "quarter_label": "2021-06 (Q2)",
      "revenue": 1703000000,
      "gross_profit": 753920000,
      "operating_income": 166165000,
      "net_income": 68195000,
      "opex": 587755000,
      "cogs": 948830000,
      "rd": 146985000,
      "sga": null,
      "fcf": 114000000,
      "ocf": 264000000,
      "capex": -150000000,
      "gross_margin": 0.4427011156782149,
      "op_margin": 0.09757193188490898,
      "fcf_margin": 0.06694069289489137,
      "op_leverage_ratio": 1.3534456427169361,
      "fcf_margin_change": 0.3412512879602034
    },
    {
      "date": "2021-09-30T00:00:00",
      "quarter_label": "2021-09 (Q3)",
      "revenue": 1858000000,
      "gross_profit": 806590000,
      "operating_income": 160378000,
      "net_income": 95225000,
      "opex": 646212000,
      "cogs": 1050862000,
      "rd": 137671000,
      "sga": null,
      "fcf": 103000000,
      "ocf": 265000000,
      "capex": -162000000,
      "gross_margin": 0.43411733046286327,
      "op_margin": 0.08631754574811626,
      "fcf_margin": 0.05543595263724435,
      "op_leverage_ratio": 0.9151174964155262,
      "fcf_margin_change": -0.011504740257647014
    },
    {
      "date": "2021-12-31T00:00:00",
      "quarter_label": "2021-12 (Q4)",
      "revenue": 2130000000,
      "gross_profit": 853165000,
      "operating_income": 23316000,
      "net_income": -46104000,
      "opex": 829849000,
      "cogs": 1277601000,
      "rd": 179637000,
      "sga": null,
      "fcf": 553000000,
      "ocf": 701000000,
      "capex": -148000000,
      "gross_margin": 0.4005469483568075,
      "op_margin": 0.010946478873239436,
      "fcf_margin": 0.2596244131455399,
      "incr_op_margin_yoy": 0.06034912345396015,
      "rev_growth_yoy": 0.6047567098419051,
      "op_leverage_ratio": 0.5151551236537909,
      "fcf_margin_change": 0.20418846050829556
    },
    {
      "date": "2022-03-31T00:00:00",
      "quarter_label": "2022-03 (Q1)",
      "revenue": 2248000000,
      "gross_profit": 1073000000,
      "operating_income": 139000000,
      "net_income": 65000000,
      "opex": 934000000,
      "cogs": 1175000000,
      "rd": 234000000,
      "sga": null,
      "fcf": -370000000,
      "ocf": -233000000,
      "capex": -137000000,
      "gross_margin": 0.47731316725978645,
      "op_margin": 0.061832740213523134,
      "fcf_margin": -0.16459074733096085,
      "incr_op_margin_yoy": 0.05535172413793103,
      "rev_growth_yoy": 0.6313497822931785,
      "rev_growth_yoy_accel": 0.026593072451273403,
      "op_leverage_ratio": 0.4414057992631951,
      "fcf_margin_change": -0.42421516047650076
    },
    {
      "date": "2022-06-30T00:00:00",
      "quarter_label": "2022-06 (Q2)",
      "revenue": 2597000000,
      "gross_profit": 1284000000,
      "operating_income": 250000000,
      "net_income": 123000000,
      "opex": 1034000000,
      "cogs": 1313000000,
      "rd": 262000000,
      "sga": null,
      "fcf": 808000000,
      "ocf": 907000000,
      "capex": -99000000,
      "gross_margin": 0.49441663457835966,
      "op_margin": 0.09626492106276473,
      "fcf_margin": 0.3111282248748556,
      "incr_op_margin_yoy": 0.0937751677852349,
      "rev_growth_yoy": 0.5249559600704639,
      "rev_growth_yoy_accel": -0.10639382222271465,
      "op_leverage_ratio": 1.4500266903914591,
      "fcf_margin_change": 0.47571897220581644
    },
    {
      "date": "2022-09-30T00:00:00",
      "quarter_label": "2022-09 (Q3)",
      "revenue": 2690000000,
      "gross_profit": 1348000000,
      "operating_income": 296000000,
      "net_income": 129000000,
      "opex": 1052000000,
      "cogs": 1342000000,
      "rd": 278000000,
      "sga": null,
      "fcf": 618000000,
      "ocf": 724000000,
      "capex": -106000000,
      "gross_margin": 0.5011152416356878,
      "op_margin": 0.1100371747211896,
      "fcf_margin": 0.22973977695167286,
      "incr_op_margin_yoy": 0.16300721153846154,
      "rev_growth_yoy": 0.4477933261571582,
      "rev_growth_yoy_accel": -0.07716263391330563,
      "op_leverage_ratio": 2.05711718649724,
      "fcf_margin_change": -0.08138844792318273
    },
    {
      "date": "2022-12-31T00:00:00",
      "quarter_label": "2022-12 (Q4)",
      "revenue": 3002000000,
      "gross_profit": 1458000000,
      "operating_income": 349000000,
      "net_income": 165000000,
      "opex": 1109000000,
      "cogs": 1544000000,
      "rd": 325000000,
      "sga": null,
      "fcf": 1430000000,
      "ocf": 1542000000,
      "capex": -112000000,
      "gross_margin": 0.48567621585609594,
      "op_margin": 0.11625582944703532,
      "fcf_margin": 0.4763491005996003,
      "incr_op_margin_yoy": 0.3734908256880734,
      "rev_growth_yoy": 0.40938967136150234,
      "rev_growth_yoy_accel": -0.038403654795655884,
      "op_leverage_ratio": 2.1406378399530426,
      "fcf_margin_change": 0.24660932364792743
    },
    {
      "date": "2023-03-31T00:00:00",
      "quarter_label": "2023-03 (Q1)",
      "revenue": 3037000000,
      "gross_profit": 1536000000,
      "operating_income": 340000000,
      "net_income": 201000000,
      "opex": 1196000000,
      "cogs": 1501000000,
      "rd": 381000000,
      "sga": null,
      "fcf": 770000000,
      "ocf": 859000000,
      "capex": -89000000,
      "gross_margin": 0.5057622653934805,
      "op_margin": 0.11195258478761937,
      "fcf_margin": 0.253539677313138,
      "incr_op_margin_yoy": 0.25475285171102663,
      "rev_growth_yoy": 0.35097864768683273,
      "rev_growth_yoy_accel": -0.058411023674669604,
      "op_leverage_ratio": 0.14861739683123126,
      "fcf_margin_change": -0.2228094232864623
    },
    {
      "date": "2023-06-30T00:00:00",
      "quarter_label": "2023-06 (Q2)",
      "revenue": 3415000000,
      "gross_profit": 1720000000,
      "operating_income": 558000000,
      "net_income": 262000000,
      "opex": 1162000000,
      "cogs": 1695000000,
      "rd": 368000000,
      "sga": null,
      "fcf": 1298000000,
      "ocf": 1412000000,
      "capex": -114000000,
      "gross_margin": 0.5036603221083455,
      "op_margin": 0.16339677891654467,
      "fcf_margin": 0.3800878477306003,
      "incr_op_margin_yoy": 0.3765281173594132,
      "rev_growth_yoy": 0.3149788217173662,
      "rev_growth_yoy_accel": -0.03599982596946655,
      "op_leverage_ratio": Infinity,
      "fcf_margin_change": 0.1265481704174623
    },
    {
      "date": "2023-09-30T00:00:00",
      "quarter_label": "2023-09 (Q3)",
      "revenue": 3760000000,
      "gross_profit": 1995000000,
      "operating_income": 685000000,
      "net_income": 359000000,
      "opex": 1310000000,
      "cogs": 1765000000,
      "rd": 396000000,
      "sga": null,
      "fcf": 815000000,
      "ocf": 941000000,
      "capex": -126000000,
      "gross_margin": 0.5305851063829787,
      "op_margin": 0.18218085106382978,
      "fcf_margin": 0.21675531914893617,
      "incr_op_margin_yoy": 0.36355140186915885,
      "rev_growth_yoy": 0.39776951672862454,
      "rev_growth_yoy_accel": 0.08279069501125835,
      "op_leverage_ratio": 0.7931819081160223,
      "fcf_margin_change": -0.1633325285816641
    },
    {
      "date": "2023-12-31T00:00:00",
      "quarter_label": "2023-12 (Q4)",
      "revenue": 4261000000,
      "gross_profit": 1955000000,
      "operating_income": 335000000,
      "net_income": 165000000,
      "opex": 1715000000,
      "cogs": 2359000000,
      "rd": 686000000,
      "sga": null,
      "fcf": 1748000000,
      "ocf": 1928000000,
      "capex": -180000000,
      "gross_margin": 0.4588124853320817,
      "op_margin": 0.07862004224360479,
      "fcf_margin": 0.41023233982633184,
      "incr_op_margin_yoy": -0.011119936457505957,
      "rev_growth_yoy": 0.41938707528314456,
      "rev_growth_yoy_accel": 0.021617558554520022,
      "op_leverage_ratio": 0.43098896769109535,
      "fcf_margin_change": 0.19347702067739567
    },
    {
      "date": "2024-03-31T00:00:00",
      "quarter_label": "2024-03 (Q1)",
      "revenue": 4333000000,
      "gross_profit": 2024000000,
      "operating_income": 528000000,
      "net_income": 344000000,
      "opex": 1496000000,
      "cogs": 2309000000,
      "rd": 458000000,
      "sga": null,
      "fcf": 1366000000,
      "ocf": 1512000000,
      "capex": -146000000,
      "gross_margin": 0.4671128548349873,
      "op_margin": 0.12185552734825755,
      "fcf_margin": 0.3152550196168936,
      "incr_op_margin_yoy": 0.14506172839506173,
      "rev_growth_yoy": 0.4267369114257491,
      "rev_growth_yoy_accel": 0.007349836142604538,
      "op_leverage_ratio": Infinity,
      "fcf_margin_change": -0.09497732020943822
    },
    {
      "date": "2024-06-30T00:00:00",
      "quarter_label": "2024-06 (Q2)",
      "revenue": 5073000000,
      "gross_profit": 2365000000,
      "operating_income": 726000000,
      "net_income": 531000000,
      "opex": 1639000000,
      "cogs": 2708000000,
      "rd": 460000000,
      "sga": null,
      "fcf": 1699000000,
      "ocf": 1882000000,
      "capex": -183000000,
      "gross_margin": 0.46619357382219595,
      "op_margin": 0.14311058545239502,
      "fcf_margin": 0.3349103094815691,
      "incr_op_margin_yoy": 0.10132689987937274,
      "rev_growth_yoy": 0.4855051244509517,
      "rev_growth_yoy_accel": 0.058768213025202576,
      "op_leverage_ratio": 1.7866463100711891,
      "fcf_margin_change": 0.019655289864675463
    },
    {
      "date": "2024-09-30T00:00:00",
      "quarter_label": "2024-09 (Q3)",
      "revenue": 5312000000,
      "gross_profit": 2439000000,
      "operating_income": 557000000,
      "net_income": 397000000,
      "opex": 1882000000,
      "cogs": 2873000000,
      "rd": 504000000,
      "sga": null,
      "fcf": 1378000000,
      "ocf": 1600000000,
      "capex": -222000000,
      "gross_margin": 0.4591490963855422,
      "op_margin": 0.10485692771084337,
      "fcf_margin": 0.25941265060240964,
      "incr_op_margin_yoy": -0.08247422680412371,
      "rev_growth_yoy": 0.4127659574468085,
      "rev_growth_yoy_accel": -0.07273916700414318,
      "op_leverage_ratio": 0.3177647498781169,
      "fcf_margin_change": -0.07549765887915943
    },
    {
      "date": "2024-12-31T00:00:00",
      "quarter_label": "2024-12 (Q4)",
      "revenue": 6059000000,
      "gross_profit": 2749000000,
      "operating_income": 820000000,
      "net_income": 639000000,
      "opex": 1929000000,
      "cogs": 3310000000,
      "rd": 512000000,
      "sga": null,
      "fcf": 2924000000,
      "ocf": 2924000000,
      "capex": null,
      "gross_margin": 0.4537052318864499,
      "op_margin": 0.13533586400396105,
      "fcf_margin": 0.48258788578973427,
      "incr_op_margin_yoy": 0.26974416017797553,
      "rev_growth_yoy": 0.42196667448955644,
      "rev_growth_yoy_accel": 0.009200717042747941,
      "op_leverage_ratio": 5.630984042553191,
      "fcf_margin_change": 0.22317523518732463
    },
    {
      "date": "2025-03-31T00:00:00",
      "quarter_label": "2025-03 (Q1)",
      "revenue": 5935000000,
      "gross_profit": 2771000000,
      "operating_income": 763000000,
      "net_income": 494000000,
      "opex": 2008000000,
      "cogs": 3164000000,
      "rd": 551000000,
      "sga": null,
      "fcf": 1031000000,
      "ocf": 1031000000,
      "capex": null,
      "gross_margin": 0.46689132266217354,
      "op_margin": 0.12855939342881212,
      "fcf_margin": 0.17371524852569503,
      "incr_op_margin_yoy": 0.1466916354556804,
      "rev_growth_yoy": 0.3697207477498269,
      "rev_growth_yoy_accel": -0.052245926739729553,
      "fcf_margin_change": -0.30887263726403924
    },
    {
      "date": "2025-06-30T00:00:00",
      "quarter_label": "2025-06 (Q2)",
      "revenue": 6790000000,
      "gross_profit": 3094000000,
      "operating_income": 825000000,
      "net_income": 523000000,
      "opex": 2269000000,
      "cogs": 3696000000,
      "rd": 567000000,
      "sga": null,
      "fcf": 2917000000,
      "ocf": 2917000000,
      "capex": null,
      "gross_margin": 0.4556701030927835,
      "op_margin": 0.12150220913107511,
      "fcf_margin": 0.4296023564064801,
      "incr_op_margin_yoy": 0.05765870704717531,
      "rev_growth_yoy": 0.33845850581509956,
      "rev_growth_yoy_accel": -0.03126224193472732,
      "op_leverage_ratio": 1.1083287336954943,
      "fcf_margin_change": 0.25588710788078506
    },
    {
      "date": "2025-09-30T00:00:00",
      "quarter_label": "2025-09 (Q3)",
      "revenue": 7409000000,
      "gross_profit": 3209000000,
      "operating_income": 724000000,
      "net_income": 421000000,
      "opex": 2485000000,
      "cogs": 4200000000,
      "rd": 567000000,
      "sga": null,
      "fcf": 2959000000,
      "ocf": 2959000000,
      "capex": null,
      "gross_margin": 0.43312187879605885,
      "op_margin": 0.09771899041706034,
      "fcf_margin": 0.39937913348630044,
      "incr_op_margin_yoy": 0.07963757749165475,
      "rev_growth_yoy": 0.39476656626506024,
      "rev_growth_yoy_accel": 0.05630806044996067,
      "op_leverage_ratio": 0.9576385479735995,
      "fcf_margin_change": -0.03022322292017965
    }
  ],
  "signals": [
    {
      "quarter": "2025-09 (Q3)",
      "signal": "YoY REVENUE GROWTH ACCELERATION",
      "detail": "YoY growth: +39.5% vs prior quarter YoY: +33.8% (accel: +5.6%)",
      "severity": "MEDIUM"
    },
    {
      "quarter": "2025-06 (Q2)",
      "signal": "FCF MARGIN EXPANSION",
      "detail": "FCF margin: +17.4% -> +43.0% (+25.6%)",
      "severity": "MEDIUM"
    },
    {
      "quarter": "2025-03 (Q1)",
      "signal": "YoY REVENUE GROWTH DECELERATION",
      "detail": "YoY growth: +37.0% vs prior quarter YoY: +42.2% (decel: -5.2%)",
      "severity": "WARNING"
    },
    {
      "quarter": "2024-12 (Q4)",
      "signal": "FCF MARGIN EXPANSION",
      "detail": "FCF margin: +25.9% -> +48.3% (+22.3%)",
      "severity": "MEDIUM"
    },
    {
      "quarter": "2024-12 (Q4)",
      "signal": "OPERATING LEVERAGE",
      "detail": "Rev growth +14.1% vs OpEx growth +2.5% (leverage: 5.6x)",
      "severity": "MEDIUM"
    },
    {
      "quarter": "2024-12 (Q4)",
      "signal": "INCREMENTAL MARGIN (YoY)",
      "detail": "YoY Incr OPM: +27.0% vs year-ago OPM: +7.9%",
      "severity": "MEDIUM"
    },
    {
      "quarter": "2024-09 (Q3)",
      "signal": "YoY REVENUE GROWTH DECELERATION",
      "detail": "YoY growth: +41.3% vs prior quarter YoY: +48.6% (decel: -7.3%)",
      "severity": "WARNING"
    },
    {
      "quarter": "2024-06 (Q2)",
      "signal": "OPERATING LEVERAGE",
      "detail": "Rev growth +17.1% vs OpEx growth +9.6% (leverage: 1.8x)",
      "severity": "MEDIUM"
    },
    {
      "quarter": "2024-06 (Q2)",
      "signal": "YoY REVENUE GROWTH ACCELERATION",
      "detail": "YoY growth: +48.6% vs prior quarter YoY: +42.7% (accel: +5.9%)",
      "severity": "MEDIUM"
    },
    {
      "quarter": "2023-12 (Q4)",
      "signal": "FCF MARGIN EXPANSION",
      "detail": "FCF margin: +21.7% -> +41.0% (+19.3%)",
      "severity": "MEDIUM"
    },
    {
      "quarter": "2023-09 (Q3)",
      "signal": "GROSS MARGIN INFLECTION",
      "detail": "GM: +50.6% -> +50.4% -> +53.1% (reversal +2.7%)",
      "severity": "MEDIUM"
    },
    {
      "quarter": "2023-09 (Q3)",
      "signal": "YoY REVENUE GROWTH ACCELERATION",
      "detail": "YoY growth: +39.8% vs prior quarter YoY: +31.5% (accel: +8.3%)",
      "severity": "MEDIUM"
    },
    {
      "quarter": "2023-09 (Q3)",
      "signal": "INCREMENTAL MARGIN (YoY)",
      "detail": "YoY Incr OPM: +36.4% vs year-ago OPM: +11.0%",
      "severity": "HIGH"
    },
    {
      "quarter": "2023-06 (Q2)",
      "signal": "FCF MARGIN EXPANSION",
      "detail": "FCF margin: +25.4% -> +38.0% (+12.7%)",
      "severity": "MEDIUM"
    },
    {
      "quarter": "2023-06 (Q2)",
      "signal": "INCREMENTAL MARGIN (YoY)",
      "detail": "YoY Incr OPM: +37.7% vs year-ago OPM: +9.6%",
      "severity": "HIGH"
    },
    {
      "quarter": "2023-03 (Q1)",
      "signal": "GROSS MARGIN INFLECTION",
      "detail": "GM: +50.1% -> +48.6% -> +50.6% (reversal +2.0%)",
      "severity": "MEDIUM"
    },
    {
      "quarter": "2023-03 (Q1)",
      "signal": "YoY REVENUE GROWTH DECELERATION",
      "detail": "YoY growth: +35.1% vs prior quarter YoY: +40.9% (decel: -5.8%)",
      "severity": "WARNING"
    },
    {
      "quarter": "2023-03 (Q1)",
      "signal": "INCREMENTAL MARGIN (YoY)",
      "detail": "YoY Incr OPM: +25.5% vs year-ago OPM: +6.2%",
      "severity": "MEDIUM"
    },
    {
      "quarter": "2022-12 (Q4)",
      "signal": "FCF MARGIN EXPANSION",
      "detail": "FCF margin: +23.0% -> +47.6% (+24.7%)",
      "severity": "MEDIUM"
    },
    {
      "quarter": "2022-12 (Q4)",
      "signal": "OPERATING LEVERAGE",
      "detail": "Rev growth +11.6% vs OpEx growth +5.4% (leverage: 2.1x)",
      "severity": "MEDIUM"
    },
    {
      "quarter": "2022-12 (Q4)",
      "signal": "INCREMENTAL MARGIN (YoY)",
      "detail": "YoY Incr OPM: +37.3% vs year-ago OPM: +1.1%",
      "severity": "HIGH"
    },
    {
      "quarter": "2022-09 (Q3)",
      "signal": "OPERATING LEVERAGE",
      "detail": "Rev growth +3.6% vs OpEx growth +1.7% (leverage: 2.1x)",
      "severity": "MEDIUM"
    },
    {
      "quarter": "2022-09 (Q3)",
      "signal": "YoY REVENUE GROWTH DECELERATION",
      "detail": "YoY growth: +44.8% vs prior quarter YoY: +52.5% (decel: -7.7%)",
      "severity": "WARNING"
    },
    {
      "quarter": "2022-06 (Q2)",
      "signal": "FCF TURNED POSITIVE",
      "detail": "FCF margin: -16.5% -> +31.1%",
      "severity": "HIGH"
    },
    {
      "quarter": "2022-06 (Q2)",
      "signal": "YoY REVENUE GROWTH DECELERATION",
      "detail": "YoY growth: +52.5% vs prior quarter YoY: +63.1% (decel: -10.6%)",
      "severity": "WARNING"
    },
    {
      "quarter": "2022-03 (Q1)",
      "signal": "GROSS MARGIN INFLECTION",
      "detail": "GM: +43.4% -> +40.1% -> +47.7% (reversal +7.7%)",
      "severity": "HIGH"
    },
    {
      "quarter": "2021-12 (Q4)",
      "signal": "FCF MARGIN EXPANSION",
      "detail": "FCF margin: +5.5% -> +26.0% (+20.4%)",
      "severity": "MEDIUM"
    },
    {
      "quarter": "2021-12 (Q4)",
      "signal": "OP MARGIN TURNED POSITIVE (YoY)",
      "detail": "Op margin: -1.9% (year-ago) -> +1.1%",
      "severity": "HIGH"
    },
    {
      "quarter": "2021-06 (Q2)",
      "signal": "FCF TURNED POSITIVE",
      "detail": "FCF margin: -27.4% -> +6.7%",
      "severity": "HIGH"
    },
    {
      "quarter": "2021-03 (Q1)",
      "signal": "OP MARGIN TURNED POSITIVE (QoQ)",
      "detail": "Op margin: -1.9% -> +6.6%",
      "severity": "HIGH"
    }
  ],
  "data_quality": {
    "n_quarters": 20,
    "coverage": {
      "revenue": [
        20,
        20
      ],
      "gross_profit": [
        20,
        20
      ],
      "op_income": [
        20,
        20
      ],
      "fcf": [
        20,
        20
      ]
    },
    "gaps": [],
    "warnings": []
  },
  "market_cap": null,
  "source": "SEC EDGAR",
  "last_updated": "2026-02-02T19:49:09.438306"
}