{
  "ticker": "MERC",
  "name": "MERCER INTERNATIONAL INC.",
  "sector": "Basic Materials",
  "industry": "Paper & Paper Products",
  "quarters": [
    {
      "date": "2021-03-31T00:00:00",
      "quarter_label": "2021-03 (Q1)",
      "revenue": 412720000,
      "gross_profit": 102523000,
      "operating_income": 51029000,
      "net_income": 5933000,
      "opex": 51494000,
      "cogs": 310197000,
      "rd": null,
      "sga": 20548000,
      "fcf": 5026000,
      "ocf": 30288000,
      "capex": -25262000,
      "gross_margin": 0.24840812172901724,
      "op_margin": 0.12364072494669509,
      "fcf_margin": 0.01217774762550882
    },
    {
      "date": "2021-06-30T00:00:00",
      "quarter_label": "2021-06 (Q2)",
      "revenue": 401832000,
      "gross_profit": 104006000,
      "operating_income": 51836000,
      "net_income": 21415000,
      "opex": 52170000,
      "cogs": 297826000,
      "rd": null,
      "sga": 20235000,
      "fcf": 19028000,
      "ocf": 81152000,
      "capex": -62124000,
      "gross_margin": 0.2588295606123952,
      "op_margin": 0.12899918373847777,
      "fcf_margin": 0.04735312269804296,
      "fcf_margin_change": 0.03517537507253414
    },
    {
      "date": "2021-09-30T00:00:00",
      "quarter_label": "2021-09 (Q3)",
      "revenue": 469746000,
      "gross_profit": 167525000,
      "operating_income": 113755000,
      "net_income": 69118000,
      "opex": 53770000,
      "cogs": 302221000,
      "rd": null,
      "sga": 19476000,
      "fcf": 1838000,
      "ocf": 40144000,
      "capex": -38306000,
      "gross_margin": 0.3566289015765967,
      "op_margin": 0.24216278584596782,
      "fcf_margin": 0.003912752849412235,
      "op_leverage_ratio": 5.510812634384519,
      "fcf_margin_change": -0.04344036984863073
    },
    {
      "date": "2021-12-31T00:00:00",
      "quarter_label": "2021-12 (Q4)",
      "revenue": 518957000,
      "gross_profit": 183579000,
      "operating_income": 129963000,
      "net_income": 74522000,
      "opex": 53616000,
      "cogs": 335378000,
      "rd": null,
      "sga": 18674000,
      "fcf": -3118000,
      "ocf": 30630000,
      "capex": -33748000,
      "gross_margin": 0.35374607144715264,
      "op_margin": 0.25043115325547205,
      "fcf_margin": -0.006008204918711955,
      "op_leverage_ratio": null,
      "fcf_margin_change": -0.00992095776812419
    },
    {
      "date": "2022-03-31T00:00:00",
      "quarter_label": "2022-03 (Q1)",
      "revenue": 592741000,
      "gross_profit": 176646000,
      "operating_income": 122351000,
      "net_income": 88897000,
      "opex": 54295000,
      "cogs": 416095000,
      "rd": null,
      "sga": 22198000,
      "fcf": 35517000,
      "ocf": 68810000,
      "capex": -33293000,
      "gross_margin": 0.2980154907455364,
      "op_margin": 0.20641561828859484,
      "fcf_margin": 0.05991993130220451,
      "incr_op_margin_yoy": 0.39618711150365793,
      "rev_growth_yoy": 0.43618191509982557,
      "op_leverage_ratio": 11.226786338519828,
      "fcf_margin_change": 0.06592813622091646
    },
    {
      "date": "2022-06-30T00:00:00",
      "quarter_label": "2022-06 (Q2)",
      "revenue": 572326000,
      "gross_profit": 168655000,
      "operating_income": 114031000,
      "net_income": 71372000,
      "opex": 54624000,
      "cogs": 403671000,
      "rd": null,
      "sga": 23620000,
      "fcf": 107513000,
      "ocf": 154541000,
      "capex": -47028000,
      "gross_margin": 0.2946834496423367,
      "op_margin": 0.19924134147321632,
      "fcf_margin": 0.18785272729178826,
      "incr_op_margin_yoy": 0.36479289593768693,
      "rev_growth_yoy": 0.4242917438133349,
      "rev_growth_yoy_accel": -0.01189017128649067,
      "fcf_margin_change": 0.12793279598958374
    },
    {
      "date": "2022-09-30T00:00:00",
      "quarter_label": "2022-09 (Q3)",
      "revenue": 532814000,
      "gross_profit": 165104000,
      "operating_income": 108723000,
      "net_income": 66746000,
      "opex": 56381000,
      "cogs": 367710000,
      "rd": null,
      "sga": 24259000,
      "fcf": 38106000,
      "ocf": 86660000,
      "capex": -48554000,
      "gross_margin": 0.3098717376044924,
      "op_margin": 0.20405432289692088,
      "fcf_margin": 0.07151839103326864,
      "incr_op_margin_yoy": -0.07978689668294539,
      "rev_growth_yoy": 0.1342597914617687,
      "rev_growth_yoy_accel": -0.2900319523515662,
      "fcf_margin_change": -0.11633433625851962
    },
    {
      "date": "2022-12-31T00:00:00",
      "quarter_label": "2022-12 (Q4)",
      "revenue": 583056000,
      "gross_profit": 131860000,
      "operating_income": 47263000,
      "net_income": 20024000,
      "opex": 84597000,
      "cogs": 451196000,
      "rd": null,
      "sga": 35756000,
      "fcf": 782000,
      "ocf": 50649000,
      "capex": -49867000,
      "gross_margin": 0.22615323399467632,
      "op_margin": 0.08106082434620346,
      "fcf_margin": 0.0013412090776872205,
      "incr_op_margin_yoy": -1.2901917346604472,
      "rev_growth_yoy": 0.1235150503798966,
      "rev_growth_yoy_accel": -0.010744741081872095,
      "op_leverage_ratio": 0.18842070278344938,
      "fcf_margin_change": -0.07017718195558142
    },
    {
      "date": "2023-03-31T00:00:00",
      "quarter_label": "2023-03 (Q1)",
      "revenue": 522666000,
      "gross_profit": 61328000,
      "operating_income": -20121000,
      "net_income": -30578000,
      "opex": 81449000,
      "cogs": 461338000,
      "rd": null,
      "sga": 33951000,
      "fcf": -83079000,
      "ocf": -49650000,
      "capex": -33429000,
      "gross_margin": 0.11733688435827086,
      "op_margin": -0.03849686032762797,
      "fcf_margin": -0.15895237111271826,
      "incr_op_margin_yoy": 2.0331359257937924,
      "rev_growth_yoy": -0.1182219552890723,
      "rev_growth_yoy_accel": -0.24173700566896889,
      "fcf_margin_change": -0.1602935801904055
    },
    {
      "date": "2023-06-30T00:00:00",
      "quarter_label": "2023-06 (Q2)",
      "revenue": 529863000,
      "gross_profit": -36337000,
      "operating_income": -108832000,
      "net_income": -98306000,
      "opex": 72495000,
      "cogs": 566200000,
      "rd": null,
      "sga": 32392000,
      "fcf": -24784000,
      "ocf": 14698000,
      "capex": -39482000,
      "gross_margin": -0.06857810415145046,
      "op_margin": -0.20539648928119156,
      "fcf_margin": -0.04677435488041248,
      "incr_op_margin_yoy": 5.2484044933236,
      "rev_growth_yoy": -0.0741937287489997,
      "rev_growth_yoy_accel": 0.0440282265400726,
      "op_leverage_ratio": null,
      "fcf_margin_change": 0.11217801623230578
    },
    {
      "date": "2023-09-30T00:00:00",
      "quarter_label": "2023-09 (Q3)",
      "revenue": 470821000,
      "gross_profit": 67554000,
      "operating_income": -3426000,
      "net_income": -25956000,
      "opex": 70980000,
      "cogs": 403267000,
      "rd": null,
      "sga": 30096000,
      "fcf": -62725000,
      "ocf": -25334000,
      "capex": -37391000,
      "gross_margin": 0.14348128057159729,
      "op_margin": -0.0072766507866046755,
      "fcf_margin": -0.1332247287185576,
      "incr_op_margin_yoy": 1.80905908731631,
      "rev_growth_yoy": -0.1163501709789908,
      "rev_growth_yoy_accel": -0.0421564422299911,
      "fcf_margin_change": -0.0864503738381451
    },
    {
      "date": "2023-12-31T00:00:00",
      "quarter_label": "2023-12 (Q4)",
      "revenue": 470494000,
      "gross_profit": 47817000,
      "operating_income": -56395000,
      "net_income": -87216000,
      "opex": 104212000,
      "cogs": 422677000,
      "rd": null,
      "sga": 26740000,
      "fcf": -34741000,
      "ocf": -8719000,
      "capex": -26022000,
      "gross_margin": 0.10163147670320982,
      "op_margin": -0.11986337764137268,
      "fcf_margin": -0.07383941134212126,
      "incr_op_margin_yoy": 0.9208969279152822,
      "rev_growth_yoy": -0.1930552125353311,
      "rev_growth_yoy_accel": -0.0767050415563403,
      "fcf_margin_change": 0.05938531737643633
    },
    {
      "date": "2024-03-31T00:00:00",
      "quarter_label": "2024-03 (Q1)",
      "revenue": 553430000,
      "gross_profit": 95248000,
      "operating_income": -448000,
      "net_income": -16703000,
      "opex": 95696000,
      "cogs": 458182000,
      "rd": null,
      "sga": 31701000,
      "fcf": -47655000,
      "ocf": -29194000,
      "capex": -18461000,
      "gross_margin": 0.1721048732450355,
      "op_margin": -0.0008094971360424986,
      "fcf_margin": -0.0861084509332707,
      "incr_op_margin_yoy": 0.639481211806007,
      "rev_growth_yoy": 0.05885976895378693,
      "rev_growth_yoy_accel": 0.251914981489118,
      "op_leverage_ratio": null,
      "fcf_margin_change": -0.012269039591149444
    },
    {
      "date": "2024-06-30T00:00:00",
      "quarter_label": "2024-06 (Q2)",
      "revenue": 499384000,
      "gross_profit": 60164000,
      "operating_income": -43779000,
      "net_income": -67586000,
      "opex": 103943000,
      "cogs": 439220000,
      "rd": null,
      "sga": 29789000,
      "fcf": 44302000,
      "ocf": 62185000,
      "capex": -17883000,
      "gross_margin": 0.12047642695801226,
      "op_margin": -0.08766600451756563,
      "fcf_margin": 0.08871329477916794,
      "incr_op_margin_yoy": -2.1343548016667215,
      "rev_growth_yoy": -0.05752241617172741,
      "rev_growth_yoy_accel": -0.11638218512551435,
      "fcf_margin_change": 0.17482174571243864
    },
    {
      "date": "2024-09-30T00:00:00",
      "quarter_label": "2024-09 (Q3)",
      "revenue": 502141000,
      "gross_profit": 79543000,
      "operating_income": 8841000,
      "net_income": -17559000,
      "opex": 70702000,
      "cogs": 422598000,
      "rd": null,
      "sga": 29156000,
      "fcf": -41209000,
      "ocf": -13945000,
      "capex": -27264000,
      "gross_margin": 0.1584076982361528,
      "op_margin": 0.017606608502392755,
      "fcf_margin": -0.08206659085794628,
      "incr_op_margin_yoy": 0.39166666666666666,
      "rev_growth_yoy": 0.06652209650801472,
      "rev_growth_yoy_accel": 0.12404451267974212,
      "fcf_margin_change": -0.17077988563711421
    },
    {
      "date": "2024-12-31T00:00:00",
      "quarter_label": "2024-12 (Q4)",
      "revenue": 488405000,
      "gross_profit": 124949000,
      "operating_income": 50393000,
      "net_income": 16707000,
      "opex": 74556000,
      "cogs": 363456000,
      "rd": null,
      "sga": 25787000,
      "fcf": 50448000,
      "ocf": 71158000,
      "capex": -20710000,
      "gross_margin": 0.255830714263777,
      "op_margin": 0.10317871438662585,
      "fcf_margin": 0.1032913258463775,
      "incr_op_margin_yoy": 5.962146167159846,
      "rev_growth_yoy": 0.03806849821676791,
      "rev_growth_yoy_accel": -0.028453598291246808,
      "fcf_margin_change": 0.18535791670432378
    },
    {
      "date": "2025-03-31T00:00:00",
      "quarter_label": "2025-03 (Q1)",
      "revenue": 506974000,
      "gross_profit": 76727000,
      "operating_income": 6733000,
      "net_income": -22339000,
      "opex": 69994000,
      "cogs": 430247000,
      "rd": null,
      "sga": 29704000,
      "fcf": -23071000,
      "ocf": -2989000,
      "capex": -20082000,
      "gross_margin": 0.1513430669028392,
      "op_margin": 0.013280759960076848,
      "fcf_margin": -0.04550726467235006,
      "incr_op_margin_yoy": -0.15457637334251764,
      "rev_growth_yoy": -0.08394196194640695,
      "rev_growth_yoy_accel": -0.12201046016317485,
      "op_leverage_ratio": null,
      "fcf_margin_change": -0.14879859051872757
    },
    {
      "date": "2025-06-30T00:00:00",
      "quarter_label": "2025-06 (Q2)",
      "revenue": 453524000,
      "gross_profit": 9477000,
      "operating_income": -58404000,
      "net_income": -86071000,
      "opex": 67881000,
      "cogs": 444047000,
      "rd": null,
      "sga": 30430000,
      "fcf": -28857000,
      "ocf": -4526000,
      "capex": -24331000,
      "gross_margin": 0.020896358296363587,
      "op_margin": -0.12877819034935306,
      "fcf_margin": -0.06362838570836384,
      "incr_op_margin_yoy": 0.31890536415176624,
      "rev_growth_yoy": -0.0918331384265415,
      "rev_growth_yoy_accel": -0.007891176480134557,
      "fcf_margin_change": -0.018121121036013772
    },
    {
      "date": "2025-09-30T00:00:00",
      "quarter_label": "2025-09 (Q3)",
      "revenue": 458068000,
      "gross_profit": 671000,
      "operating_income": -67589000,
      "net_income": -80779000,
      "opex": 68260000,
      "cogs": 457397000,
      "rd": null,
      "sga": 28821000,
      "fcf": -60071000,
      "ocf": -30054000,
      "capex": -30017000,
      "gross_margin": 0.0014648480138320075,
      "op_margin": -0.1475523284752482,
      "fcf_margin": -0.1311399180907638,
      "incr_op_margin_yoy": 1.734168311664738,
      "rev_growth_yoy": -0.08777016814002442,
      "rev_growth_yoy_accel": 0.004062970286517087,
      "op_leverage_ratio": 1.7945149051349247,
      "fcf_margin_change": -0.06751153238239997
    },
    {
      "date": "2025-12-31T00:00:00",
      "quarter_label": "2025-12 (Q4)",
      "revenue": 449504000,
      "gross_profit": 5254000,
      "operating_income": -278489000,
      "net_income": -308700000,
      "opex": 283743000,
      "cogs": 444250000,
      "rd": null,
      "sga": 25484000,
      "fcf": 32003000,
      "ocf": 46156000,
      "capex": -14153000,
      "gross_margin": 0.011688438812557841,
      "op_margin": -0.619547323271873,
      "fcf_margin": 0.07119625186872641,
      "incr_op_margin_yoy": 8.454332793501452,
      "rev_growth_yoy": -0.07964906174179216,
      "rev_growth_yoy_accel": 0.008121106398232256,
      "fcf_margin_change": 0.20233616995949022
    }
  ],
  "signals": [
    {
      "quarter": "2025-12 (Q4)",
      "signal": "FCF TURNED POSITIVE",
      "detail": "FCF margin: -13.1% -> +7.1%",
      "severity": "HIGH"
    },
    {
      "quarter": "2025-09 (Q3)",
      "signal": "OPERATING LEVERAGE",
      "detail": "Rev growth +1.0% vs OpEx growth +0.6% (leverage: 1.8x)",
      "severity": "MEDIUM"
    },
    {
      "quarter": "2025-03 (Q1)",
      "signal": "YoY REVENUE GROWTH DECELERATION",
      "detail": "YoY growth: -8.4% vs prior quarter YoY: +3.8% (decel: -12.2%)",
      "severity": "WARNING"
    },
    {
      "quarter": "2025-03 (Q1)",
      "signal": "OP MARGIN TURNED POSITIVE (YoY)",
      "detail": "Op margin: -0.1% (year-ago) -> +1.3%",
      "severity": "HIGH"
    },
    {
      "quarter": "2024-12 (Q4)",
      "signal": "FCF TURNED POSITIVE",
      "detail": "FCF margin: -8.2% -> +10.3%",
      "severity": "HIGH"
    },
    {
      "quarter": "2024-12 (Q4)",
      "signal": "OP MARGIN TURNED POSITIVE (YoY)",
      "detail": "Op margin: -12.0% (year-ago) -> +10.3%",
      "severity": "HIGH"
    },
    {
      "quarter": "2024-09 (Q3)",
      "signal": "GROSS MARGIN INFLECTION",
      "detail": "GM: +17.2% -> +12.0% -> +15.8% (reversal +3.8%)",
      "severity": "MEDIUM"
    },
    {
      "quarter": "2024-09 (Q3)",
      "signal": "YoY REVENUE GROWTH ACCELERATION",
      "detail": "YoY growth: +6.7% vs prior quarter YoY: -5.8% (accel: +12.4%)",
      "severity": "MEDIUM"
    },
    {
      "quarter": "2024-09 (Q3)",
      "signal": "OP MARGIN TURNED POSITIVE (YoY)",
      "detail": "Op margin: -0.7% (year-ago) -> +1.8%",
      "severity": "HIGH"
    },
    {
      "quarter": "2024-09 (Q3)",
      "signal": "OP MARGIN TURNED POSITIVE (QoQ)",
      "detail": "Op margin: -8.8% -> +1.8%",
      "severity": "HIGH"
    },
    {
      "quarter": "2024-06 (Q2)",
      "signal": "FCF TURNED POSITIVE",
      "detail": "FCF margin: -8.6% -> +8.9%",
      "severity": "HIGH"
    },
    {
      "quarter": "2024-06 (Q2)",
      "signal": "YoY REVENUE GROWTH DECELERATION",
      "detail": "YoY growth: -5.8% vs prior quarter YoY: +5.9% (decel: -11.6%)",
      "severity": "WARNING"
    },
    {
      "quarter": "2024-03 (Q1)",
      "signal": "GROSS MARGIN INFLECTION",
      "detail": "GM: +14.3% -> +10.2% -> +17.2% (reversal +7.0%)",
      "severity": "HIGH"
    },
    {
      "quarter": "2024-03 (Q1)",
      "signal": "YoY REVENUE GROWTH ACCELERATION",
      "detail": "YoY growth: +5.9% vs prior quarter YoY: -19.3% (accel: +25.2%)",
      "severity": "HIGH"
    },
    {
      "quarter": "2023-12 (Q4)",
      "signal": "FCF MARGIN EXPANSION",
      "detail": "FCF margin: -13.3% -> -7.4% (+5.9%)",
      "severity": "MEDIUM"
    },
    {
      "quarter": "2023-12 (Q4)",
      "signal": "YoY REVENUE GROWTH DECELERATION",
      "detail": "YoY growth: -19.3% vs prior quarter YoY: -11.6% (decel: -7.7%)",
      "severity": "WARNING"
    },
    {
      "quarter": "2023-09 (Q3)",
      "signal": "GROSS MARGIN INFLECTION",
      "detail": "GM: +11.7% -> -6.9% -> +14.3% (reversal +21.2%)",
      "severity": "HIGH"
    },
    {
      "quarter": "2023-06 (Q2)",
      "signal": "FCF MARGIN EXPANSION",
      "detail": "FCF margin: -15.9% -> -4.7% (+11.2%)",
      "severity": "MEDIUM"
    },
    {
      "quarter": "2023-03 (Q1)",
      "signal": "YoY REVENUE GROWTH DECELERATION",
      "detail": "YoY growth: -11.8% vs prior quarter YoY: +12.4% (decel: -24.2%)",
      "severity": "WARNING"
    },
    {
      "quarter": "2022-09 (Q3)",
      "signal": "YoY REVENUE GROWTH DECELERATION",
      "detail": "YoY growth: +13.4% vs prior quarter YoY: +42.4% (decel: -29.0%)",
      "severity": "WARNING"
    },
    {
      "quarter": "2022-06 (Q2)",
      "signal": "FCF MARGIN EXPANSION",
      "detail": "FCF margin: +6.0% -> +18.8% (+12.8%)",
      "severity": "MEDIUM"
    },
    {
      "quarter": "2022-06 (Q2)",
      "signal": "INCREMENTAL MARGIN (YoY)",
      "detail": "YoY Incr OPM: +36.5% vs year-ago OPM: +12.9%",
      "severity": "HIGH"
    },
    {
      "quarter": "2022-03 (Q1)",
      "signal": "FCF TURNED POSITIVE",
      "detail": "FCF margin: -0.6% -> +6.0%",
      "severity": "HIGH"
    },
    {
      "quarter": "2022-03 (Q1)",
      "signal": "OPERATING LEVERAGE",
      "detail": "Rev growth +14.2% vs OpEx growth +1.3% (leverage: 11.2x)",
      "severity": "MEDIUM"
    },
    {
      "quarter": "2022-03 (Q1)",
      "signal": "INCREMENTAL MARGIN (YoY)",
      "detail": "YoY Incr OPM: +39.6% vs year-ago OPM: +12.4%",
      "severity": "HIGH"
    },
    {
      "quarter": "2021-09 (Q3)",
      "signal": "OPERATING LEVERAGE",
      "detail": "Rev growth +16.9% vs OpEx growth +3.1% (leverage: 5.5x)",
      "severity": "MEDIUM"
    }
  ],
  "data_quality": {
    "n_quarters": 20,
    "coverage": {
      "revenue": [
        20,
        20
      ],
      "gross_profit": [
        20,
        20
      ],
      "op_income": [
        20,
        20
      ],
      "fcf": [
        20,
        20
      ]
    },
    "gaps": [],
    "warnings": []
  },
  "market_cap": null,
  "source": "SEC EDGAR",
  "last_updated": "2026-02-13T11:36:51.667524"
}