{
  "ticker": "META",
  "name": "Meta Platforms, Inc.",
  "sector": "Communication Services",
  "industry": "Internet Content & Information",
  "quarters": [
    {
      "date": "2021-03-31T00:00:00",
      "quarter_label": "2021-03 (Q1)",
      "revenue": 26171000000,
      "gross_profit": 21040000000,
      "operating_income": 11378000000,
      "net_income": 9497000000,
      "opex": 14793000000,
      "cogs": 5131000000,
      "rd": 5197000000,
      "sga": null,
      "fcf": 7939000000,
      "ocf": 12242000000,
      "capex": -4303000000,
      "gross_margin": 0.8039432960146727,
      "op_margin": 0.43475602766420846,
      "fcf_margin": 0.3033510374078178
    },
    {
      "date": "2021-06-30T00:00:00",
      "quarter_label": "2021-06 (Q2)",
      "revenue": 29077000000,
      "gross_profit": 23678000000,
      "operating_income": 12367000000,
      "net_income": 10394000000,
      "opex": 16710000000,
      "cogs": 5399000000,
      "rd": 6096000000,
      "sga": null,
      "fcf": 8606000000,
      "ocf": 13247000000,
      "capex": -4641000000,
      "gross_margin": 0.8143205970354576,
      "op_margin": 0.42531898063761736,
      "fcf_margin": 0.29597276197682015,
      "op_leverage_ratio": 0.8568591463786177,
      "fcf_margin_change": -0.007378275430997672
    },
    {
      "date": "2021-09-30T00:00:00",
      "quarter_label": "2021-09 (Q3)",
      "revenue": 29010000000,
      "gross_profit": 23239000000,
      "operating_income": 10423000000,
      "net_income": 9194000000,
      "opex": 18587000000,
      "cogs": 5771000000,
      "rd": 6316000000,
      "sga": null,
      "fcf": 9744000000,
      "ocf": 14090000000,
      "capex": -4346000000,
      "gross_margin": 0.801068597035505,
      "op_margin": 0.35928990003447087,
      "fcf_margin": 0.3358841778697001,
      "fcf_margin_change": 0.03991141589287994
    },
    {
      "date": "2021-12-31T00:00:00",
      "quarter_label": "2021-12 (Q4)",
      "revenue": 33671000000,
      "gross_profit": 27323000000,
      "operating_income": 12585000000,
      "net_income": 10285000000,
      "opex": 21086000000,
      "cogs": 6348000000,
      "rd": 7046000000,
      "sga": null,
      "fcf": 12704000000,
      "ocf": 18104000000,
      "capex": -5400000000,
      "gross_margin": 0.8114698108164295,
      "op_margin": 0.37376377297971547,
      "fcf_margin": 0.3772979715482166,
      "op_leverage_ratio": 1.1950179175427496,
      "fcf_margin_change": 0.0414137936785165
    },
    {
      "date": "2022-03-31T00:00:00",
      "quarter_label": "2022-03 (Q1)",
      "revenue": 27908000000,
      "gross_profit": 21903000000,
      "operating_income": 8524000000,
      "net_income": 7465000000,
      "opex": 19384000000,
      "cogs": 6005000000,
      "rd": 7707000000,
      "sga": null,
      "fcf": 8635000000,
      "ocf": 14076000000,
      "capex": -5441000000,
      "gross_margin": 0.7848287229468253,
      "op_margin": 0.30543213415508097,
      "fcf_margin": 0.30940948831876164,
      "incr_op_margin_yoy": -1.6430627518710421,
      "rev_growth_yoy": 0.06637117420045088,
      "fcf_margin_change": -0.06788848322945495
    },
    {
      "date": "2022-06-30T00:00:00",
      "quarter_label": "2022-06 (Q2)",
      "revenue": 28822000000,
      "gross_profit": 23630000000,
      "operating_income": 8358000000,
      "net_income": 6687000000,
      "opex": 20464000000,
      "cogs": 5192000000,
      "rd": 8690000000,
      "sga": null,
      "fcf": 4624000000,
      "ocf": 12196000000,
      "capex": -7572000000,
      "gross_margin": 0.8198598292970647,
      "op_margin": 0.2899868156269516,
      "fcf_margin": 0.16043300256748316,
      "incr_op_margin_yoy": 15.72156862745098,
      "rev_growth_yoy": -0.008769818069264367,
      "rev_growth_yoy_accel": -0.07514099226971525,
      "op_leverage_ratio": 0.5878102123909777,
      "fcf_margin_change": -0.14897648575127848
    },
    {
      "date": "2022-09-30T00:00:00",
      "quarter_label": "2022-09 (Q3)",
      "revenue": 27714000000,
      "gross_profit": 21998000000,
      "operating_income": 5664000000,
      "net_income": 4395000000,
      "opex": 22050000000,
      "cogs": 5716000000,
      "rd": 9170000000,
      "sga": null,
      "fcf": 317000000,
      "ocf": 9692000000,
      "capex": -9375000000,
      "gross_margin": 0.7937504510355777,
      "op_margin": 0.204373240961247,
      "fcf_margin": 0.01143826225012629,
      "incr_op_margin_yoy": 3.672067901234568,
      "rev_growth_yoy": -0.04467425025853154,
      "rev_growth_yoy_accel": -0.03590443218926717,
      "fcf_margin_change": -0.14899474031735688
    },
    {
      "date": "2022-12-31T00:00:00",
      "quarter_label": "2022-12 (Q4)",
      "revenue": 32165000000,
      "gross_profit": 23829000000,
      "operating_income": 6399000000,
      "net_income": 4653000000,
      "opex": 25766000000,
      "cogs": 8336000000,
      "rd": 9771000000,
      "sga": null,
      "fcf": 5713000000,
      "ocf": 14511000000,
      "capex": -8798000000,
      "gross_margin": 0.7408363127623193,
      "op_margin": 0.19894295041193844,
      "fcf_margin": 0.1776154204881082,
      "incr_op_margin_yoy": 4.107569721115538,
      "rev_growth_yoy": -0.044726916337501116,
      "rev_growth_yoy_accel": -5.266607896957376e-05,
      "op_leverage_ratio": 0.9529964220886677,
      "fcf_margin_change": 0.1661771582379819
    },
    {
      "date": "2023-03-31T00:00:00",
      "quarter_label": "2023-03 (Q1)",
      "revenue": 28645000000,
      "gross_profit": 22537000000,
      "operating_income": 7227000000,
      "net_income": 5709000000,
      "opex": 21418000000,
      "cogs": 6108000000,
      "rd": 9381000000,
      "sga": null,
      "fcf": 7175000000,
      "ocf": 13998000000,
      "capex": -6823000000,
      "gross_margin": 0.7867690696456624,
      "op_margin": 0.2522953395007855,
      "fcf_margin": 0.25048001396404257,
      "incr_op_margin_yoy": -1.7598371777476256,
      "rev_growth_yoy": 0.026408198366059912,
      "rev_growth_yoy_accel": 0.07113511470356103,
      "fcf_margin_change": 0.07286459347593438
    },
    {
      "date": "2023-06-30T00:00:00",
      "quarter_label": "2023-06 (Q2)",
      "revenue": 31999000000,
      "gross_profit": 26054000000,
      "operating_income": 9392000000,
      "net_income": 7788000000,
      "opex": 22607000000,
      "cogs": 5945000000,
      "rd": 9344000000,
      "sga": null,
      "fcf": 11175000000,
      "ocf": 17309000000,
      "capex": -6134000000,
      "gross_margin": 0.8142129441545048,
      "op_margin": 0.29350917216163,
      "fcf_margin": 0.3492296634269821,
      "incr_op_margin_yoy": 0.32546427447277304,
      "rev_growth_yoy": 0.11022829782804802,
      "rev_growth_yoy_accel": 0.08382009946198811,
      "op_leverage_ratio": 2.1091685713325194,
      "fcf_margin_change": 0.09874964946293951
    },
    {
      "date": "2023-09-30T00:00:00",
      "quarter_label": "2023-09 (Q3)",
      "revenue": 34146000000,
      "gross_profit": 27936000000,
      "operating_income": 13748000000,
      "net_income": 11583000000,
      "opex": 20398000000,
      "cogs": 6210000000,
      "rd": 9241000000,
      "sga": null,
      "fcf": 13906000000,
      "ocf": 20402000000,
      "capex": -6496000000,
      "gross_margin": 0.8181338956246705,
      "op_margin": 0.4026240262402624,
      "fcf_margin": 0.40725121536929654,
      "incr_op_margin_yoy": 1.2568407960199004,
      "rev_growth_yoy": 0.23208486685429747,
      "rev_growth_yoy_accel": 0.12185656902624944,
      "op_leverage_ratio": null,
      "fcf_margin_change": 0.05802155194231445
    },
    {
      "date": "2023-12-31T00:00:00",
      "quarter_label": "2023-12 (Q4)",
      "revenue": 40111000000,
      "gross_profit": 32416000000,
      "operating_income": 16384000000,
      "net_income": 14017000000,
      "opex": 23727000000,
      "cogs": 7695000000,
      "rd": 10517000000,
      "sga": null,
      "fcf": 11812000000,
      "ocf": 19404000000,
      "capex": -7592000000,
      "gross_margin": 0.8081573633167959,
      "op_margin": 0.4084665054473835,
      "fcf_margin": 0.2944828102016903,
      "incr_op_margin_yoy": 1.2566070979108985,
      "rev_growth_yoy": 0.2470387066687393,
      "rev_growth_yoy_accel": 0.014953839814441844,
      "op_leverage_ratio": 1.0703958196085415,
      "fcf_margin_change": -0.11276840516760622
    },
    {
      "date": "2024-03-31T00:00:00",
      "quarter_label": "2024-03 (Q1)",
      "revenue": 36455000000,
      "gross_profit": 29815000000,
      "operating_income": 13818000000,
      "net_income": 12369000000,
      "opex": 22637000000,
      "cogs": 6640000000,
      "rd": 9978000000,
      "sga": null,
      "fcf": 12846000000,
      "ocf": 19246000000,
      "capex": -6400000000,
      "gross_margin": 0.8178576326978466,
      "op_margin": 0.3790426553284872,
      "fcf_margin": 0.3523796461390756,
      "incr_op_margin_yoy": 0.8439180537772087,
      "rev_growth_yoy": 0.2726479315761913,
      "rev_growth_yoy_accel": 0.025609224907452016,
      "fcf_margin_change": 0.05789683593738526
    },
    {
      "date": "2024-06-30T00:00:00",
      "quarter_label": "2024-06 (Q2)",
      "revenue": 39071000000,
      "gross_profit": 31763000000,
      "operating_income": 14847000000,
      "net_income": 13465000000,
      "opex": 24224000000,
      "cogs": 7308000000,
      "rd": 10537000000,
      "sga": null,
      "fcf": 11197000000,
      "ocf": 19370000000,
      "capex": -8173000000,
      "gross_margin": 0.8129559007959868,
      "op_margin": 0.38000051188861306,
      "fcf_margin": 0.286580840009214,
      "incr_op_margin_yoy": 0.7713518099547512,
      "rev_growth_yoy": 0.22100690646582705,
      "rev_growth_yoy_accel": -0.05164102511036428,
      "op_leverage_ratio": 1.0235818611598473,
      "fcf_margin_change": -0.06579880612986155
    },
    {
      "date": "2024-09-30T00:00:00",
      "quarter_label": "2024-09 (Q3)",
      "revenue": 40589000000,
      "gross_profit": 33214000000,
      "operating_income": 17350000000,
      "net_income": 15688000000,
      "opex": 23239000000,
      "cogs": 7375000000,
      "rd": 11177000000,
      "sga": null,
      "fcf": 16466000000,
      "ocf": 24724000000,
      "capex": -8258000000,
      "gross_margin": 0.8183005247727216,
      "op_margin": 0.4274557146024785,
      "fcf_margin": 0.4056764147921851,
      "incr_op_margin_yoy": 0.5590563402141859,
      "rev_growth_yoy": 0.18868974404029754,
      "rev_growth_yoy_accel": -0.03231716242552951,
      "op_leverage_ratio": null,
      "fcf_margin_change": 0.11909557478297106
    },
    {
      "date": "2024-12-31T00:00:00",
      "quarter_label": "2024-12 (Q4)",
      "revenue": 48385000000,
      "gross_profit": 39546000000,
      "operating_income": 23364000000,
      "net_income": 20838000000,
      "opex": 25021000000,
      "cogs": 8839000000,
      "rd": 12180000000,
      "sga": null,
      "fcf": 13563000000,
      "ocf": 27988000000,
      "capex": -14425000000,
      "gross_margin": 0.8173194171747442,
      "op_margin": 0.48287692466673554,
      "fcf_margin": 0.2803141469463677,
      "incr_op_margin_yoy": 0.8436064781242446,
      "rev_growth_yoy": 0.2062775797162873,
      "rev_growth_yoy_accel": 0.01758783567598976,
      "op_leverage_ratio": 2.504800925341794,
      "fcf_margin_change": -0.1253622678458174
    },
    {
      "date": "2025-03-31T00:00:00",
      "quarter_label": "2025-03 (Q1)",
      "revenue": 42314000000,
      "gross_profit": 34742000000,
      "operating_income": 17555000000,
      "net_income": 16644000000,
      "opex": 24759000000,
      "cogs": 7572000000,
      "rd": 12150000000,
      "sga": null,
      "fcf": 11085000000,
      "ocf": 24026000000,
      "capex": -12941000000,
      "gross_margin": 0.8210521340454696,
      "op_margin": 0.414874509618566,
      "fcf_margin": 0.2619700335586331,
      "incr_op_margin_yoy": 0.6378221539511862,
      "rev_growth_yoy": 0.16071869428061994,
      "rev_growth_yoy_accel": -0.04555888543566736,
      "fcf_margin_change": -0.018344113387734617
    },
    {
      "date": "2025-06-30T00:00:00",
      "quarter_label": "2025-06 (Q2)",
      "revenue": 47516000000,
      "gross_profit": 39025000000,
      "operating_income": 20441000000,
      "net_income": 18337000000,
      "opex": 27075000000,
      "cogs": 8491000000,
      "rd": 12942000000,
      "sga": null,
      "fcf": 9023000000,
      "ocf": 25561000000,
      "capex": -16538000000,
      "gross_margin": 0.821302298173247,
      "op_margin": 0.43019193534809325,
      "fcf_margin": 0.1898939304655274,
      "incr_op_margin_yoy": 0.6624037892243931,
      "rev_growth_yoy": 0.2161449668552123,
      "rev_growth_yoy_accel": 0.05542627257459237,
      "op_leverage_ratio": 1.3142585496391277,
      "fcf_margin_change": -0.07207610309310566
    },
    {
      "date": "2025-09-30T00:00:00",
      "quarter_label": "2025-09 (Q3)",
      "revenue": 51242000000,
      "gross_profit": 42036000000,
      "operating_income": 20535000000,
      "net_income": 2709000000,
      "opex": 30707000000,
      "cogs": 9206000000,
      "rd": 15144000000,
      "sga": null,
      "fcf": 11170000000,
      "ocf": 29999000000,
      "capex": -18829000000,
      "gross_margin": 0.820342687639046,
      "op_margin": 0.4007454822216151,
      "fcf_margin": 0.21798524647749892,
      "incr_op_margin_yoy": 0.2989768140429926,
      "rev_growth_yoy": 0.2624602724876198,
      "rev_growth_yoy_accel": 0.04631530563240746,
      "op_leverage_ratio": 0.5845552998053427,
      "fcf_margin_change": 0.028091316011971512
    },
    {
      "date": "2025-12-31T00:00:00",
      "quarter_label": "2025-12 (Q4)",
      "revenue": 59893000000,
      "gross_profit": 48987000000,
      "operating_income": 24745000000,
      "net_income": 22768000000,
      "opex": 35148000000,
      "cogs": 10906000000,
      "rd": 17135000000,
      "sga": null,
      "fcf": 14831000000,
      "ocf": 36214000000,
      "capex": -21383000000,
      "gross_margin": 0.8179086036765565,
      "op_margin": 0.4131534569983137,
      "fcf_margin": 0.2476249311271768,
      "incr_op_margin_yoy": 0.12000347584289191,
      "rev_growth_yoy": 0.23784230649994834,
      "rev_growth_yoy_accel": -0.024617965987671436,
      "op_leverage_ratio": 1.1673386249270001,
      "fcf_margin_change": 0.029639684649677867
    }
  ],
  "signals": [
    {
      "quarter": "2025-06 (Q2)",
      "signal": "YoY REVENUE GROWTH ACCELERATION",
      "detail": "YoY growth: +21.6% vs prior quarter YoY: +16.1% (accel: +5.5%)",
      "severity": "MEDIUM"
    },
    {
      "quarter": "2025-06 (Q2)",
      "signal": "INCREMENTAL MARGIN (YoY)",
      "detail": "YoY Incr OPM: +66.2% vs year-ago OPM: +38.0%",
      "severity": "HIGH"
    },
    {
      "quarter": "2025-03 (Q1)",
      "signal": "INCREMENTAL MARGIN (YoY)",
      "detail": "YoY Incr OPM: +63.8% vs year-ago OPM: +37.9%",
      "severity": "HIGH"
    },
    {
      "quarter": "2024-12 (Q4)",
      "signal": "OPERATING LEVERAGE",
      "detail": "Rev growth +19.2% vs OpEx growth +7.7% (leverage: 2.5x)",
      "severity": "MEDIUM"
    },
    {
      "quarter": "2024-12 (Q4)",
      "signal": "INCREMENTAL MARGIN (YoY)",
      "detail": "YoY Incr OPM: +84.4% vs year-ago OPM: +40.8%",
      "severity": "HIGH"
    },
    {
      "quarter": "2024-09 (Q3)",
      "signal": "FCF MARGIN EXPANSION",
      "detail": "FCF margin: +28.7% -> +40.6% (+11.9%)",
      "severity": "MEDIUM"
    },
    {
      "quarter": "2024-09 (Q3)",
      "signal": "INCREMENTAL MARGIN (YoY)",
      "detail": "YoY Incr OPM: +55.9% vs year-ago OPM: +40.3%",
      "severity": "MEDIUM"
    },
    {
      "quarter": "2024-06 (Q2)",
      "signal": "YoY REVENUE GROWTH DECELERATION",
      "detail": "YoY growth: +22.1% vs prior quarter YoY: +27.3% (decel: -5.2%)",
      "severity": "WARNING"
    },
    {
      "quarter": "2024-06 (Q2)",
      "signal": "INCREMENTAL MARGIN (YoY)",
      "detail": "YoY Incr OPM: +77.1% vs year-ago OPM: +29.4%",
      "severity": "HIGH"
    },
    {
      "quarter": "2024-03 (Q1)",
      "signal": "FCF MARGIN EXPANSION",
      "detail": "FCF margin: +29.4% -> +35.2% (+5.8%)",
      "severity": "MEDIUM"
    },
    {
      "quarter": "2024-03 (Q1)",
      "signal": "INCREMENTAL MARGIN (YoY)",
      "detail": "YoY Incr OPM: +84.4% vs year-ago OPM: +25.2%",
      "severity": "HIGH"
    },
    {
      "quarter": "2023-12 (Q4)",
      "signal": "INCREMENTAL MARGIN (YoY)",
      "detail": "YoY Incr OPM: +125.7% vs year-ago OPM: +19.9%",
      "severity": "HIGH"
    },
    {
      "quarter": "2023-09 (Q3)",
      "signal": "FCF MARGIN EXPANSION",
      "detail": "FCF margin: +34.9% -> +40.7% (+5.8%)",
      "severity": "MEDIUM"
    },
    {
      "quarter": "2023-09 (Q3)",
      "signal": "YoY REVENUE GROWTH ACCELERATION",
      "detail": "YoY growth: +23.2% vs prior quarter YoY: +11.0% (accel: +12.2%)",
      "severity": "MEDIUM"
    },
    {
      "quarter": "2023-09 (Q3)",
      "signal": "INCREMENTAL MARGIN (YoY)",
      "detail": "YoY Incr OPM: +125.7% vs year-ago OPM: +20.4%",
      "severity": "HIGH"
    },
    {
      "quarter": "2023-06 (Q2)",
      "signal": "FCF MARGIN EXPANSION",
      "detail": "FCF margin: +25.0% -> +34.9% (+9.9%)",
      "severity": "MEDIUM"
    },
    {
      "quarter": "2023-06 (Q2)",
      "signal": "OPERATING LEVERAGE",
      "detail": "Rev growth +11.7% vs OpEx growth +5.6% (leverage: 2.1x)",
      "severity": "MEDIUM"
    },
    {
      "quarter": "2023-06 (Q2)",
      "signal": "YoY REVENUE GROWTH ACCELERATION",
      "detail": "YoY growth: +11.0% vs prior quarter YoY: +2.6% (accel: +8.4%)",
      "severity": "MEDIUM"
    },
    {
      "quarter": "2023-03 (Q1)",
      "signal": "FCF MARGIN EXPANSION",
      "detail": "FCF margin: +17.8% -> +25.0% (+7.3%)",
      "severity": "MEDIUM"
    },
    {
      "quarter": "2023-03 (Q1)",
      "signal": "GROSS MARGIN INFLECTION",
      "detail": "GM: +79.4% -> +74.1% -> +78.7% (reversal +4.6%)",
      "severity": "MEDIUM"
    },
    {
      "quarter": "2023-03 (Q1)",
      "signal": "YoY REVENUE GROWTH ACCELERATION",
      "detail": "YoY growth: +2.6% vs prior quarter YoY: -4.5% (accel: +7.1%)",
      "severity": "MEDIUM"
    },
    {
      "quarter": "2022-12 (Q4)",
      "signal": "FCF MARGIN EXPANSION",
      "detail": "FCF margin: +1.1% -> +17.8% (+16.6%)",
      "severity": "MEDIUM"
    },
    {
      "quarter": "2022-12 (Q4)",
      "signal": "INCREMENTAL MARGIN (YoY)",
      "detail": "YoY Incr OPM: +410.8% vs year-ago OPM: +37.4%",
      "severity": "HIGH"
    },
    {
      "quarter": "2022-09 (Q3)",
      "signal": "INCREMENTAL MARGIN (YoY)",
      "detail": "YoY Incr OPM: +367.2% vs year-ago OPM: +35.9%",
      "severity": "HIGH"
    },
    {
      "quarter": "2022-06 (Q2)",
      "signal": "GROSS MARGIN INFLECTION",
      "detail": "GM: +81.1% -> +78.5% -> +82.0% (reversal +3.5%)",
      "severity": "MEDIUM"
    },
    {
      "quarter": "2022-06 (Q2)",
      "signal": "YoY REVENUE GROWTH DECELERATION",
      "detail": "YoY growth: -0.9% vs prior quarter YoY: +6.6% (decel: -7.5%)",
      "severity": "WARNING"
    },
    {
      "quarter": "2022-06 (Q2)",
      "signal": "INCREMENTAL MARGIN (YoY)",
      "detail": "YoY Incr OPM: +1572.2% vs year-ago OPM: +42.5%",
      "severity": "HIGH"
    }
  ],
  "data_quality": {
    "n_quarters": 20,
    "coverage": {
      "revenue": [
        20,
        20
      ],
      "gross_profit": [
        20,
        20
      ],
      "op_income": [
        20,
        20
      ],
      "fcf": [
        20,
        20
      ]
    },
    "gaps": [],
    "warnings": []
  },
  "market_cap": null,
  "source": "SEC EDGAR",
  "last_updated": "2026-02-04T17:45:18.868392"
}