{
  "ticker": "METC",
  "name": "RAMACO RESOURCES,\u00a0INC.",
  "quarters": [
    {
      "date": "2020-12-31T00:00:00",
      "quarter_label": "2020-12 (Q4)",
      "revenue": 51146000,
      "gross_profit": 2400000,
      "operating_income": -8354000,
      "net_income": null,
      "opex": 59498000,
      "cogs": 48745000,
      "rd": null,
      "sga": 5300000,
      "fcf": 8127000,
      "ocf": 12365000,
      "capex": -4238000,
      "gross_margin": 0.04692449067375748,
      "op_margin": -0.16333633128690417,
      "fcf_margin": 0.15889805654401126
    },
    {
      "date": "2021-03-31T00:00:00",
      "quarter_label": "2021-03 (Q1)",
      "revenue": 43455000,
      "gross_profit": 12257000,
      "operating_income": 1244000,
      "net_income": 4143000,
      "opex": 42211000,
      "cogs": 31198000,
      "rd": null,
      "sga": 4707000,
      "fcf": -3226000,
      "ocf": 499000,
      "capex": -3725000,
      "gross_margin": 0.2820619031181682,
      "op_margin": 0.028627315613853413,
      "fcf_margin": -0.0742377171786906,
      "fcf_margin_change": -0.23313577372270186
    },
    {
      "date": "2021-06-30T00:00:00",
      "quarter_label": "2021-06 (Q2)",
      "revenue": 76057000,
      "gross_profit": 18295000,
      "operating_income": 7021000,
      "net_income": 9942000,
      "opex": 69036000,
      "cogs": 57762000,
      "rd": null,
      "sga": 5165000,
      "fcf": 27597000,
      "ocf": 32423000,
      "capex": -4826000,
      "gross_margin": 0.24054327675296158,
      "op_margin": 0.09231234468885179,
      "fcf_margin": 0.3628462863378782,
      "op_leverage_ratio": 1.1805663469285053,
      "fcf_margin_change": 0.4370840035165688
    },
    {
      "date": "2021-09-30T00:00:00",
      "quarter_label": "2021-09 (Q3)",
      "revenue": 76377000,
      "gross_profit": 21569000,
      "operating_income": 8767000,
      "net_income": 7035000,
      "opex": 67610000,
      "cogs": 54808000,
      "rd": null,
      "sga": 5895000,
      "fcf": -4256000,
      "ocf": 4835000,
      "capex": -9091000,
      "gross_margin": 0.2824017701664114,
      "op_margin": 0.11478586485460282,
      "fcf_margin": -0.05572358170653469,
      "fcf_margin_change": -0.4185698680444129
    },
    {
      "date": "2021-12-31T00:00:00",
      "quarter_label": "2021-12 (Q4)",
      "revenue": 87505000,
      "gross_profit": 35861000,
      "operating_income": 22501000,
      "net_income": 18639000,
      "opex": 65004000,
      "cogs": 51644000,
      "rd": null,
      "sga": 5862000,
      "fcf": 3759000,
      "ocf": 15583000,
      "capex": -11824000,
      "gross_margin": 0.4098165819096052,
      "op_margin": 0.25713959202331294,
      "fcf_margin": 0.04295754528312668,
      "incr_op_margin_yoy": 0.8486206991391403,
      "rev_growth_yoy": 0.7108864818363118,
      "op_leverage_ratio": Infinity,
      "fcf_margin_change": 0.09868112698966137
    },
    {
      "date": "2022-03-31T00:00:00",
      "quarter_label": "2022-03 (Q1)",
      "revenue": 154882000,
      "gross_profit": 73629000,
      "operating_income": 52890000,
      "net_income": 41471000,
      "opex": 101992000,
      "cogs": 81253000,
      "rd": null,
      "sga": 11824000,
      "fcf": 57627000,
      "ocf": 77369000,
      "capex": -19742000,
      "gross_margin": 0.4753877145181493,
      "op_margin": 0.34148577626838494,
      "fcf_margin": 0.3720703503312199,
      "incr_op_margin_yoy": 0.46349628007574467,
      "rev_growth_yoy": 2.5641928431710967,
      "rev_growth_yoy_accel": 1.853306361334785,
      "op_leverage_ratio": 1.353187674603797,
      "fcf_margin_change": 0.3291128050480932
    },
    {
      "date": "2022-06-30T00:00:00",
      "quarter_label": "2022-06 (Q2)",
      "revenue": 138655000,
      "gross_profit": 62011000,
      "operating_income": 42687000,
      "net_income": 33280000,
      "opex": 95968000,
      "cogs": 76644000,
      "rd": null,
      "sga": 8786000,
      "fcf": -2133000,
      "ocf": 31932000,
      "capex": -34065000,
      "gross_margin": 0.44723233925931266,
      "op_margin": 0.3078648443979662,
      "fcf_margin": -0.015383505823807292,
      "incr_op_margin_yoy": 0.5697626122240327,
      "rev_growth_yoy": 0.823040614276135,
      "rev_growth_yoy_accel": -1.7411522288949617,
      "fcf_margin_change": -0.38745385615502714
    },
    {
      "date": "2022-09-30T00:00:00",
      "quarter_label": "2022-09 (Q3)",
      "revenue": 136925000,
      "gross_profit": 57291000,
      "operating_income": 36689000,
      "net_income": 26905000,
      "opex": 100236000,
      "cogs": 79634000,
      "rd": null,
      "sga": 8672000,
      "fcf": 11921000,
      "ocf": 49498000,
      "capex": -37577000,
      "gross_margin": 0.41841153916377577,
      "op_margin": 0.2679496074493336,
      "fcf_margin": 0.08706226036151178,
      "incr_op_margin_yoy": 0.4611547862852613,
      "rev_growth_yoy": 0.7927517446351651,
      "rev_growth_yoy_accel": -0.030288869640969884,
      "fcf_margin_change": 0.10244576618531907
    },
    {
      "date": "2022-12-31T00:00:00",
      "quarter_label": "2022-12 (Q4)",
      "revenue": 135227000,
      "gross_profit": 39797000,
      "operating_income": 18121000,
      "net_income": 14386000,
      "opex": 117106000,
      "cogs": 95430000,
      "rd": null,
      "sga": 10750000,
      "fcf": -2557000,
      "ocf": 29071000,
      "capex": -31628000,
      "gross_margin": 0.2942977363987961,
      "op_margin": 0.1340043038742263,
      "fcf_margin": -0.018908945698714014,
      "incr_op_margin_yoy": -0.0917815682494447,
      "rev_growth_yoy": 0.5453631221073082,
      "rev_growth_yoy_accel": -0.24738862252785687,
      "fcf_margin_change": -0.1059712060602258
    },
    {
      "date": "2023-03-31T00:00:00",
      "quarter_label": "2023-03 (Q1)",
      "revenue": 166360000,
      "gross_profit": 55811000,
      "operating_income": 31867000,
      "net_income": 25257000,
      "opex": 134493000,
      "cogs": 110549000,
      "rd": null,
      "sga": 11742000,
      "fcf": -2184000,
      "ocf": 21362000,
      "capex": -23546000,
      "gross_margin": 0.3354832892522241,
      "op_margin": 0.19155446020678046,
      "fcf_margin": -0.0131281558066843,
      "incr_op_margin_yoy": -1.831590869489458,
      "rev_growth_yoy": 0.07410803062976976,
      "rev_growth_yoy_accel": -0.4712550914775384,
      "op_leverage_ratio": 1.55064381477447,
      "fcf_margin_change": 0.005780789892029714
    },
    {
      "date": "2023-06-30T00:00:00",
      "quarter_label": "2023-06 (Q2)",
      "revenue": 137469000,
      "gross_profit": 38270000,
      "operating_income": 10046000,
      "net_income": 7556000,
      "opex": 127423000,
      "cogs": 99199000,
      "rd": null,
      "sga": 14319000,
      "fcf": 3746000,
      "ocf": 28216000,
      "capex": -24470000,
      "gross_margin": 0.2783900370265296,
      "op_margin": 0.073078294015378,
      "fcf_margin": 0.027249779950388815,
      "incr_op_margin_yoy": 27.521922428330523,
      "rev_growth_yoy": -0.00855360426958999,
      "rev_growth_yoy_accel": -0.08266163489935975,
      "fcf_margin_change": 0.040377935757073116
    },
    {
      "date": "2023-09-30T00:00:00",
      "quarter_label": "2023-09 (Q3)",
      "revenue": 186966000,
      "gross_profit": 42331000,
      "operating_income": 16081000,
      "net_income": 19462000,
      "opex": 170885000,
      "cogs": 144635000,
      "rd": null,
      "sga": 11458000,
      "fcf": 52990000,
      "ocf": 69898000,
      "capex": -16908000,
      "gross_margin": 0.22641014943893542,
      "op_margin": 0.08601029064107912,
      "fcf_margin": 0.28342051495993925,
      "incr_op_margin_yoy": -0.4118223057093184,
      "rev_growth_yoy": 0.3654628446229688,
      "rev_growth_yoy_accel": 0.3740164488925588,
      "op_leverage_ratio": 1.0556312107385954,
      "fcf_margin_change": 0.25617073500955045
    },
    {
      "date": "2023-12-31T00:00:00",
      "quarter_label": "2023-12 (Q4)",
      "revenue": 202729000,
      "gross_profit": 63319000,
      "operating_income": 37251000,
      "net_income": 30038000,
      "opex": 165478000,
      "cogs": 139410000,
      "rd": null,
      "sga": 11312000,
      "fcf": 23580000,
      "ocf": 41560000,
      "capex": -17980000,
      "gross_margin": 0.3123332133044606,
      "op_margin": 0.1837477617903704,
      "fcf_margin": 0.1163129103384321,
      "incr_op_margin_yoy": 0.28339901039969184,
      "rev_growth_yoy": 0.4991754605219372,
      "rev_growth_yoy_accel": 0.13371261589896838,
      "op_leverage_ratio": Infinity,
      "fcf_margin_change": -0.16710760462150714
    },
    {
      "date": "2024-03-31T00:00:00",
      "quarter_label": "2024-03 (Q1)",
      "revenue": 172676000,
      "gross_profit": 32963000,
      "operating_income": 3275000,
      "net_income": 2032000,
      "opex": 169401000,
      "cogs": 139713000,
      "rd": null,
      "sga": 14114000,
      "fcf": 6458000,
      "ocf": 25188000,
      "capex": -18730000,
      "gross_margin": 0.19089508675206746,
      "op_margin": 0.018966156269545276,
      "fcf_margin": 0.03739952280571707,
      "incr_op_margin_yoy": -4.526915769474351,
      "rev_growth_yoy": 0.03796585717720606,
      "rev_growth_yoy_accel": -0.4612096033447311,
      "fcf_margin_change": -0.07891338753271503
    },
    {
      "date": "2024-06-30T00:00:00",
      "quarter_label": "2024-06 (Q2)",
      "revenue": 155315000,
      "gross_profit": 32545000,
      "operating_income": 5415000,
      "net_income": 5541000,
      "opex": 149900000,
      "cogs": 122770000,
      "rd": null,
      "sga": 10897000,
      "fcf": 34414000,
      "ocf": 34414000,
      "capex": null,
      "gross_margin": 0.20954189872195217,
      "op_margin": 0.03486462994559444,
      "fcf_margin": 0.22157550783890803,
      "incr_op_margin_yoy": -0.2594979267062647,
      "rev_growth_yoy": 0.12981835904822178,
      "rev_growth_yoy_accel": 0.09185250187101572,
      "fcf_margin_change": 0.18417598503319096
    },
    {
      "date": "2024-09-30T00:00:00",
      "quarter_label": "2024-09 (Q3)",
      "revenue": 167411000,
      "gross_profit": 32680000,
      "operating_income": 1594000,
      "net_income": -239000,
      "opex": 165817000,
      "cogs": 134731000,
      "rd": null,
      "sga": 12921000,
      "fcf": 37381000,
      "ocf": 37381000,
      "capex": null,
      "gross_margin": 0.19520820017800503,
      "op_margin": 0.009521477083345779,
      "fcf_margin": 0.22328879225379455,
      "incr_op_margin_yoy": 0.7408335464075684,
      "rev_growth_yoy": -0.10459120909684114,
      "rev_growth_yoy_accel": -0.23440956814506292,
      "op_leverage_ratio": 0.7334470965746114,
      "fcf_margin_change": 0.0017132844148865234
    },
    {
      "date": "2024-12-31T00:00:00",
      "quarter_label": "2024-12 (Q4)",
      "revenue": 170892000,
      "gross_profit": 34813000,
      "operating_income": 6351000,
      "net_income": 3858000,
      "opex": 164541000,
      "cogs": 136079000,
      "rd": null,
      "sga": 11354000,
      "fcf": 15682000,
      "ocf": 15682000,
      "capex": null,
      "gross_margin": 0.20371345645202818,
      "op_margin": 0.03716382276525525,
      "fcf_margin": 0.09176555953467687,
      "incr_op_margin_yoy": 0.970568835003298,
      "rev_growth_yoy": -0.15704215973047764,
      "rev_growth_yoy_accel": -0.0524509506336365,
      "op_leverage_ratio": Infinity,
      "fcf_margin_change": -0.1315232327191177
    },
    {
      "date": "2025-03-31T00:00:00",
      "quarter_label": "2025-03 (Q1)",
      "revenue": 134656000,
      "gross_profit": 20524000,
      "operating_income": -12022000,
      "net_income": -9457000,
      "opex": 146678000,
      "cogs": 114132000,
      "rd": null,
      "sga": 14602000,
      "fcf": 26039000,
      "ocf": 26039000,
      "capex": null,
      "gross_margin": 0.1524180133079848,
      "op_margin": -0.08927934885931559,
      "fcf_margin": 0.19337422766159695,
      "incr_op_margin_yoy": 0.40234087322461864,
      "rev_growth_yoy": -0.22018114850934697,
      "rev_growth_yoy_accel": -0.06313898877886934,
      "fcf_margin_change": 0.10160866812692008
    },
    {
      "date": "2025-06-30T00:00:00",
      "quarter_label": "2025-06 (Q2)",
      "revenue": 152959000,
      "gross_profit": 18777000,
      "operating_income": -13844000,
      "net_income": -13974000,
      "opex": 166803000,
      "cogs": 134182000,
      "rd": null,
      "sga": 15181000,
      "fcf": -4260000,
      "ocf": -4260000,
      "capex": null,
      "gross_margin": 0.12275838623421963,
      "op_margin": -0.09050791388542027,
      "fcf_margin": -0.027850600487712394,
      "incr_op_margin_yoy": 8.174448217317487,
      "rev_growth_yoy": -0.015169172327206,
      "rev_growth_yoy_accel": 0.20501197618214098,
      "op_leverage_ratio": 0.9906623563812199,
      "fcf_margin_change": -0.22122482814930935
    },
    {
      "date": "2025-09-30T00:00:00",
      "quarter_label": "2025-09 (Q3)",
      "revenue": 120996000,
      "gross_profit": 19154000,
      "operating_income": -14482000,
      "net_income": -13308000,
      "opex": 135478000,
      "cogs": 101842000,
      "rd": null,
      "sga": 16143000,
      "fcf": -1441000,
      "ocf": -1441000,
      "capex": null,
      "gross_margin": 0.1583027538100433,
      "op_margin": -0.11968990710436708,
      "fcf_margin": -0.011909484611061522,
      "incr_op_margin_yoy": 0.34635354949908437,
      "rev_growth_yoy": -0.27725179349027246,
      "rev_growth_yoy_accel": -0.26208262116306646,
      "fcf_margin_change": 0.015941115876650872
    }
  ],
  "signals": [
    {
      "quarter": "2025-09 (Q3)",
      "signal": "GROSS MARGIN INFLECTION",
      "detail": "GM: +15.2% -> +12.3% -> +15.8% (reversal +3.6%)",
      "severity": "MEDIUM"
    },
    {
      "quarter": "2025-09 (Q3)",
      "signal": "YoY REVENUE GROWTH DECELERATION",
      "detail": "YoY growth: -27.7% vs prior quarter YoY: -1.5% (decel: -26.2%)",
      "severity": "WARNING"
    },
    {
      "quarter": "2025-06 (Q2)",
      "signal": "YoY REVENUE GROWTH ACCELERATION",
      "detail": "YoY growth: -1.5% vs prior quarter YoY: -22.0% (accel: +20.5%)",
      "severity": "HIGH"
    },
    {
      "quarter": "2025-03 (Q1)",
      "signal": "FCF MARGIN EXPANSION",
      "detail": "FCF margin: +9.2% -> +19.3% (+10.2%)",
      "severity": "MEDIUM"
    },
    {
      "quarter": "2025-03 (Q1)",
      "signal": "YoY REVENUE GROWTH DECELERATION",
      "detail": "YoY growth: -22.0% vs prior quarter YoY: -15.7% (decel: -6.3%)",
      "severity": "WARNING"
    },
    {
      "quarter": "2024-12 (Q4)",
      "signal": "YoY REVENUE GROWTH DECELERATION",
      "detail": "YoY growth: -15.7% vs prior quarter YoY: -10.5% (decel: -5.2%)",
      "severity": "WARNING"
    },
    {
      "quarter": "2024-12 (Q4)",
      "signal": "INCREMENTAL MARGIN (YoY)",
      "detail": "YoY Incr OPM: +97.1% vs year-ago OPM: +18.4%",
      "severity": "HIGH"
    },
    {
      "quarter": "2024-09 (Q3)",
      "signal": "YoY REVENUE GROWTH DECELERATION",
      "detail": "YoY growth: -10.5% vs prior quarter YoY: +13.0% (decel: -23.4%)",
      "severity": "WARNING"
    },
    {
      "quarter": "2024-09 (Q3)",
      "signal": "INCREMENTAL MARGIN (YoY)",
      "detail": "YoY Incr OPM: +74.1% vs year-ago OPM: +8.6%",
      "severity": "HIGH"
    },
    {
      "quarter": "2024-06 (Q2)",
      "signal": "FCF MARGIN EXPANSION",
      "detail": "FCF margin: +3.7% -> +22.2% (+18.4%)",
      "severity": "MEDIUM"
    },
    {
      "quarter": "2024-06 (Q2)",
      "signal": "YoY REVENUE GROWTH ACCELERATION",
      "detail": "YoY growth: +13.0% vs prior quarter YoY: +3.8% (accel: +9.2%)",
      "severity": "MEDIUM"
    },
    {
      "quarter": "2024-03 (Q1)",
      "signal": "YoY REVENUE GROWTH DECELERATION",
      "detail": "YoY growth: +3.8% vs prior quarter YoY: +49.9% (decel: -46.1%)",
      "severity": "WARNING"
    },
    {
      "quarter": "2023-12 (Q4)",
      "signal": "GROSS MARGIN INFLECTION",
      "detail": "GM: +27.8% -> +22.6% -> +31.2% (reversal +8.6%)",
      "severity": "HIGH"
    },
    {
      "quarter": "2023-12 (Q4)",
      "signal": "YoY REVENUE GROWTH ACCELERATION",
      "detail": "YoY growth: +49.9% vs prior quarter YoY: +36.5% (accel: +13.4%)",
      "severity": "MEDIUM"
    },
    {
      "quarter": "2023-12 (Q4)",
      "signal": "INCREMENTAL MARGIN (YoY)",
      "detail": "YoY Incr OPM: +28.3% vs year-ago OPM: +13.4%",
      "severity": "MEDIUM"
    },
    {
      "quarter": "2023-09 (Q3)",
      "signal": "FCF MARGIN EXPANSION",
      "detail": "FCF margin: +2.7% -> +28.3% (+25.6%)",
      "severity": "MEDIUM"
    },
    {
      "quarter": "2023-09 (Q3)",
      "signal": "YoY REVENUE GROWTH ACCELERATION",
      "detail": "YoY growth: +36.5% vs prior quarter YoY: -0.9% (accel: +37.4%)",
      "severity": "HIGH"
    },
    {
      "quarter": "2023-06 (Q2)",
      "signal": "FCF TURNED POSITIVE",
      "detail": "FCF margin: -1.3% -> +2.7%",
      "severity": "HIGH"
    },
    {
      "quarter": "2023-06 (Q2)",
      "signal": "YoY REVENUE GROWTH DECELERATION",
      "detail": "YoY growth: -0.9% vs prior quarter YoY: +7.4% (decel: -8.3%)",
      "severity": "WARNING"
    },
    {
      "quarter": "2023-06 (Q2)",
      "signal": "INCREMENTAL MARGIN (YoY)",
      "detail": "YoY Incr OPM: +2752.2% vs year-ago OPM: +30.8%",
      "severity": "HIGH"
    },
    {
      "quarter": "2023-03 (Q1)",
      "signal": "OPERATING LEVERAGE",
      "detail": "Rev growth +23.0% vs OpEx growth +14.8% (leverage: 1.6x)",
      "severity": "MEDIUM"
    },
    {
      "quarter": "2023-03 (Q1)",
      "signal": "GROSS MARGIN INFLECTION",
      "detail": "GM: +41.8% -> +29.4% -> +33.5% (reversal +4.1%)",
      "severity": "MEDIUM"
    },
    {
      "quarter": "2023-03 (Q1)",
      "signal": "YoY REVENUE GROWTH DECELERATION",
      "detail": "YoY growth: +7.4% vs prior quarter YoY: +54.5% (decel: -47.1%)",
      "severity": "WARNING"
    },
    {
      "quarter": "2022-12 (Q4)",
      "signal": "YoY REVENUE GROWTH DECELERATION",
      "detail": "YoY growth: +54.5% vs prior quarter YoY: +79.3% (decel: -24.7%)",
      "severity": "WARNING"
    },
    {
      "quarter": "2022-09 (Q3)",
      "signal": "FCF TURNED POSITIVE",
      "detail": "FCF margin: -1.5% -> +8.7%",
      "severity": "HIGH"
    },
    {
      "quarter": "2022-09 (Q3)",
      "signal": "INCREMENTAL MARGIN (YoY)",
      "detail": "YoY Incr OPM: +46.1% vs year-ago OPM: +11.5%",
      "severity": "HIGH"
    },
    {
      "quarter": "2022-06 (Q2)",
      "signal": "YoY REVENUE GROWTH DECELERATION",
      "detail": "YoY growth: +82.3% vs prior quarter YoY: +256.4% (decel: -174.1%)",
      "severity": "WARNING"
    },
    {
      "quarter": "2022-06 (Q2)",
      "signal": "INCREMENTAL MARGIN (YoY)",
      "detail": "YoY Incr OPM: +57.0% vs year-ago OPM: +9.2%",
      "severity": "HIGH"
    },
    {
      "quarter": "2022-03 (Q1)",
      "signal": "FCF MARGIN EXPANSION",
      "detail": "FCF margin: +4.3% -> +37.2% (+32.9%)",
      "severity": "MEDIUM"
    },
    {
      "quarter": "2022-03 (Q1)",
      "signal": "YoY REVENUE GROWTH ACCELERATION",
      "detail": "YoY growth: +256.4% vs prior quarter YoY: +71.1% (accel: +185.3%)",
      "severity": "HIGH"
    },
    {
      "quarter": "2022-03 (Q1)",
      "signal": "INCREMENTAL MARGIN (YoY)",
      "detail": "YoY Incr OPM: +46.3% vs year-ago OPM: +2.9%",
      "severity": "HIGH"
    },
    {
      "quarter": "2021-12 (Q4)",
      "signal": "FCF TURNED POSITIVE",
      "detail": "FCF margin: -5.6% -> +4.3%",
      "severity": "HIGH"
    },
    {
      "quarter": "2021-12 (Q4)",
      "signal": "OP MARGIN TURNED POSITIVE (YoY)",
      "detail": "Op margin: -16.3% (year-ago) -> +25.7%",
      "severity": "HIGH"
    },
    {
      "quarter": "2021-09 (Q3)",
      "signal": "GROSS MARGIN INFLECTION",
      "detail": "GM: +28.2% -> +24.1% -> +28.2% (reversal +4.2%)",
      "severity": "MEDIUM"
    },
    {
      "quarter": "2021-06 (Q2)",
      "signal": "FCF TURNED POSITIVE",
      "detail": "FCF margin: -7.4% -> +36.3%",
      "severity": "HIGH"
    },
    {
      "quarter": "2021-03 (Q1)",
      "signal": "OP MARGIN TURNED POSITIVE (QoQ)",
      "detail": "Op margin: -16.3% -> +2.9%",
      "severity": "HIGH"
    }
  ],
  "data_quality": {
    "n_quarters": 20,
    "coverage": {
      "revenue": [
        20,
        20
      ],
      "gross_profit": [
        20,
        20
      ],
      "op_income": [
        20,
        20
      ],
      "fcf": [
        20,
        20
      ]
    },
    "gaps": [],
    "warnings": []
  },
  "market_cap": null,
  "source": "SEC EDGAR",
  "last_updated": "2026-02-02T21:47:56.430920"
}