{
  "ticker": "MG",
  "name": "Mistras Group,\u00a0Inc.",
  "quarters": [
    {
      "date": "2020-12-31T00:00:00",
      "quarter_label": "2020-12 (Q4)",
      "revenue": 160777000,
      "gross_profit": 49345000,
      "operating_income": 4652000,
      "net_income": 181000,
      "opex": 44693000,
      "cogs": 105647000,
      "rd": 722000,
      "sga": 40659000,
      "fcf": 21291000,
      "ocf": 26011000,
      "capex": -4720000,
      "gross_margin": 0.306915790193871,
      "op_margin": 0.028934486898001578,
      "fcf_margin": 0.13242565789882882
    },
    {
      "date": "2021-03-31T00:00:00",
      "quarter_label": "2021-03 (Q1)",
      "revenue": 153735000,
      "gross_profit": 40001000,
      "operating_income": -4746000,
      "net_income": -5362000,
      "opex": 44747000,
      "cogs": 108243000,
      "rd": 727000,
      "sga": 39639000,
      "fcf": -855000,
      "ocf": 3148000,
      "capex": -4003000,
      "gross_margin": 0.26019449051940025,
      "op_margin": -0.030871304517513905,
      "fcf_margin": -0.005561518196897259,
      "fcf_margin_change": -0.13798717609572608
    },
    {
      "date": "2021-06-30T00:00:00",
      "quarter_label": "2021-06 (Q2)",
      "revenue": 177677000,
      "gross_profit": 55336000,
      "operating_income": 11374000,
      "net_income": 5937000,
      "opex": 43962000,
      "cogs": 116787000,
      "rd": 620000,
      "sga": 39719000,
      "fcf": 8793000,
      "ocf": 14978000,
      "capex": -6185000,
      "gross_margin": 0.311441548427765,
      "op_margin": 0.06401503852496383,
      "fcf_margin": 0.049488678894848516,
      "op_leverage_ratio": Infinity,
      "fcf_margin_change": 0.05505019709174577
    },
    {
      "date": "2021-09-30T00:00:00",
      "quarter_label": "2021-09 (Q3)",
      "revenue": 174556000,
      "gross_profit": 52216000,
      "operating_income": 9236000,
      "net_income": 3380000,
      "opex": 42980000,
      "cogs": 116750000,
      "rd": 595000,
      "sga": 39221000,
      "fcf": -599000,
      "ocf": 4343000,
      "capex": -4942000,
      "gross_margin": 0.2991360938609959,
      "op_margin": 0.052911386603726025,
      "fcf_margin": -0.003431563509704622,
      "fcf_margin_change": -0.05292024240455314
    },
    {
      "date": "2021-12-31T00:00:00",
      "quarter_label": "2021-12 (Q4)",
      "revenue": 171163000,
      "gross_profit": 49594000,
      "operating_income": 2306000,
      "net_income": -94000,
      "opex": 47288000,
      "cogs": 115233000,
      "rd": 576000,
      "sga": 42755000,
      "fcf": 16761000,
      "ocf": 19792000,
      "capex": -3031000,
      "gross_margin": 0.28974720003739124,
      "op_margin": 0.013472537873255318,
      "fcf_margin": 0.0979242009079065,
      "incr_op_margin_yoy": -0.22588099364529174,
      "rev_growth_yoy": 0.0645987921157877,
      "fcf_margin_change": 0.10135576441761113
    },
    {
      "date": "2022-03-31T00:00:00",
      "quarter_label": "2022-03 (Q1)",
      "revenue": 161662000,
      "gross_profit": 39892000,
      "operating_income": -4698000,
      "net_income": -5363000,
      "opex": 44590000,
      "cogs": 115758000,
      "rd": 551000,
      "sga": 42036000,
      "fcf": -8460000,
      "ocf": -5399000,
      "capex": -3061000,
      "gross_margin": 0.24676176219519738,
      "op_margin": -0.029060632678056687,
      "fcf_margin": -0.052331407504546526,
      "incr_op_margin_yoy": 0.006055254194525041,
      "rev_growth_yoy": 0.0515627540898299,
      "rev_growth_yoy_accel": -0.013036038025957798,
      "fcf_margin_change": -0.15025560841245303
    },
    {
      "date": "2022-06-30T00:00:00",
      "quarter_label": "2022-06 (Q2)",
      "revenue": 179031000,
      "gross_profit": 53558000,
      "operating_income": 9576000,
      "net_income": 4643000,
      "opex": 43982000,
      "cogs": 119980000,
      "rd": 522000,
      "sga": 40676000,
      "fcf": 9577000,
      "ocf": 13208000,
      "capex": -3631000,
      "gross_margin": 0.29915489496232495,
      "op_margin": 0.053487943428791665,
      "fcf_margin": 0.053493529053627586,
      "incr_op_margin_yoy": -1.327917282127031,
      "rev_growth_yoy": 0.007620569910568053,
      "rev_growth_yoy_accel": -0.04394218417926185,
      "op_leverage_ratio": Infinity,
      "fcf_margin_change": 0.10582493655817411
    },
    {
      "date": "2022-09-30T00:00:00",
      "quarter_label": "2022-09 (Q3)",
      "revenue": 178462000,
      "gross_profit": 53784000,
      "operating_income": 9114000,
      "net_income": 4373000,
      "opex": 44670000,
      "cogs": 119110000,
      "rd": 450000,
      "sga": 41590000,
      "fcf": 364000,
      "ocf": 2722000,
      "capex": -2358000,
      "gross_margin": 0.30137508265064833,
      "op_margin": 0.05106969550940817,
      "fcf_margin": 0.0020396498974571617,
      "incr_op_margin_yoy": -0.03123399897593446,
      "rev_growth_yoy": 0.022376773069960356,
      "rev_growth_yoy_accel": 0.014756203159392304,
      "fcf_margin_change": -0.051453879156170425
    },
    {
      "date": "2022-12-31T00:00:00",
      "quarter_label": "2022-12 (Q4)",
      "revenue": 168218000,
      "gross_profit": 50939000,
      "operating_income": 5802000,
      "net_income": 2842000,
      "opex": 45137000,
      "cogs": 111719000,
      "rd": 471000,
      "sga": 42292000,
      "fcf": 12334000,
      "ocf": 15875000,
      "capex": -3541000,
      "gross_margin": 0.30281539430976473,
      "op_margin": 0.034490958161433376,
      "fcf_margin": 0.07332152326148213,
      "incr_op_margin_yoy": -1.1870967741935483,
      "rev_growth_yoy": -0.017205821351577152,
      "rev_growth_yoy_accel": -0.03958259442153751,
      "fcf_margin_change": 0.07128187336402497
    },
    {
      "date": "2023-03-31T00:00:00",
      "quarter_label": "2023-03 (Q1)",
      "revenue": 168016000,
      "gross_profit": 46077000,
      "operating_income": -1830000,
      "net_income": -4986000,
      "opex": 47907000,
      "cogs": 116051000,
      "rd": 480000,
      "sga": 42823000,
      "fcf": 101000,
      "ocf": 4433000,
      "capex": -4332000,
      "gross_margin": 0.27424173888201125,
      "op_margin": -0.010891819826683174,
      "fcf_margin": 0.0006011332254071041,
      "incr_op_margin_yoy": 0.4513692162417375,
      "rev_growth_yoy": 0.03930422733852111,
      "rev_growth_yoy_accel": 0.056510048690098263,
      "fcf_margin_change": -0.07272039003607503
    },
    {
      "date": "2023-06-30T00:00:00",
      "quarter_label": "2023-06 (Q2)",
      "revenue": 176030000,
      "gross_profit": 49722000,
      "operating_income": 3893000,
      "net_income": 337000,
      "opex": 45829000,
      "cogs": 120442000,
      "rd": 511000,
      "sga": 41484000,
      "fcf": 8419000,
      "ocf": 13888000,
      "capex": -5469000,
      "gross_margin": 0.282463216497188,
      "op_margin": 0.022115548486053512,
      "fcf_margin": 0.04782707493040959,
      "incr_op_margin_yoy": 1.8937020993002334,
      "rev_growth_yoy": -0.016762460132602734,
      "rev_growth_yoy_accel": -0.056066687471123845,
      "op_leverage_ratio": Infinity,
      "fcf_margin_change": 0.04722594170500248
    },
    {
      "date": "2023-09-30T00:00:00",
      "quarter_label": "2023-09 (Q3)",
      "revenue": 179354000,
      "gross_profit": 54382000,
      "operating_income": -4682000,
      "net_income": -10298000,
      "opex": 59064000,
      "cogs": 118812000,
      "rd": 438000,
      "sga": 39537000,
      "fcf": -12239000,
      "ocf": -7637000,
      "capex": -4602000,
      "gross_margin": 0.3032104106961651,
      "op_margin": -0.02610479833179076,
      "fcf_margin": -0.06823934788184262,
      "rev_growth_yoy": 0.004998262935526891,
      "rev_growth_yoy_accel": 0.021760723068129626,
      "op_leverage_ratio": 0.06538690203770389,
      "fcf_margin_change": -0.11606642281225221
    },
    {
      "date": "2023-12-31T00:00:00",
      "quarter_label": "2023-12 (Q4)",
      "revenue": 182073000,
      "gross_profit": 53627000,
      "operating_income": 706000,
      "net_income": -2514000,
      "opex": 52921000,
      "cogs": 122367000,
      "rd": 295000,
      "sga": 42905000,
      "fcf": 9613000,
      "ocf": 16064000,
      "capex": -6451000,
      "gross_margin": 0.2945357082049508,
      "op_margin": 0.00387756559182306,
      "fcf_margin": 0.052797504297726734,
      "incr_op_margin_yoy": -0.3678094550703717,
      "rev_growth_yoy": 0.08236336182810401,
      "rev_growth_yoy_accel": 0.07736509889257712,
      "op_leverage_ratio": Infinity,
      "fcf_margin_change": 0.12103685217956936
    },
    {
      "date": "2024-03-31T00:00:00",
      "quarter_label": "2024-03 (Q1)",
      "revenue": 184442000,
      "gross_profit": 51090000,
      "operating_income": 5553000,
      "net_income": 995000,
      "opex": 45537000,
      "cogs": 127418000,
      "rd": 343000,
      "sga": 41189000,
      "fcf": -4200000,
      "ocf": 604000,
      "capex": -4804000,
      "gross_margin": 0.2769976469567669,
      "op_margin": 0.03010702551479598,
      "fcf_margin": -0.02277138612680409,
      "incr_op_margin_yoy": 0.449470351881164,
      "rev_growth_yoy": 0.09776449861917913,
      "rev_growth_yoy_accel": 0.015401136791075118,
      "op_leverage_ratio": Infinity,
      "fcf_margin_change": -0.07556889042453083
    },
    {
      "date": "2024-06-30T00:00:00",
      "quarter_label": "2024-06 (Q2)",
      "revenue": 189773000,
      "gross_profit": 56116000,
      "operating_income": 11959000,
      "net_income": 6369000,
      "opex": 44157000,
      "cogs": 127760000,
      "rd": 231000,
      "sga": 40957000,
      "fcf": -284000,
      "ocf": 4511000,
      "capex": -4795000,
      "gross_margin": 0.29570065288528924,
      "op_margin": 0.06301739446601994,
      "fcf_margin": -0.0014965247954134677,
      "incr_op_margin_yoy": 0.5869169759150112,
      "rev_growth_yoy": 0.07807191955916605,
      "rev_growth_yoy_accel": -0.01969257906001308,
      "op_leverage_ratio": Infinity,
      "fcf_margin_change": 0.021274861331390622
    },
    {
      "date": "2024-09-30T00:00:00",
      "quarter_label": "2024-09 (Q3)",
      "revenue": 182694000,
      "gross_profit": 54577000,
      "operating_income": 11858000,
      "net_income": 6401000,
      "opex": 42719000,
      "cogs": 122392000,
      "rd": 241000,
      "sga": 38872000,
      "fcf": 14640000,
      "ocf": 19356000,
      "capex": -4716000,
      "gross_margin": 0.2987344959330903,
      "op_margin": 0.06490634613068848,
      "fcf_margin": 0.08013399454826102,
      "incr_op_margin_yoy": 4.952095808383233,
      "rev_growth_yoy": 0.018622389241388537,
      "rev_growth_yoy_accel": -0.05944953031777751,
      "fcf_margin_change": 0.08163051934367449
    },
    {
      "date": "2024-12-31T00:00:00",
      "quarter_label": "2024-12 (Q4)",
      "revenue": 172731000,
      "gross_profit": 51326000,
      "operating_income": 10458000,
      "net_income": 5193000,
      "opex": 40868000,
      "cogs": 115358000,
      "rd": 303000,
      "sga": 35370000,
      "fcf": 22071000,
      "ocf": 25658000,
      "capex": -3587000,
      "gross_margin": 0.29714411425858706,
      "op_margin": 0.060545009291904754,
      "fcf_margin": 0.12777671639717247,
      "incr_op_margin_yoy": -1.0438878184542923,
      "rev_growth_yoy": -0.05130909030993063,
      "rev_growth_yoy_accel": -0.06993147955131918,
      "fcf_margin_change": 0.047642721848911454
    },
    {
      "date": "2025-03-31T00:00:00",
      "quarter_label": "2025-03 (Q1)",
      "revenue": 161615000,
      "gross_profit": 40892000,
      "operating_income": -1012000,
      "net_income": -3186000,
      "opex": 41904000,
      "cogs": 115286000,
      "rd": 299000,
      "sga": 35652000,
      "fcf": 1090000,
      "ocf": 5645000,
      "capex": -4555000,
      "gross_margin": 0.2530210685889305,
      "op_margin": -0.00626179500665161,
      "fcf_margin": 0.0067444234755437305,
      "incr_op_margin_yoy": 0.28759801988872824,
      "rev_growth_yoy": -0.12376248359918023,
      "rev_growth_yoy_accel": -0.0724533932892496,
      "fcf_margin_change": -0.12103229292162875
    },
    {
      "date": "2025-06-30T00:00:00",
      "quarter_label": "2025-06 (Q2)",
      "revenue": 185405000,
      "gross_profit": 53945000,
      "operating_income": 8428000,
      "net_income": 3017000,
      "opex": 45517000,
      "cogs": 125739000,
      "rd": 269000,
      "sga": 39793000,
      "fcf": -14711000,
      "ocf": -9264000,
      "capex": -5447000,
      "gross_margin": 0.29095763328928564,
      "op_margin": 0.04545724225344516,
      "fcf_margin": -0.07934521722715138,
      "incr_op_margin_yoy": 0.8083791208791209,
      "rev_growth_yoy": -0.02301697290973953,
      "rev_growth_yoy_accel": 0.1007455106894407,
      "op_leverage_ratio": 1.707262475764987,
      "fcf_margin_change": -0.0860896407026951
    },
    {
      "date": "2025-09-30T00:00:00",
      "quarter_label": "2025-09 (Q3)",
      "revenue": 195549000,
      "gross_profit": 58193000,
      "operating_income": 20381000,
      "net_income": 13108000,
      "opex": 37812000,
      "cogs": 131826000,
      "rd": 210000,
      "sga": 33478000,
      "fcf": -4070000,
      "ocf": 4462000,
      "capex": -8532000,
      "gross_margin": 0.29758781686431535,
      "op_margin": 0.10422451661731842,
      "fcf_margin": -0.020813197715150677,
      "incr_op_margin_yoy": 0.6630105017502917,
      "rev_growth_yoy": 0.07036355873756117,
      "rev_growth_yoy_accel": 0.0933805316473007,
      "op_leverage_ratio": Infinity,
      "fcf_margin_change": 0.058532019512000696
    }
  ],
  "signals": [
    {
      "quarter": "2025-09 (Q3)",
      "signal": "FCF MARGIN EXPANSION",
      "detail": "FCF margin: -7.9% -> -2.1% (+5.9%)",
      "severity": "MEDIUM"
    },
    {
      "quarter": "2025-09 (Q3)",
      "signal": "YoY REVENUE GROWTH ACCELERATION",
      "detail": "YoY growth: +7.0% vs prior quarter YoY: -2.3% (accel: +9.3%)",
      "severity": "MEDIUM"
    },
    {
      "quarter": "2025-09 (Q3)",
      "signal": "INCREMENTAL MARGIN (YoY)",
      "detail": "YoY Incr OPM: +66.3% vs year-ago OPM: +6.5%",
      "severity": "HIGH"
    },
    {
      "quarter": "2025-06 (Q2)",
      "signal": "OPERATING LEVERAGE",
      "detail": "Rev growth +14.7% vs OpEx growth +8.6% (leverage: 1.7x)",
      "severity": "MEDIUM"
    },
    {
      "quarter": "2025-06 (Q2)",
      "signal": "GROSS MARGIN INFLECTION",
      "detail": "GM: +29.7% -> +25.3% -> +29.1% (reversal +3.8%)",
      "severity": "MEDIUM"
    },
    {
      "quarter": "2025-06 (Q2)",
      "signal": "YoY REVENUE GROWTH ACCELERATION",
      "detail": "YoY growth: -2.3% vs prior quarter YoY: -12.4% (accel: +10.1%)",
      "severity": "MEDIUM"
    },
    {
      "quarter": "2025-06 (Q2)",
      "signal": "INCREMENTAL MARGIN (YoY)",
      "detail": "YoY Incr OPM: +80.8% vs year-ago OPM: +6.3%",
      "severity": "HIGH"
    },
    {
      "quarter": "2025-06 (Q2)",
      "signal": "OP MARGIN TURNED POSITIVE (QoQ)",
      "detail": "Op margin: -0.6% -> +4.5%",
      "severity": "HIGH"
    },
    {
      "quarter": "2025-03 (Q1)",
      "signal": "YoY REVENUE GROWTH DECELERATION",
      "detail": "YoY growth: -12.4% vs prior quarter YoY: -5.1% (decel: -7.2%)",
      "severity": "WARNING"
    },
    {
      "quarter": "2024-12 (Q4)",
      "signal": "YoY REVENUE GROWTH DECELERATION",
      "detail": "YoY growth: -5.1% vs prior quarter YoY: +1.9% (decel: -7.0%)",
      "severity": "WARNING"
    },
    {
      "quarter": "2024-09 (Q3)",
      "signal": "FCF TURNED POSITIVE",
      "detail": "FCF margin: -0.1% -> +8.0%",
      "severity": "HIGH"
    },
    {
      "quarter": "2024-09 (Q3)",
      "signal": "YoY REVENUE GROWTH DECELERATION",
      "detail": "YoY growth: +1.9% vs prior quarter YoY: +7.8% (decel: -5.9%)",
      "severity": "WARNING"
    },
    {
      "quarter": "2024-09 (Q3)",
      "signal": "OP MARGIN TURNED POSITIVE (YoY)",
      "detail": "Op margin: -2.6% (year-ago) -> +6.5%",
      "severity": "HIGH"
    },
    {
      "quarter": "2024-06 (Q2)",
      "signal": "INCREMENTAL MARGIN (YoY)",
      "detail": "YoY Incr OPM: +58.7% vs year-ago OPM: +2.2%",
      "severity": "HIGH"
    },
    {
      "quarter": "2024-03 (Q1)",
      "signal": "OP MARGIN TURNED POSITIVE (YoY)",
      "detail": "Op margin: -1.1% (year-ago) -> +3.0%",
      "severity": "HIGH"
    },
    {
      "quarter": "2023-12 (Q4)",
      "signal": "FCF TURNED POSITIVE",
      "detail": "FCF margin: -6.8% -> +5.3%",
      "severity": "HIGH"
    },
    {
      "quarter": "2023-12 (Q4)",
      "signal": "YoY REVENUE GROWTH ACCELERATION",
      "detail": "YoY growth: +8.2% vs prior quarter YoY: +0.5% (accel: +7.7%)",
      "severity": "MEDIUM"
    },
    {
      "quarter": "2023-12 (Q4)",
      "signal": "OP MARGIN TURNED POSITIVE (QoQ)",
      "detail": "Op margin: -2.6% -> +0.4%",
      "severity": "HIGH"
    },
    {
      "quarter": "2023-06 (Q2)",
      "signal": "YoY REVENUE GROWTH DECELERATION",
      "detail": "YoY growth: -1.7% vs prior quarter YoY: +3.9% (decel: -5.6%)",
      "severity": "WARNING"
    },
    {
      "quarter": "2023-06 (Q2)",
      "signal": "INCREMENTAL MARGIN (YoY)",
      "detail": "YoY Incr OPM: +189.4% vs year-ago OPM: +5.3%",
      "severity": "HIGH"
    },
    {
      "quarter": "2023-06 (Q2)",
      "signal": "OP MARGIN TURNED POSITIVE (QoQ)",
      "detail": "Op margin: -1.1% -> +2.2%",
      "severity": "HIGH"
    },
    {
      "quarter": "2023-03 (Q1)",
      "signal": "YoY REVENUE GROWTH ACCELERATION",
      "detail": "YoY growth: +3.9% vs prior quarter YoY: -1.7% (accel: +5.7%)",
      "severity": "MEDIUM"
    },
    {
      "quarter": "2022-12 (Q4)",
      "signal": "FCF MARGIN EXPANSION",
      "detail": "FCF margin: +0.2% -> +7.3% (+7.1%)",
      "severity": "MEDIUM"
    },
    {
      "quarter": "2022-06 (Q2)",
      "signal": "FCF TURNED POSITIVE",
      "detail": "FCF margin: -5.2% -> +5.3%",
      "severity": "HIGH"
    },
    {
      "quarter": "2022-06 (Q2)",
      "signal": "GROSS MARGIN INFLECTION",
      "detail": "GM: +29.0% -> +24.7% -> +29.9% (reversal +5.2%)",
      "severity": "HIGH"
    },
    {
      "quarter": "2022-06 (Q2)",
      "signal": "OP MARGIN TURNED POSITIVE (QoQ)",
      "detail": "Op margin: -2.9% -> +5.3%",
      "severity": "HIGH"
    },
    {
      "quarter": "2021-12 (Q4)",
      "signal": "FCF TURNED POSITIVE",
      "detail": "FCF margin: -0.3% -> +9.8%",
      "severity": "HIGH"
    },
    {
      "quarter": "2021-06 (Q2)",
      "signal": "FCF TURNED POSITIVE",
      "detail": "FCF margin: -0.6% -> +4.9%",
      "severity": "HIGH"
    },
    {
      "quarter": "2021-06 (Q2)",
      "signal": "GROSS MARGIN INFLECTION",
      "detail": "GM: +30.7% -> +26.0% -> +31.1% (reversal +5.1%)",
      "severity": "HIGH"
    },
    {
      "quarter": "2021-06 (Q2)",
      "signal": "OP MARGIN TURNED POSITIVE (QoQ)",
      "detail": "Op margin: -3.1% -> +6.4%",
      "severity": "HIGH"
    }
  ],
  "data_quality": {
    "n_quarters": 20,
    "coverage": {
      "revenue": [
        20,
        20
      ],
      "gross_profit": [
        20,
        20
      ],
      "op_income": [
        20,
        20
      ],
      "fcf": [
        20,
        20
      ]
    },
    "gaps": [],
    "warnings": []
  },
  "market_cap": null,
  "source": "SEC EDGAR",
  "last_updated": "2026-02-02T22:30:38.653763"
}