{
  "ticker": "MGNI",
  "name": "MAGNITE, INC.",
  "quarters": [
    {
      "date": "2020-12-31T00:00:00",
      "quarter_label": "2020-12 (Q4)",
      "revenue": 82003000,
      "gross_profit": 60835000,
      "operating_income": 7995000,
      "net_income": 5886000,
      "opex": 74008000,
      "cogs": 21168000,
      "rd": 14228000,
      "sga": null,
      "fcf": 1892000,
      "ocf": 11973000,
      "capex": -10081000,
      "gross_margin": 0.7418631025694182,
      "op_margin": 0.09749643305732716,
      "fcf_margin": 0.02307232662219675
    },
    {
      "date": "2021-03-31T00:00:00",
      "quarter_label": "2021-03 (Q1)",
      "revenue": 60715000,
      "gross_profit": 39959000,
      "operating_income": -13776000,
      "net_income": -12877000,
      "opex": 74491000,
      "cogs": 20756000,
      "rd": 14266000,
      "sga": null,
      "fcf": -2543000,
      "ocf": -1226000,
      "capex": -1317000,
      "gross_margin": 0.6581404924647946,
      "op_margin": -0.2268961541628922,
      "fcf_margin": -0.041884213126904386,
      "fcf_margin_change": -0.06495653974910114
    },
    {
      "date": "2021-06-30T00:00:00",
      "quarter_label": "2021-06 (Q2)",
      "revenue": 114541000,
      "gross_profit": 64015000,
      "operating_income": -46981000,
      "net_income": 36808000,
      "opex": 161522000,
      "cogs": 50526000,
      "rd": 18111000,
      "sga": null,
      "fcf": 19015000,
      "ocf": 28637000,
      "capex": -9622000,
      "gross_margin": 0.5588828454439895,
      "op_margin": -0.41016753826140856,
      "fcf_margin": 0.16601042421490994,
      "op_leverage_ratio": 0.7587975824013494,
      "fcf_margin_change": 0.20789463734181432
    },
    {
      "date": "2021-09-30T00:00:00",
      "quarter_label": "2021-09 (Q3)",
      "revenue": 131871000,
      "gross_profit": 68330000,
      "operating_income": -23948000,
      "net_income": -24319000,
      "opex": 155819000,
      "cogs": 63541000,
      "rd": 21059000,
      "sga": null,
      "fcf": 27543000,
      "ocf": 30589000,
      "capex": -3046000,
      "gross_margin": 0.5181578967324127,
      "op_margin": -0.18160171682932563,
      "fcf_margin": 0.20886320722524285,
      "op_leverage_ratio": Infinity,
      "fcf_margin_change": 0.04285278301033291
    },
    {
      "date": "2021-12-31T00:00:00",
      "quarter_label": "2021-12 (Q4)",
      "revenue": 161286000,
      "gross_profit": 94447000,
      "operating_income": 3635000,
      "net_income": 453000,
      "opex": 157651000,
      "cogs": 66839000,
      "rd": 21013000,
      "sga": null,
      "fcf": 64877000,
      "ocf": 68589000,
      "capex": -3712000,
      "gross_margin": 0.5855870937341121,
      "op_margin": 0.02253760400778741,
      "fcf_margin": 0.4022481802512307,
      "incr_op_margin_yoy": -0.054992873629908054,
      "rev_growth_yoy": 0.966830481811641,
      "op_leverage_ratio": 18.972060316885706,
      "fcf_margin_change": 0.19338497302598787
    },
    {
      "date": "2022-03-31T00:00:00",
      "quarter_label": "2022-03 (Q1)",
      "revenue": 118075000,
      "gross_profit": 58679000,
      "operating_income": -39824000,
      "net_income": -44593000,
      "opex": 157899000,
      "cogs": 59396000,
      "rd": 23043000,
      "sga": null,
      "fcf": 14448000,
      "ocf": 21632000,
      "capex": -7184000,
      "gross_margin": 0.4969637941986026,
      "op_margin": -0.33727715435104805,
      "fcf_margin": 0.12236290493330511,
      "incr_op_margin_yoy": -0.4541143654114365,
      "rev_growth_yoy": 0.9447418265667463,
      "rev_growth_yoy_accel": -0.022088655244894673,
      "fcf_margin_change": -0.2798852753179256
    },
    {
      "date": "2022-06-30T00:00:00",
      "quarter_label": "2022-06 (Q2)",
      "revenue": 137780000,
      "gross_profit": 72779000,
      "operating_income": -23263000,
      "net_income": -24954000,
      "opex": 161043000,
      "cogs": 65001000,
      "rd": 23037000,
      "sga": null,
      "fcf": 40851000,
      "ocf": 42320000,
      "capex": -1469000,
      "gross_margin": 0.5282261576426187,
      "op_margin": -0.16884163158658733,
      "fcf_margin": 0.2964944113804616,
      "incr_op_margin_yoy": 1.0206119024054392,
      "rev_growth_yoy": 0.20288804882094622,
      "rev_growth_yoy_accel": -0.7418537777458001,
      "op_leverage_ratio": 8.381376058043069,
      "fcf_margin_change": 0.17413150644715653
    },
    {
      "date": "2022-09-30T00:00:00",
      "quarter_label": "2022-09 (Q3)",
      "revenue": 145815000,
      "gross_profit": 74062000,
      "operating_income": -21155000,
      "net_income": -24391000,
      "opex": 166970000,
      "cogs": 71753000,
      "rd": 25134000,
      "sga": null,
      "fcf": 30542000,
      "ocf": 39893000,
      "capex": -9351000,
      "gross_margin": 0.5079175667798238,
      "op_margin": -0.14508109590920001,
      "fcf_margin": 0.2094571889037479,
      "incr_op_margin_yoy": 0.2003012048192771,
      "rev_growth_yoy": 0.10573970016152148,
      "rev_growth_yoy_accel": -0.09714834865942473,
      "op_leverage_ratio": 1.5845524733926488,
      "fcf_margin_change": -0.08703722247671372
    },
    {
      "date": "2022-12-31T00:00:00",
      "quarter_label": "2022-12 (Q4)",
      "revenue": 175399000,
      "gross_profit": 64384000,
      "operating_income": -28542000,
      "net_income": -36385000,
      "opex": 203941000,
      "cogs": 111015000,
      "rd": 22543000,
      "sga": null,
      "fcf": 75894000,
      "ocf": 88705000,
      "capex": -12811000,
      "gross_margin": 0.3670716480709696,
      "op_margin": -0.16272612728692867,
      "fcf_margin": 0.43269345891367683,
      "incr_op_margin_yoy": -2.279954651739531,
      "rev_growth_yoy": 0.08750294507892811,
      "rev_growth_yoy_accel": -0.01823675508259337,
      "op_leverage_ratio": 0.9162878781038591,
      "fcf_margin_change": 0.22323627000992893
    },
    {
      "date": "2023-03-31T00:00:00",
      "quarter_label": "2023-03 (Q1)",
      "revenue": 130150000,
      "gross_profit": 5322000,
      "operating_income": -100495000,
      "net_income": -98732000,
      "opex": 230645000,
      "cogs": 124828000,
      "rd": 24215000,
      "sga": null,
      "fcf": -35297000,
      "ocf": -30893000,
      "capex": -4404000,
      "gross_margin": 0.04089127929312332,
      "op_margin": -0.7721475220898962,
      "fcf_margin": -0.2712024587014983,
      "incr_op_margin_yoy": -5.024513457556936,
      "rev_growth_yoy": 0.10226550921024773,
      "rev_growth_yoy_accel": 0.014762564131319614,
      "fcf_margin_change": -0.7038959176151751
    },
    {
      "date": "2023-06-30T00:00:00",
      "quarter_label": "2023-06 (Q2)",
      "revenue": 152543000,
      "gross_profit": 22368000,
      "operating_income": -71795000,
      "net_income": -73889000,
      "opex": 224338000,
      "cogs": 130175000,
      "rd": 23383000,
      "sga": null,
      "fcf": 65786000,
      "ocf": 74116000,
      "capex": -8330000,
      "gross_margin": 0.14663406383773755,
      "op_margin": -0.47065417619949784,
      "fcf_margin": 0.43126200481175797,
      "incr_op_margin_yoy": -3.28740770846034,
      "rev_growth_yoy": 0.10714907824067353,
      "rev_growth_yoy_accel": 0.004883569030425805,
      "op_leverage_ratio": Infinity,
      "fcf_margin_change": 0.7024644635132562
    },
    {
      "date": "2023-09-30T00:00:00",
      "quarter_label": "2023-09 (Q3)",
      "revenue": 150085000,
      "gross_profit": 65207000,
      "operating_income": -17843000,
      "net_income": -17477000,
      "opex": 167928000,
      "cogs": 84878000,
      "rd": 23537000,
      "sga": null,
      "fcf": 77654000,
      "ocf": 82059000,
      "capex": -4405000,
      "gross_margin": 0.43446713529000236,
      "op_margin": -0.11888596462004863,
      "fcf_margin": 0.5174001399207115,
      "incr_op_margin_yoy": 0.7756440281030444,
      "rev_growth_yoy": 0.029283681377087405,
      "rev_growth_yoy_accel": -0.07786539686358612,
      "fcf_margin_change": 0.08613813510895357
    },
    {
      "date": "2023-12-31T00:00:00",
      "quarter_label": "2023-12 (Q4)",
      "revenue": 186932000,
      "gross_profit": 116907000,
      "operating_income": 35124000,
      "net_income": 30914000,
      "opex": 151808000,
      "cogs": 70025000,
      "rd": 23183000,
      "sga": null,
      "fcf": 79460000,
      "ocf": 89085000,
      "capex": -9625000,
      "gross_margin": 0.6253985406457964,
      "op_margin": 0.1878972032610789,
      "fcf_margin": 0.4250743585902895,
      "incr_op_margin_yoy": 5.520332957599931,
      "rev_growth_yoy": 0.06575294043865701,
      "rev_growth_yoy_accel": 0.0364692590615696,
      "op_leverage_ratio": Infinity,
      "fcf_margin_change": -0.09232578133042202
    },
    {
      "date": "2024-03-31T00:00:00",
      "quarter_label": "2024-03 (Q1)",
      "revenue": 149319000,
      "gross_profit": 83417000,
      "operating_income": -13828000,
      "net_income": -17757000,
      "opex": 163147000,
      "cogs": 65902000,
      "rd": 26891000,
      "sga": null,
      "fcf": -66284000,
      "ocf": -60411000,
      "capex": -5873000,
      "gross_margin": 0.5586496025288141,
      "op_margin": -0.09260710291389575,
      "fcf_margin": -0.4439086787347893,
      "incr_op_margin_yoy": 4.521206114038291,
      "rev_growth_yoy": 0.1472839031886285,
      "rev_growth_yoy_accel": 0.08153096274997149,
      "fcf_margin_change": -0.8689830373250789
    },
    {
      "date": "2024-06-30T00:00:00",
      "quarter_label": "2024-06 (Q2)",
      "revenue": 162880000,
      "gross_profit": 100274000,
      "operating_income": 9574000,
      "net_income": -1078000,
      "opex": 153306000,
      "cogs": 62606000,
      "rd": 25829000,
      "sga": null,
      "fcf": 80400000,
      "ocf": 89567000,
      "capex": -9167000,
      "gross_margin": 0.6156311394891945,
      "op_margin": 0.058779469548133595,
      "fcf_margin": 0.49361493123772104,
      "incr_op_margin_yoy": 7.871626197155848,
      "rev_growth_yoy": 0.06776449919039222,
      "rev_growth_yoy_accel": -0.07951940399823627,
      "op_leverage_ratio": Infinity,
      "fcf_margin_change": 0.9375236099725104
    },
    {
      "date": "2024-09-30T00:00:00",
      "quarter_label": "2024-09 (Q3)",
      "revenue": 162003000,
      "gross_profit": 99459000,
      "operating_income": 15123000,
      "net_income": 5214000,
      "opex": 146880000,
      "cogs": 62544000,
      "rd": 20261000,
      "sga": null,
      "fcf": 77306000,
      "ocf": 91348000,
      "capex": -14042000,
      "gross_margin": 0.6139330753134201,
      "op_margin": 0.09335012314586767,
      "fcf_margin": 0.4771886940365302,
      "incr_op_margin_yoy": 2.7660681322369527,
      "rev_growth_yoy": 0.07940833527667655,
      "rev_growth_yoy_accel": 0.011643836086284332,
      "fcf_margin_change": -0.016426237201190852
    },
    {
      "date": "2024-12-31T00:00:00",
      "quarter_label": "2024-12 (Q4)",
      "revenue": 193968000,
      "gross_profit": 126182000,
      "operating_income": 40218000,
      "net_income": 36407000,
      "opex": 153750000,
      "cogs": 67786000,
      "rd": 22262000,
      "sga": null,
      "fcf": 110969000,
      "ocf": 114697000,
      "capex": -3728000,
      "gross_margin": 0.6505299843273117,
      "op_margin": 0.2073434793367978,
      "fcf_margin": 0.5720995215705683,
      "incr_op_margin_yoy": 0.7239909039226834,
      "rev_growth_yoy": 0.03763935548755697,
      "rev_growth_yoy_accel": -0.04176897978911958,
      "op_leverage_ratio": 4.218495387720864,
      "fcf_margin_change": 0.09491082753403812
    },
    {
      "date": "2025-03-31T00:00:00",
      "quarter_label": "2025-03 (Q1)",
      "revenue": 155771000,
      "gross_profit": 92972000,
      "operating_income": -1364000,
      "net_income": -9634000,
      "opex": 157135000,
      "cogs": 62799000,
      "rd": 22292000,
      "sga": null,
      "fcf": -11816000,
      "ocf": 2561000,
      "capex": -14377000,
      "gross_margin": 0.5968505049078455,
      "op_margin": -0.008756443753972177,
      "fcf_margin": -0.07585494090684403,
      "incr_op_margin_yoy": 1.9318040917544947,
      "rev_growth_yoy": 0.043209504483689286,
      "rev_growth_yoy_accel": 0.0055701489961323125,
      "fcf_margin_change": -0.6479544624774123
    },
    {
      "date": "2025-06-30T00:00:00",
      "quarter_label": "2025-06 (Q2)",
      "revenue": 173332000,
      "gross_profit": 108379000,
      "operating_income": 21959000,
      "net_income": 11139000,
      "opex": 151373000,
      "cogs": 64953000,
      "rd": 21583000,
      "sga": null,
      "fcf": 6014000,
      "ocf": 18528000,
      "capex": -12514000,
      "gross_margin": 0.6252682712943946,
      "op_margin": 0.12668751298086908,
      "fcf_margin": 0.034696420741698014,
      "incr_op_margin_yoy": 1.184940681209338,
      "rev_growth_yoy": 0.06416994106090373,
      "rev_growth_yoy_accel": 0.02096043657721445,
      "op_leverage_ratio": Infinity,
      "fcf_margin_change": 0.11055136164854204
    },
    {
      "date": "2025-09-30T00:00:00",
      "quarter_label": "2025-09 (Q3)",
      "revenue": 179494000,
      "gross_profit": 110138000,
      "operating_income": 25041000,
      "net_income": 20058000,
      "opex": 154453000,
      "cogs": 69356000,
      "rd": 20198000,
      "sga": null,
      "fcf": 68382000,
      "ocf": 86622000,
      "capex": -18240000,
      "gross_margin": 0.6136026830980422,
      "op_margin": 0.13950884152116505,
      "fcf_margin": 0.3809709516752649,
      "incr_op_margin_yoy": 0.5670344748727917,
      "rev_growth_yoy": 0.10796713641105411,
      "rev_growth_yoy_accel": 0.04379719535015038,
      "op_leverage_ratio": 1.7471920600687938,
      "fcf_margin_change": 0.34627453093356686
    }
  ],
  "signals": [
    {
      "quarter": "2025-09 (Q3)",
      "signal": "FCF MARGIN EXPANSION",
      "detail": "FCF margin: +3.5% -> +38.1% (+34.6%)",
      "severity": "MEDIUM"
    },
    {
      "quarter": "2025-09 (Q3)",
      "signal": "OPERATING LEVERAGE",
      "detail": "Rev growth +3.6% vs OpEx growth +2.0% (leverage: 1.7x)",
      "severity": "MEDIUM"
    },
    {
      "quarter": "2025-09 (Q3)",
      "signal": "INCREMENTAL MARGIN (YoY)",
      "detail": "YoY Incr OPM: +56.7% vs year-ago OPM: +9.3%",
      "severity": "HIGH"
    },
    {
      "quarter": "2025-06 (Q2)",
      "signal": "FCF TURNED POSITIVE",
      "detail": "FCF margin: -7.6% -> +3.5%",
      "severity": "HIGH"
    },
    {
      "quarter": "2025-06 (Q2)",
      "signal": "GROSS MARGIN INFLECTION",
      "detail": "GM: +65.1% -> +59.7% -> +62.5% (reversal +2.8%)",
      "severity": "MEDIUM"
    },
    {
      "quarter": "2025-06 (Q2)",
      "signal": "INCREMENTAL MARGIN (YoY)",
      "detail": "YoY Incr OPM: +118.5% vs year-ago OPM: +5.9%",
      "severity": "HIGH"
    },
    {
      "quarter": "2025-06 (Q2)",
      "signal": "OP MARGIN TURNED POSITIVE (QoQ)",
      "detail": "Op margin: -0.9% -> +12.7%",
      "severity": "HIGH"
    },
    {
      "quarter": "2024-12 (Q4)",
      "signal": "FCF MARGIN EXPANSION",
      "detail": "FCF margin: +47.7% -> +57.2% (+9.5%)",
      "severity": "MEDIUM"
    },
    {
      "quarter": "2024-12 (Q4)",
      "signal": "OPERATING LEVERAGE",
      "detail": "Rev growth +19.7% vs OpEx growth +4.7% (leverage: 4.2x)",
      "severity": "MEDIUM"
    },
    {
      "quarter": "2024-12 (Q4)",
      "signal": "GROSS MARGIN INFLECTION",
      "detail": "GM: +61.6% -> +61.4% -> +65.1% (reversal +3.7%)",
      "severity": "MEDIUM"
    },
    {
      "quarter": "2024-12 (Q4)",
      "signal": "INCREMENTAL MARGIN (YoY)",
      "detail": "YoY Incr OPM: +72.4% vs year-ago OPM: +18.8%",
      "severity": "HIGH"
    },
    {
      "quarter": "2024-09 (Q3)",
      "signal": "OP MARGIN TURNED POSITIVE (YoY)",
      "detail": "Op margin: -11.9% (year-ago) -> +9.3%",
      "severity": "HIGH"
    },
    {
      "quarter": "2024-06 (Q2)",
      "signal": "FCF TURNED POSITIVE",
      "detail": "FCF margin: -44.4% -> +49.4%",
      "severity": "HIGH"
    },
    {
      "quarter": "2024-06 (Q2)",
      "signal": "GROSS MARGIN INFLECTION",
      "detail": "GM: +62.5% -> +55.9% -> +61.6% (reversal +5.7%)",
      "severity": "HIGH"
    },
    {
      "quarter": "2024-06 (Q2)",
      "signal": "YoY REVENUE GROWTH DECELERATION",
      "detail": "YoY growth: +6.8% vs prior quarter YoY: +14.7% (decel: -8.0%)",
      "severity": "WARNING"
    },
    {
      "quarter": "2024-06 (Q2)",
      "signal": "OP MARGIN TURNED POSITIVE (YoY)",
      "detail": "Op margin: -47.1% (year-ago) -> +5.9%",
      "severity": "HIGH"
    },
    {
      "quarter": "2024-06 (Q2)",
      "signal": "OP MARGIN TURNED POSITIVE (QoQ)",
      "detail": "Op margin: -9.3% -> +5.9%",
      "severity": "HIGH"
    },
    {
      "quarter": "2024-03 (Q1)",
      "signal": "YoY REVENUE GROWTH ACCELERATION",
      "detail": "YoY growth: +14.7% vs prior quarter YoY: +6.6% (accel: +8.2%)",
      "severity": "MEDIUM"
    },
    {
      "quarter": "2023-12 (Q4)",
      "signal": "OP MARGIN TURNED POSITIVE (YoY)",
      "detail": "Op margin: -16.3% (year-ago) -> +18.8%",
      "severity": "HIGH"
    },
    {
      "quarter": "2023-12 (Q4)",
      "signal": "OP MARGIN TURNED POSITIVE (QoQ)",
      "detail": "Op margin: -11.9% -> +18.8%",
      "severity": "HIGH"
    },
    {
      "quarter": "2023-09 (Q3)",
      "signal": "FCF MARGIN EXPANSION",
      "detail": "FCF margin: +43.1% -> +51.7% (+8.6%)",
      "severity": "MEDIUM"
    },
    {
      "quarter": "2023-09 (Q3)",
      "signal": "YoY REVENUE GROWTH DECELERATION",
      "detail": "YoY growth: +2.9% vs prior quarter YoY: +10.7% (decel: -7.8%)",
      "severity": "WARNING"
    },
    {
      "quarter": "2023-06 (Q2)",
      "signal": "FCF TURNED POSITIVE",
      "detail": "FCF margin: -27.1% -> +43.1%",
      "severity": "HIGH"
    },
    {
      "quarter": "2023-06 (Q2)",
      "signal": "GROSS MARGIN INFLECTION",
      "detail": "GM: +36.7% -> +4.1% -> +14.7% (reversal +10.6%)",
      "severity": "HIGH"
    },
    {
      "quarter": "2022-12 (Q4)",
      "signal": "FCF MARGIN EXPANSION",
      "detail": "FCF margin: +20.9% -> +43.3% (+22.3%)",
      "severity": "MEDIUM"
    },
    {
      "quarter": "2022-09 (Q3)",
      "signal": "OPERATING LEVERAGE",
      "detail": "Rev growth +5.8% vs OpEx growth +3.7% (leverage: 1.6x)",
      "severity": "MEDIUM"
    },
    {
      "quarter": "2022-09 (Q3)",
      "signal": "YoY REVENUE GROWTH DECELERATION",
      "detail": "YoY growth: +10.6% vs prior quarter YoY: +20.3% (decel: -9.7%)",
      "severity": "WARNING"
    },
    {
      "quarter": "2022-06 (Q2)",
      "signal": "FCF MARGIN EXPANSION",
      "detail": "FCF margin: +12.2% -> +29.6% (+17.4%)",
      "severity": "MEDIUM"
    },
    {
      "quarter": "2022-06 (Q2)",
      "signal": "OPERATING LEVERAGE",
      "detail": "Rev growth +16.7% vs OpEx growth +2.0% (leverage: 8.4x)",
      "severity": "MEDIUM"
    },
    {
      "quarter": "2022-06 (Q2)",
      "signal": "GROSS MARGIN INFLECTION",
      "detail": "GM: +58.6% -> +49.7% -> +52.8% (reversal +3.1%)",
      "severity": "MEDIUM"
    },
    {
      "quarter": "2022-06 (Q2)",
      "signal": "YoY REVENUE GROWTH DECELERATION",
      "detail": "YoY growth: +20.3% vs prior quarter YoY: +94.5% (decel: -74.2%)",
      "severity": "WARNING"
    },
    {
      "quarter": "2021-12 (Q4)",
      "signal": "FCF MARGIN EXPANSION",
      "detail": "FCF margin: +20.9% -> +40.2% (+19.3%)",
      "severity": "MEDIUM"
    },
    {
      "quarter": "2021-12 (Q4)",
      "signal": "OPERATING LEVERAGE",
      "detail": "Rev growth +22.3% vs OpEx growth +1.2% (leverage: 19.0x)",
      "severity": "MEDIUM"
    },
    {
      "quarter": "2021-12 (Q4)",
      "signal": "GROSS MARGIN INFLECTION",
      "detail": "GM: +55.9% -> +51.8% -> +58.6% (reversal +6.7%)",
      "severity": "HIGH"
    },
    {
      "quarter": "2021-12 (Q4)",
      "signal": "OP MARGIN TURNED POSITIVE (QoQ)",
      "detail": "Op margin: -18.2% -> +2.3%",
      "severity": "HIGH"
    },
    {
      "quarter": "2021-06 (Q2)",
      "signal": "FCF TURNED POSITIVE",
      "detail": "FCF margin: -4.2% -> +16.6%",
      "severity": "HIGH"
    }
  ],
  "data_quality": {
    "n_quarters": 20,
    "coverage": {
      "revenue": [
        20,
        20
      ],
      "gross_profit": [
        20,
        20
      ],
      "op_income": [
        20,
        20
      ],
      "fcf": [
        20,
        20
      ]
    },
    "gaps": [],
    "warnings": []
  },
  "market_cap": null,
  "source": "SEC EDGAR",
  "last_updated": "2026-02-02T21:34:10.426771"
}