{
  "ticker": "MGNX",
  "name": "MACROGENICS, INC.",
  "quarters": [
    {
      "date": "2020-12-31T00:00:00",
      "quarter_label": "2020-12 (Q4)",
      "revenue": 52691000,
      "gross_profit": 52691000,
      "operating_income": -2170000,
      "net_income": -2087000,
      "opex": 54861000,
      "cogs": 0,
      "rd": 42300000,
      "sga": null,
      "fcf": -9093000,
      "ocf": -5533000,
      "capex": -3560000,
      "gross_margin": 1.0,
      "op_margin": -0.041183503824182496,
      "fcf_margin": -0.17257216602455827
    },
    {
      "date": "2021-03-31T00:00:00",
      "quarter_label": "2021-03 (Q1)",
      "revenue": 16881000,
      "gross_profit": 16864000,
      "operating_income": -51293000,
      "net_income": -51272000,
      "opex": 68174000,
      "cogs": 17000,
      "rd": 53121000,
      "sga": null,
      "fcf": -29662000,
      "ocf": -29036000,
      "capex": -626000,
      "gross_margin": 0.998992950654582,
      "op_margin": -3.038504827913038,
      "fcf_margin": -1.757123393163912,
      "fcf_margin_change": -1.5845512271393538
    },
    {
      "date": "2021-06-30T00:00:00",
      "quarter_label": "2021-06 (Q2)",
      "revenue": 30757000,
      "gross_profit": 30735000,
      "operating_income": -40279000,
      "net_income": -39935000,
      "opex": 71036000,
      "cogs": 22000,
      "rd": 55780000,
      "sga": null,
      "fcf": -47757000,
      "ocf": -45690000,
      "capex": -2067000,
      "gross_margin": 0.9992847156744806,
      "op_margin": -1.3095880612543487,
      "fcf_margin": -1.5527197060831681,
      "op_leverage_ratio": 19.5801163494484,
      "fcf_margin_change": 0.20440368708074397
    },
    {
      "date": "2021-09-30T00:00:00",
      "quarter_label": "2021-09 (Q3)",
      "revenue": 15662000,
      "gross_profit": 13997000,
      "operating_income": -52987000,
      "net_income": -52886000,
      "opex": 68649000,
      "cogs": 1665000,
      "rd": 49823000,
      "sga": null,
      "fcf": -16928000,
      "ocf": -14795000,
      "capex": -2133000,
      "gross_margin": 0.8936917379645001,
      "op_margin": -3.383156684969991,
      "fcf_margin": -1.0808325884305963,
      "fcf_margin_change": 0.47188711765257185
    },
    {
      "date": "2021-12-31T00:00:00",
      "quarter_label": "2021-12 (Q4)",
      "revenue": 14147000,
      "gross_profit": 13200000,
      "operating_income": -58236000,
      "net_income": -58022000,
      "opex": 72383000,
      "cogs": 947000,
      "rd": 55853000,
      "sga": null,
      "fcf": -55684000,
      "ocf": -54309000,
      "capex": -1375000,
      "gross_margin": 0.9330600127235457,
      "op_margin": -4.1164911288612425,
      "fcf_margin": -3.936099526401357,
      "incr_op_margin_yoy": 1.4545973432959733,
      "rev_growth_yoy": -0.7315101250687973,
      "fcf_margin_change": -2.855266937970761
    },
    {
      "date": "2022-03-31T00:00:00",
      "quarter_label": "2022-03 (Q1)",
      "revenue": 11101000,
      "gross_profit": 11053000,
      "operating_income": -66638000,
      "net_income": -66443000,
      "opex": 77739000,
      "cogs": 48000,
      "rd": 61438000,
      "sga": null,
      "fcf": -59111000,
      "ocf": -57696000,
      "capex": -1415000,
      "gross_margin": 0.9956760652193496,
      "op_margin": -6.002882623187101,
      "fcf_margin": -5.32483560039636,
      "incr_op_margin_yoy": 2.6548442906574397,
      "rev_growth_yoy": -0.3423967774420947,
      "rev_growth_yoy_accel": 0.38911334762670263,
      "fcf_margin_change": -1.3887360739950032
    },
    {
      "date": "2022-06-30T00:00:00",
      "quarter_label": "2022-06 (Q2)",
      "revenue": 26007000,
      "gross_profit": 25827000,
      "operating_income": -41808000,
      "net_income": -41304000,
      "opex": 67815000,
      "cogs": 180000,
      "rd": 51744000,
      "sga": null,
      "fcf": -50172000,
      "ocf": -49161000,
      "capex": -1011000,
      "gross_margin": 0.9930787864805629,
      "op_margin": -1.6075671934479179,
      "fcf_margin": -1.9291729149844272,
      "incr_op_margin_yoy": 0.3218947368421053,
      "rev_growth_yoy": -0.1544363884644146,
      "rev_growth_yoy_accel": 0.18796038897768008,
      "op_leverage_ratio": Infinity,
      "fcf_margin_change": 3.395662685411933
    },
    {
      "date": "2022-09-30T00:00:00",
      "quarter_label": "2022-09 (Q3)",
      "revenue": 41734000,
      "gross_profit": 38727000,
      "operating_income": -24955000,
      "net_income": -24813000,
      "opex": 66689000,
      "cogs": 3007000,
      "rd": 48191000,
      "sga": null,
      "fcf": -10226000,
      "ocf": -9422000,
      "capex": -804000,
      "gross_margin": 0.9279484353285091,
      "op_margin": -0.5979537068097953,
      "fcf_margin": -0.24502803469593137,
      "incr_op_margin_yoy": 1.075176434489107,
      "rev_growth_yoy": 1.6646660707444771,
      "rev_growth_yoy_accel": 1.8191024592088918,
      "op_leverage_ratio": Infinity,
      "fcf_margin_change": 1.6841448802884957
    },
    {
      "date": "2022-12-31T00:00:00",
      "quarter_label": "2022-12 (Q4)",
      "revenue": 73099000,
      "gross_profit": 72983000,
      "operating_income": 11983000,
      "net_income": 12802000,
      "opex": 61116000,
      "cogs": 116000,
      "rd": 45653000,
      "sga": null,
      "fcf": 28927000,
      "ocf": 29320000,
      "capex": -393000,
      "gross_margin": 0.9984131109864705,
      "op_margin": 0.16392837111314792,
      "fcf_margin": 0.3957236077100918,
      "incr_op_margin_yoy": 1.191121590446465,
      "rev_growth_yoy": 4.167102565915035,
      "rev_growth_yoy_accel": 2.5024364951705573,
      "op_leverage_ratio": Infinity,
      "fcf_margin_change": 0.6407516424060231
    },
    {
      "date": "2023-03-31T00:00:00",
      "quarter_label": "2023-03 (Q1)",
      "revenue": 24496000,
      "gross_profit": 24383000,
      "operating_income": -38426000,
      "net_income": -38009000,
      "opex": 62922000,
      "cogs": 113000,
      "rd": 45872000,
      "sga": null,
      "fcf": -13192000,
      "ocf": -12833000,
      "capex": -359000,
      "gross_margin": 0.9953870019595036,
      "op_margin": -1.5686642717178314,
      "fcf_margin": -0.538536903984324,
      "incr_op_margin_yoy": 2.106159014557671,
      "rev_growth_yoy": 1.20664804972525,
      "rev_growth_yoy_accel": -2.9604545161897846,
      "fcf_margin_change": -0.9342605116944158
    },
    {
      "date": "2023-06-30T00:00:00",
      "quarter_label": "2023-06 (Q2)",
      "revenue": 13136000,
      "gross_profit": 12878000,
      "operating_income": -44962000,
      "net_income": 57469000,
      "opex": 58098000,
      "cogs": 258000,
      "rd": 43229000,
      "sga": null,
      "fcf": -2375000,
      "ocf": -2089000,
      "capex": -286000,
      "gross_margin": 0.9803593179049939,
      "op_margin": -3.4228075517661387,
      "fcf_margin": -0.1808008526187576,
      "incr_op_margin_yoy": 0.24504700489472458,
      "rev_growth_yoy": -0.4949052178259699,
      "rev_growth_yoy_accel": -1.70155326755122,
      "fcf_margin_change": 0.35773605136556635
    },
    {
      "date": "2023-09-30T00:00:00",
      "quarter_label": "2023-09 (Q3)",
      "revenue": 10397000,
      "gross_profit": 10312000,
      "operating_income": -35502000,
      "net_income": 17554000,
      "opex": 45899000,
      "cogs": 85000,
      "rd": 30131000,
      "sga": null,
      "fcf": -35745000,
      "ocf": -35246000,
      "capex": -499000,
      "gross_margin": 0.9918245647783014,
      "op_margin": -3.4146388381263826,
      "fcf_margin": -3.4380109647013564,
      "incr_op_margin_yoy": 0.3365669974790184,
      "rev_growth_yoy": -0.7508745866679446,
      "rev_growth_yoy_accel": -0.2559693688419747,
      "fcf_margin_change": -3.257210112082599
    },
    {
      "date": "2023-12-31T00:00:00",
      "quarter_label": "2023-12 (Q4)",
      "revenue": 10720000,
      "gross_profit": 10557000,
      "operating_income": -49354000,
      "net_income": -46072000,
      "opex": 60074000,
      "cogs": 163000,
      "rd": 47351000,
      "sga": null,
      "fcf": -28657000,
      "ocf": -28037000,
      "capex": -620000,
      "gross_margin": 0.984794776119403,
      "op_margin": -4.603917910447761,
      "fcf_margin": -2.6732276119402987,
      "incr_op_margin_yoy": 0.9832956603985316,
      "rev_growth_yoy": -0.8533495670255407,
      "rev_growth_yoy_accel": -0.10247498035759606,
      "op_leverage_ratio": 0.1005945922197405,
      "fcf_margin_change": 0.7647833527610577
    },
    {
      "date": "2024-03-31T00:00:00",
      "quarter_label": "2024-03 (Q1)",
      "revenue": 9104000,
      "gross_profit": 8834000,
      "operating_income": -53750000,
      "net_income": -52190000,
      "opex": 62854000,
      "cogs": 270000,
      "rd": 46029000,
      "sga": null,
      "fcf": -47102000,
      "ocf": -45643000,
      "capex": -1459000,
      "gross_margin": 0.9703427065026362,
      "op_margin": -5.903998242530756,
      "fcf_margin": -5.173769771528998,
      "incr_op_margin_yoy": 0.9955821205821206,
      "rev_growth_yoy": -0.6283474853037231,
      "rev_growth_yoy_accel": 0.22500208172181757,
      "fcf_margin_change": -2.5005421595886994
    },
    {
      "date": "2024-06-30T00:00:00",
      "quarter_label": "2024-06 (Q2)",
      "revenue": 10797000,
      "gross_profit": 10621000,
      "operating_income": -58181000,
      "net_income": -55664000,
      "opex": 68978000,
      "cogs": 176000,
      "rd": 51732000,
      "sga": null,
      "fcf": -45520000,
      "ocf": -44485000,
      "capex": -1035000,
      "gross_margin": 0.9836991756969529,
      "op_margin": -5.388626470315828,
      "fcf_margin": -4.215985922015375,
      "incr_op_margin_yoy": 5.651560495938435,
      "rev_growth_yoy": -0.17806029232643117,
      "rev_growth_yoy_accel": 0.4502871929772919,
      "op_leverage_ratio": 1.9086330869700472,
      "fcf_margin_change": 0.957783849513623
    },
    {
      "date": "2024-09-30T00:00:00",
      "quarter_label": "2024-09 (Q3)",
      "revenue": 110708000,
      "gross_profit": 110540000,
      "operating_income": 54191000,
      "net_income": 56309000,
      "opex": 56517000,
      "cogs": 168000,
      "rd": 40543000,
      "sga": null,
      "fcf": 59570000,
      "ocf": 60162000,
      "capex": -592000,
      "gross_margin": 0.9984824944900098,
      "op_margin": 0.4894948874516747,
      "fcf_margin": 0.5380821620840409,
      "incr_op_margin_yoy": 0.8941491960004386,
      "rev_growth_yoy": 9.648071559103588,
      "rev_growth_yoy_accel": 9.82613185143002,
      "op_leverage_ratio": Infinity,
      "fcf_margin_change": 4.754068084099416
    },
    {
      "date": "2024-12-31T00:00:00",
      "quarter_label": "2024-12 (Q4)",
      "revenue": 19353000,
      "gross_profit": 19120000,
      "operating_income": -52837000,
      "net_income": -15421000,
      "opex": 72190000,
      "cogs": 233000,
      "rd": 38890000,
      "sga": null,
      "fcf": -39027000,
      "ocf": -38407000,
      "capex": -620000,
      "gross_margin": 0.9879605229163437,
      "op_margin": -2.7301710329147935,
      "fcf_margin": -2.016586575724694,
      "incr_op_margin_yoy": -0.40345187072859956,
      "rev_growth_yoy": 0.8053171641791045,
      "rev_growth_yoy_accel": -8.842754394924484,
      "fcf_margin_change": -2.554668737808735
    },
    {
      "date": "2025-03-31T00:00:00",
      "quarter_label": "2025-03 (Q1)",
      "revenue": 13192000,
      "gross_profit": 13192000,
      "operating_income": -42624000,
      "net_income": -41036000,
      "opex": 55816000,
      "cogs": 0,
      "rd": 39698000,
      "sga": null,
      "fcf": -47419000,
      "ocf": -46890000,
      "capex": -529000,
      "gross_margin": 1.0,
      "op_margin": -3.2310491206791996,
      "fcf_margin": -3.594526986052153,
      "incr_op_margin_yoy": 2.721624266144814,
      "rev_growth_yoy": 0.44903339191564146,
      "rev_growth_yoy_accel": -0.356283772263463,
      "fcf_margin_change": -1.577940410327459
    },
    {
      "date": "2025-06-30T00:00:00",
      "quarter_label": "2025-06 (Q2)",
      "revenue": 22241000,
      "gross_profit": 22241000,
      "operating_income": -36758000,
      "net_income": -36251000,
      "opex": 58999000,
      "cogs": 0,
      "rd": 40791000,
      "sga": null,
      "fcf": -47700000,
      "ocf": -46985000,
      "capex": -715000,
      "gross_margin": 1.0,
      "op_margin": -1.6527134571287263,
      "fcf_margin": -2.1446877388606627,
      "incr_op_margin_yoy": 1.8719853198182455,
      "rev_growth_yoy": 1.059924052977679,
      "rev_growth_yoy_accel": 0.6108906610620375,
      "op_leverage_ratio": 12.02851507792211,
      "fcf_margin_change": 1.4498392471914903
    },
    {
      "date": "2025-09-30T00:00:00",
      "quarter_label": "2025-09 (Q3)",
      "revenue": 72839000,
      "gross_profit": 72839000,
      "operating_income": 18636000,
      "net_income": 16822000,
      "opex": 54203000,
      "cogs": 0,
      "rd": 32709000,
      "sga": null,
      "fcf": -30612000,
      "ocf": -30186000,
      "capex": -426000,
      "gross_margin": 1.0,
      "op_margin": 0.25585194744573647,
      "fcf_margin": -0.42026936119386593,
      "incr_op_margin_yoy": 0.9388946103673189,
      "rev_growth_yoy": -0.3420620009394082,
      "rev_growth_yoy_accel": -1.4019860539170872,
      "op_leverage_ratio": Infinity,
      "fcf_margin_change": 1.7244183776667967
    }
  ],
  "signals": [
    {
      "quarter": "2025-09 (Q3)",
      "signal": "FCF MARGIN EXPANSION",
      "detail": "FCF margin: -214.5% -> -42.0% (+172.4%)",
      "severity": "MEDIUM"
    },
    {
      "quarter": "2025-09 (Q3)",
      "signal": "YoY REVENUE GROWTH DECELERATION",
      "detail": "YoY growth: -34.2% vs prior quarter YoY: +106.0% (decel: -140.2%)",
      "severity": "WARNING"
    },
    {
      "quarter": "2025-09 (Q3)",
      "signal": "INCREMENTAL MARGIN (YoY)",
      "detail": "YoY Incr OPM: +93.9% vs year-ago OPM: +48.9%",
      "severity": "HIGH"
    },
    {
      "quarter": "2025-09 (Q3)",
      "signal": "OP MARGIN TURNED POSITIVE (QoQ)",
      "detail": "Op margin: -165.3% -> +25.6%",
      "severity": "HIGH"
    },
    {
      "quarter": "2025-06 (Q2)",
      "signal": "FCF MARGIN EXPANSION",
      "detail": "FCF margin: -359.5% -> -214.5% (+145.0%)",
      "severity": "MEDIUM"
    },
    {
      "quarter": "2025-06 (Q2)",
      "signal": "OPERATING LEVERAGE",
      "detail": "Rev growth +68.6% vs OpEx growth +5.7% (leverage: 12.0x)",
      "severity": "MEDIUM"
    },
    {
      "quarter": "2025-06 (Q2)",
      "signal": "YoY REVENUE GROWTH ACCELERATION",
      "detail": "YoY growth: +106.0% vs prior quarter YoY: +44.9% (accel: +61.1%)",
      "severity": "HIGH"
    },
    {
      "quarter": "2025-03 (Q1)",
      "signal": "YoY REVENUE GROWTH DECELERATION",
      "detail": "YoY growth: +44.9% vs prior quarter YoY: +80.5% (decel: -35.6%)",
      "severity": "WARNING"
    },
    {
      "quarter": "2024-12 (Q4)",
      "signal": "YoY REVENUE GROWTH DECELERATION",
      "detail": "YoY growth: +80.5% vs prior quarter YoY: +964.8% (decel: -884.3%)",
      "severity": "WARNING"
    },
    {
      "quarter": "2024-09 (Q3)",
      "signal": "FCF TURNED POSITIVE",
      "detail": "FCF margin: -421.6% -> +53.8%",
      "severity": "HIGH"
    },
    {
      "quarter": "2024-09 (Q3)",
      "signal": "YoY REVENUE GROWTH ACCELERATION",
      "detail": "YoY growth: +964.8% vs prior quarter YoY: -17.8% (accel: +982.6%)",
      "severity": "HIGH"
    },
    {
      "quarter": "2024-09 (Q3)",
      "signal": "OP MARGIN TURNED POSITIVE (YoY)",
      "detail": "Op margin: -341.5% (year-ago) -> +48.9%",
      "severity": "HIGH"
    },
    {
      "quarter": "2024-09 (Q3)",
      "signal": "OP MARGIN TURNED POSITIVE (QoQ)",
      "detail": "Op margin: -538.9% -> +48.9%",
      "severity": "HIGH"
    },
    {
      "quarter": "2024-06 (Q2)",
      "signal": "FCF MARGIN EXPANSION",
      "detail": "FCF margin: -517.4% -> -421.6% (+95.8%)",
      "severity": "MEDIUM"
    },
    {
      "quarter": "2024-06 (Q2)",
      "signal": "OPERATING LEVERAGE",
      "detail": "Rev growth +18.6% vs OpEx growth +9.7% (leverage: 1.9x)",
      "severity": "MEDIUM"
    },
    {
      "quarter": "2024-06 (Q2)",
      "signal": "YoY REVENUE GROWTH ACCELERATION",
      "detail": "YoY growth: -17.8% vs prior quarter YoY: -62.8% (accel: +45.0%)",
      "severity": "HIGH"
    },
    {
      "quarter": "2024-03 (Q1)",
      "signal": "YoY REVENUE GROWTH ACCELERATION",
      "detail": "YoY growth: -62.8% vs prior quarter YoY: -85.3% (accel: +22.5%)",
      "severity": "HIGH"
    },
    {
      "quarter": "2023-12 (Q4)",
      "signal": "FCF MARGIN EXPANSION",
      "detail": "FCF margin: -343.8% -> -267.3% (+76.5%)",
      "severity": "MEDIUM"
    },
    {
      "quarter": "2023-12 (Q4)",
      "signal": "YoY REVENUE GROWTH DECELERATION",
      "detail": "YoY growth: -85.3% vs prior quarter YoY: -75.1% (decel: -10.2%)",
      "severity": "WARNING"
    },
    {
      "quarter": "2023-09 (Q3)",
      "signal": "YoY REVENUE GROWTH DECELERATION",
      "detail": "YoY growth: -75.1% vs prior quarter YoY: -49.5% (decel: -25.6%)",
      "severity": "WARNING"
    },
    {
      "quarter": "2023-06 (Q2)",
      "signal": "FCF MARGIN EXPANSION",
      "detail": "FCF margin: -53.9% -> -18.1% (+35.8%)",
      "severity": "MEDIUM"
    },
    {
      "quarter": "2023-06 (Q2)",
      "signal": "YoY REVENUE GROWTH DECELERATION",
      "detail": "YoY growth: -49.5% vs prior quarter YoY: +120.7% (decel: -170.2%)",
      "severity": "WARNING"
    },
    {
      "quarter": "2023-03 (Q1)",
      "signal": "YoY REVENUE GROWTH DECELERATION",
      "detail": "YoY growth: +120.7% vs prior quarter YoY: +416.7% (decel: -296.0%)",
      "severity": "WARNING"
    },
    {
      "quarter": "2022-12 (Q4)",
      "signal": "FCF TURNED POSITIVE",
      "detail": "FCF margin: -24.5% -> +39.6%",
      "severity": "HIGH"
    },
    {
      "quarter": "2022-12 (Q4)",
      "signal": "GROSS MARGIN INFLECTION",
      "detail": "GM: +99.3% -> +92.8% -> +99.8% (reversal +7.0%)",
      "severity": "HIGH"
    },
    {
      "quarter": "2022-12 (Q4)",
      "signal": "YoY REVENUE GROWTH ACCELERATION",
      "detail": "YoY growth: +416.7% vs prior quarter YoY: +166.5% (accel: +250.2%)",
      "severity": "HIGH"
    },
    {
      "quarter": "2022-12 (Q4)",
      "signal": "OP MARGIN TURNED POSITIVE (YoY)",
      "detail": "Op margin: -411.6% (year-ago) -> +16.4%",
      "severity": "HIGH"
    },
    {
      "quarter": "2022-12 (Q4)",
      "signal": "OP MARGIN TURNED POSITIVE (QoQ)",
      "detail": "Op margin: -59.8% -> +16.4%",
      "severity": "HIGH"
    },
    {
      "quarter": "2022-09 (Q3)",
      "signal": "FCF MARGIN EXPANSION",
      "detail": "FCF margin: -192.9% -> -24.5% (+168.4%)",
      "severity": "MEDIUM"
    },
    {
      "quarter": "2022-09 (Q3)",
      "signal": "YoY REVENUE GROWTH ACCELERATION",
      "detail": "YoY growth: +166.5% vs prior quarter YoY: -15.4% (accel: +181.9%)",
      "severity": "HIGH"
    },
    {
      "quarter": "2022-06 (Q2)",
      "signal": "FCF MARGIN EXPANSION",
      "detail": "FCF margin: -532.5% -> -192.9% (+339.6%)",
      "severity": "MEDIUM"
    },
    {
      "quarter": "2022-06 (Q2)",
      "signal": "YoY REVENUE GROWTH ACCELERATION",
      "detail": "YoY growth: -15.4% vs prior quarter YoY: -34.2% (accel: +18.8%)",
      "severity": "HIGH"
    },
    {
      "quarter": "2022-03 (Q1)",
      "signal": "YoY REVENUE GROWTH ACCELERATION",
      "detail": "YoY growth: -34.2% vs prior quarter YoY: -73.2% (accel: +38.9%)",
      "severity": "HIGH"
    },
    {
      "quarter": "2021-12 (Q4)",
      "signal": "GROSS MARGIN INFLECTION",
      "detail": "GM: +99.9% -> +89.4% -> +93.3% (reversal +3.9%)",
      "severity": "MEDIUM"
    },
    {
      "quarter": "2021-09 (Q3)",
      "signal": "FCF MARGIN EXPANSION",
      "detail": "FCF margin: -155.3% -> -108.1% (+47.2%)",
      "severity": "MEDIUM"
    },
    {
      "quarter": "2021-06 (Q2)",
      "signal": "FCF MARGIN EXPANSION",
      "detail": "FCF margin: -175.7% -> -155.3% (+20.4%)",
      "severity": "MEDIUM"
    },
    {
      "quarter": "2021-06 (Q2)",
      "signal": "OPERATING LEVERAGE",
      "detail": "Rev growth +82.2% vs OpEx growth +4.2% (leverage: 19.6x)",
      "severity": "MEDIUM"
    }
  ],
  "data_quality": {
    "n_quarters": 20,
    "coverage": {
      "revenue": [
        20,
        20
      ],
      "gross_profit": [
        20,
        20
      ],
      "op_income": [
        20,
        20
      ],
      "fcf": [
        20,
        20
      ]
    },
    "gaps": [],
    "warnings": []
  },
  "market_cap": null,
  "source": "SEC EDGAR",
  "last_updated": "2026-02-02T23:17:24.016987"
}