{
  "ticker": "MGPI",
  "name": "MGP INGREDIENTS, INC.",
  "quarters": [
    {
      "date": "2020-12-31T00:00:00",
      "quarter_label": "2020-12 (Q4)",
      "revenue": 100915000,
      "gross_profit": 31731000,
      "operating_income": 15543000,
      "net_income": 11632000,
      "opex": 16188000,
      "cogs": 69184000,
      "rd": null,
      "sga": 16188000,
      "fcf": 17604000,
      "ocf": 23798000,
      "capex": -6194000,
      "gross_margin": 0.3144329386117029,
      "op_margin": 0.15402071049893476,
      "fcf_margin": 0.17444383887430015
    },
    {
      "date": "2021-03-31T00:00:00",
      "quarter_label": "2021-03 (Q1)",
      "revenue": 108323000,
      "gross_profit": 32299000,
      "operating_income": 20500000,
      "net_income": 15427000,
      "opex": 11799000,
      "cogs": 76024000,
      "rd": null,
      "sga": 11799000,
      "fcf": 4931000,
      "ocf": 16990000,
      "capex": -12059000,
      "gross_margin": 0.2981730565069284,
      "op_margin": 0.18924882065673956,
      "fcf_margin": 0.045521265105286965,
      "op_leverage_ratio": Infinity,
      "fcf_margin_change": -0.12892257376901317
    },
    {
      "date": "2021-06-30T00:00:00",
      "quarter_label": "2021-06 (Q2)",
      "revenue": 174939000,
      "gross_profit": 56827000,
      "operating_income": 27663000,
      "net_income": 20135000,
      "opex": 29164000,
      "cogs": 118112000,
      "rd": null,
      "sga": 29164000,
      "fcf": 24187000,
      "ocf": 30464000,
      "capex": -6277000,
      "gross_margin": 0.32483894386043133,
      "op_margin": 0.15812940510692297,
      "fcf_margin": 0.13825962192535685,
      "op_leverage_ratio": 0.4178575810766586,
      "fcf_margin_change": 0.09273835682006988
    },
    {
      "date": "2021-09-30T00:00:00",
      "quarter_label": "2021-09 (Q3)",
      "revenue": 176611000,
      "gross_profit": 57086000,
      "operating_income": 32884000,
      "net_income": 23876000,
      "opex": 24202000,
      "cogs": 119525000,
      "rd": null,
      "sga": 24202000,
      "fcf": 4410000,
      "ocf": 23331000,
      "capex": -18921000,
      "gross_margin": 0.3232301498774142,
      "op_margin": 0.18619451789526134,
      "fcf_margin": 0.02497013209822718,
      "fcf_margin_change": -0.11328948982712966
    },
    {
      "date": "2021-12-31T00:00:00",
      "quarter_label": "2021-12 (Q4)",
      "revenue": 166847000,
      "gross_profit": 52753000,
      "operating_income": 45316000,
      "net_income": 31869000,
      "opex": 7437000,
      "cogs": 114094000,
      "rd": null,
      "sga": 17552000,
      "fcf": 7346000,
      "ocf": 17478000,
      "capex": -10132000,
      "gross_margin": 0.3161758976787116,
      "op_margin": 0.27160212649912796,
      "fcf_margin": 0.04402836131305927,
      "incr_op_margin_yoy": 0.45157131590123156,
      "rev_growth_yoy": 0.653341921419016,
      "fcf_margin_change": 0.01905822921483209
    },
    {
      "date": "2022-03-31T00:00:00",
      "quarter_label": "2022-03 (Q1)",
      "revenue": 195235000,
      "gross_profit": 71821000,
      "operating_income": 50080000,
      "net_income": 37437000,
      "opex": 21741000,
      "cogs": 123414000,
      "rd": null,
      "sga": 16266000,
      "fcf": 11588000,
      "ocf": 22230000,
      "capex": -10642000,
      "gross_margin": 0.3678694906138756,
      "op_margin": 0.25651138371705895,
      "fcf_margin": 0.05935411171152714,
      "incr_op_margin_yoy": 0.3403442562592047,
      "rev_growth_yoy": 0.8023411463862707,
      "rev_growth_yoy_accel": 0.1489992249672547,
      "op_leverage_ratio": 0.08846198379796014,
      "fcf_margin_change": 0.015325750398467869
    },
    {
      "date": "2022-06-30T00:00:00",
      "quarter_label": "2022-06 (Q2)",
      "revenue": 194982000,
      "gross_profit": 59224000,
      "operating_income": 35306000,
      "net_income": 25560000,
      "opex": 23918000,
      "cogs": 135758000,
      "rd": null,
      "sga": 17859000,
      "fcf": 13344000,
      "ocf": 20789000,
      "capex": -7445000,
      "gross_margin": 0.3037408581304941,
      "op_margin": 0.18107312469869014,
      "fcf_margin": 0.06843708650029233,
      "incr_op_margin_yoy": 0.3813301401985731,
      "rev_growth_yoy": 0.1145713648757567,
      "rev_growth_yoy_accel": -0.687769781510514,
      "fcf_margin_change": 0.009082974788765193
    },
    {
      "date": "2022-09-30T00:00:00",
      "quarter_label": "2022-09 (Q3)",
      "revenue": 201146000,
      "gross_profit": 59048000,
      "operating_income": 33864000,
      "net_income": 23808000,
      "opex": 25184000,
      "cogs": 142098000,
      "rd": null,
      "sga": 17904000,
      "fcf": 18104000,
      "ocf": 29234000,
      "capex": -11130000,
      "gross_margin": 0.29355791315760693,
      "op_margin": 0.16835532399351716,
      "fcf_margin": 0.09000427550137712,
      "incr_op_margin_yoy": 0.039942938659058486,
      "rev_growth_yoy": 0.13892113175283533,
      "rev_growth_yoy_accel": 0.024349766877078627,
      "op_leverage_ratio": 0.5972542724120375,
      "fcf_margin_change": 0.021567189001084786
    },
    {
      "date": "2022-12-31T00:00:00",
      "quarter_label": "2022-12 (Q4)",
      "revenue": 190995000,
      "gross_profit": 63213000,
      "operating_income": 29715000,
      "net_income": 22657000,
      "opex": 33498000,
      "cogs": 127782000,
      "rd": null,
      "sga": 22632000,
      "fcf": 577000,
      "ocf": 16683000,
      "capex": -16106000,
      "gross_margin": 0.3309667792350585,
      "op_margin": 0.15557998900494777,
      "fcf_margin": 0.0030210214927092333,
      "incr_op_margin_yoy": -0.6460576445254266,
      "rev_growth_yoy": 0.14473140062452428,
      "rev_growth_yoy_accel": 0.0058102688716889506,
      "fcf_margin_change": -0.08698325400866788
    },
    {
      "date": "2023-03-31T00:00:00",
      "quarter_label": "2023-03 (Q1)",
      "revenue": 201010000,
      "gross_profit": 69824000,
      "operating_income": 41559000,
      "net_income": 31071000,
      "opex": 28265000,
      "cogs": 131186000,
      "rd": null,
      "sga": 20532000,
      "fcf": -11216000,
      "ocf": 5021000,
      "capex": -16237000,
      "gross_margin": 0.3473658026963833,
      "op_margin": 0.2067509079150291,
      "fcf_margin": -0.0557982189940799,
      "incr_op_margin_yoy": -1.4754978354978354,
      "rev_growth_yoy": 0.02957973723973673,
      "rev_growth_yoy_accel": -0.11515166338478755,
      "op_leverage_ratio": Infinity,
      "fcf_margin_change": -0.05881924048678913
    },
    {
      "date": "2023-06-30T00:00:00",
      "quarter_label": "2023-06 (Q2)",
      "revenue": 209001000,
      "gross_profit": 76295000,
      "operating_income": 44143000,
      "net_income": 32126000,
      "opex": 32152000,
      "cogs": 132706000,
      "rd": null,
      "sga": 23513000,
      "fcf": 1317000,
      "ocf": 15135000,
      "capex": -13818000,
      "gross_margin": 0.3650461002578935,
      "op_margin": 0.2112095157439438,
      "fcf_margin": 0.00630140525643418,
      "incr_op_margin_yoy": 0.6303587987730936,
      "rev_growth_yoy": 0.0718989445179555,
      "rev_growth_yoy_accel": 0.04231920727821878,
      "op_leverage_ratio": 0.28907991360890173,
      "fcf_margin_change": 0.06209962425051408
    },
    {
      "date": "2023-09-30T00:00:00",
      "quarter_label": "2023-09 (Q3)",
      "revenue": 211624000,
      "gross_profit": 73448000,
      "operating_income": 19839000,
      "net_income": 13211000,
      "opex": 53609000,
      "cogs": 138176000,
      "rd": null,
      "sga": 21570000,
      "fcf": 16442000,
      "ocf": 28449000,
      "capex": -12007000,
      "gross_margin": 0.3470683854383246,
      "op_margin": 0.09374645597852796,
      "fcf_margin": 0.07769440139114656,
      "incr_op_margin_yoy": -1.3385188012979576,
      "rev_growth_yoy": 0.052091515615523054,
      "rev_growth_yoy_accel": -0.01980742890243245,
      "op_leverage_ratio": 0.018805674660021907,
      "fcf_margin_change": 0.07139299613471238
    },
    {
      "date": "2023-12-31T00:00:00",
      "quarter_label": "2023-12 (Q4)",
      "revenue": 214888000,
      "gross_profit": 85145000,
      "operating_income": 43072000,
      "net_income": 31067000,
      "opex": 42073000,
      "cogs": 129743000,
      "rd": null,
      "sga": 25780000,
      "fcf": 21973000,
      "ocf": 35178000,
      "capex": -13205000,
      "gross_margin": 0.39622966382487623,
      "op_margin": 0.20043929861136964,
      "fcf_margin": 0.10225326681806336,
      "incr_op_margin_yoy": 0.5590340267023814,
      "rev_growth_yoy": 0.12509751564177074,
      "rev_growth_yoy_accel": 0.07300600002624769,
      "op_leverage_ratio": Infinity,
      "fcf_margin_change": 0.024558865426916807
    },
    {
      "date": "2024-03-31T00:00:00",
      "quarter_label": "2024-03 (Q1)",
      "revenue": 170563000,
      "gross_profit": 62795000,
      "operating_income": 28917000,
      "net_income": 20635000,
      "opex": 33878000,
      "cogs": 107768000,
      "rd": null,
      "sga": 20979000,
      "fcf": -2403000,
      "ocf": 24623000,
      "capex": -27026000,
      "gross_margin": 0.3681630834354461,
      "op_margin": 0.16953852828573607,
      "fcf_margin": -0.014088635870616721,
      "incr_op_margin_yoy": 0.41521332150950835,
      "rev_growth_yoy": -0.15147007611561614,
      "rev_growth_yoy_accel": -0.2765675917573869,
      "fcf_margin_change": -0.11634190268868008
    },
    {
      "date": "2024-06-30T00:00:00",
      "quarter_label": "2024-06 (Q2)",
      "revenue": 190805000,
      "gross_profit": 83232000,
      "operating_income": 43387000,
      "net_income": 32085000,
      "opex": 39845000,
      "cogs": 107573000,
      "rd": null,
      "sga": 22759000,
      "fcf": -1412000,
      "ocf": 4959000,
      "capex": -6371000,
      "gross_margin": 0.43621498388407015,
      "op_margin": 0.22738921936007966,
      "fcf_margin": -0.007400225360970625,
      "incr_op_margin_yoy": 0.04154759287755551,
      "rev_growth_yoy": -0.08706178439337611,
      "rev_growth_yoy_accel": 0.06440829172224002,
      "op_leverage_ratio": 0.673798935032752,
      "fcf_margin_change": 0.006688410509646097
    },
    {
      "date": "2024-09-30T00:00:00",
      "quarter_label": "2024-09 (Q3)",
      "revenue": 161461000,
      "gross_profit": 65815000,
      "operating_income": 32564000,
      "net_income": 23905000,
      "opex": 33251000,
      "cogs": 95646000,
      "rd": null,
      "sga": 17204000,
      "fcf": 24477000,
      "ocf": 43930000,
      "capex": -19453000,
      "gross_margin": 0.40762165476492773,
      "op_margin": 0.20168337864871394,
      "fcf_margin": 0.15159698007568392,
      "incr_op_margin_yoy": -0.25367302593545044,
      "rev_growth_yoy": -0.23703833213624165,
      "rev_growth_yoy_accel": -0.14997654774286553,
      "fcf_margin_change": 0.15899720543665455
    },
    {
      "date": "2024-12-31T00:00:00",
      "quarter_label": "2024-12 (Q4)",
      "revenue": 180796000,
      "gross_profit": 74475000,
      "operating_income": -30442000,
      "net_income": -41962000,
      "opex": 104917000,
      "cogs": 106321000,
      "rd": null,
      "sga": 20449000,
      "fcf": 10435000,
      "ocf": 28766000,
      "capex": -18331000,
      "gross_margin": 0.4119283612469302,
      "op_margin": -0.1683776189738711,
      "fcf_margin": 0.05771698488904622,
      "incr_op_margin_yoy": 2.156341663733427,
      "rev_growth_yoy": -0.1586500874874353,
      "rev_growth_yoy_accel": 0.07838824464880634,
      "op_leverage_ratio": 0.055560748035428154,
      "fcf_margin_change": -0.0938799951866377
    },
    {
      "date": "2025-03-31T00:00:00",
      "quarter_label": "2025-03 (Q1)",
      "revenue": 121653000,
      "gross_profit": 43330000,
      "operating_income": -747000,
      "net_income": -3024000,
      "opex": 44077000,
      "cogs": 78323000,
      "rd": null,
      "sga": 21205000,
      "fcf": 24758000,
      "ocf": 44684000,
      "capex": -19926000,
      "gross_margin": 0.35617699522412105,
      "op_margin": -0.006140415772730635,
      "fcf_margin": 0.2035132713537685,
      "incr_op_margin_yoy": 0.6065017378859129,
      "rev_growth_yoy": -0.28675621324671824,
      "rev_growth_yoy_accel": -0.12810612575928293,
      "fcf_margin_change": 0.14579628646472229
    },
    {
      "date": "2025-06-30T00:00:00",
      "quarter_label": "2025-06 (Q2)",
      "revenue": 145494000,
      "gross_profit": 58387000,
      "operating_income": 20318000,
      "net_income": 14426000,
      "opex": 38069000,
      "cogs": 87107000,
      "rd": null,
      "sga": 23156000,
      "fcf": -557000,
      "ocf": 11673000,
      "capex": -12230000,
      "gross_margin": 0.40130177189437366,
      "op_margin": 0.13964837037953456,
      "fcf_margin": -0.0038283365637070943,
      "incr_op_margin_yoy": 0.5091258193374677,
      "rev_growth_yoy": -0.23747281255732292,
      "rev_growth_yoy_accel": 0.049283400689395324,
      "op_leverage_ratio": Infinity,
      "fcf_margin_change": -0.2073416079174756
    },
    {
      "date": "2025-09-30T00:00:00",
      "quarter_label": "2025-09 (Q3)",
      "revenue": 130912000,
      "gross_profit": 49433000,
      "operating_income": 21016000,
      "net_income": 15422000,
      "opex": 28417000,
      "cogs": 81479000,
      "rd": null,
      "sga": 18926000,
      "fcf": 27574000,
      "ocf": 36092000,
      "capex": -8518000,
      "gross_margin": 0.37760480322659495,
      "op_margin": 0.1605353214373014,
      "fcf_margin": 0.2106300415546321,
      "incr_op_margin_yoy": 0.37801564699335494,
      "rev_growth_yoy": -0.18920358476659999,
      "rev_growth_yoy_accel": 0.04826922779072293,
      "fcf_margin_change": 0.2144583781183392
    }
  ],
  "signals": [
    {
      "quarter": "2025-09 (Q3)",
      "signal": "FCF TURNED POSITIVE",
      "detail": "FCF margin: -0.4% -> +21.1%",
      "severity": "HIGH"
    },
    {
      "quarter": "2025-09 (Q3)",
      "signal": "INCREMENTAL MARGIN (YoY)",
      "detail": "YoY Incr OPM: +37.8% vs year-ago OPM: +20.2%",
      "severity": "MEDIUM"
    },
    {
      "quarter": "2025-06 (Q2)",
      "signal": "GROSS MARGIN INFLECTION",
      "detail": "GM: +41.2% -> +35.6% -> +40.1% (reversal +4.5%)",
      "severity": "MEDIUM"
    },
    {
      "quarter": "2025-06 (Q2)",
      "signal": "INCREMENTAL MARGIN (YoY)",
      "detail": "YoY Incr OPM: +50.9% vs year-ago OPM: +22.7%",
      "severity": "HIGH"
    },
    {
      "quarter": "2025-06 (Q2)",
      "signal": "OP MARGIN TURNED POSITIVE (QoQ)",
      "detail": "Op margin: -0.6% -> +14.0%",
      "severity": "HIGH"
    },
    {
      "quarter": "2025-03 (Q1)",
      "signal": "FCF MARGIN EXPANSION",
      "detail": "FCF margin: +5.8% -> +20.4% (+14.6%)",
      "severity": "MEDIUM"
    },
    {
      "quarter": "2025-03 (Q1)",
      "signal": "YoY REVENUE GROWTH DECELERATION",
      "detail": "YoY growth: -28.7% vs prior quarter YoY: -15.9% (decel: -12.8%)",
      "severity": "WARNING"
    },
    {
      "quarter": "2024-12 (Q4)",
      "signal": "YoY REVENUE GROWTH ACCELERATION",
      "detail": "YoY growth: -15.9% vs prior quarter YoY: -23.7% (accel: +7.8%)",
      "severity": "MEDIUM"
    },
    {
      "quarter": "2024-09 (Q3)",
      "signal": "FCF TURNED POSITIVE",
      "detail": "FCF margin: -0.7% -> +15.2%",
      "severity": "HIGH"
    },
    {
      "quarter": "2024-09 (Q3)",
      "signal": "YoY REVENUE GROWTH DECELERATION",
      "detail": "YoY growth: -23.7% vs prior quarter YoY: -8.7% (decel: -15.0%)",
      "severity": "WARNING"
    },
    {
      "quarter": "2024-06 (Q2)",
      "signal": "GROSS MARGIN INFLECTION",
      "detail": "GM: +39.6% -> +36.8% -> +43.6% (reversal +6.8%)",
      "severity": "HIGH"
    },
    {
      "quarter": "2024-06 (Q2)",
      "signal": "YoY REVENUE GROWTH ACCELERATION",
      "detail": "YoY growth: -8.7% vs prior quarter YoY: -15.1% (accel: +6.4%)",
      "severity": "MEDIUM"
    },
    {
      "quarter": "2024-03 (Q1)",
      "signal": "YoY REVENUE GROWTH DECELERATION",
      "detail": "YoY growth: -15.1% vs prior quarter YoY: +12.5% (decel: -27.7%)",
      "severity": "WARNING"
    },
    {
      "quarter": "2024-03 (Q1)",
      "signal": "INCREMENTAL MARGIN (YoY)",
      "detail": "YoY Incr OPM: +41.5% vs year-ago OPM: +20.7%",
      "severity": "HIGH"
    },
    {
      "quarter": "2023-12 (Q4)",
      "signal": "GROSS MARGIN INFLECTION",
      "detail": "GM: +36.5% -> +34.7% -> +39.6% (reversal +4.9%)",
      "severity": "MEDIUM"
    },
    {
      "quarter": "2023-12 (Q4)",
      "signal": "YoY REVENUE GROWTH ACCELERATION",
      "detail": "YoY growth: +12.5% vs prior quarter YoY: +5.2% (accel: +7.3%)",
      "severity": "MEDIUM"
    },
    {
      "quarter": "2023-12 (Q4)",
      "signal": "INCREMENTAL MARGIN (YoY)",
      "detail": "YoY Incr OPM: +55.9% vs year-ago OPM: +15.6%",
      "severity": "HIGH"
    },
    {
      "quarter": "2023-09 (Q3)",
      "signal": "FCF MARGIN EXPANSION",
      "detail": "FCF margin: +0.6% -> +7.8% (+7.1%)",
      "severity": "MEDIUM"
    },
    {
      "quarter": "2023-06 (Q2)",
      "signal": "FCF TURNED POSITIVE",
      "detail": "FCF margin: -5.6% -> +0.6%",
      "severity": "HIGH"
    },
    {
      "quarter": "2023-06 (Q2)",
      "signal": "INCREMENTAL MARGIN (YoY)",
      "detail": "YoY Incr OPM: +63.0% vs year-ago OPM: +18.1%",
      "severity": "HIGH"
    },
    {
      "quarter": "2023-03 (Q1)",
      "signal": "YoY REVENUE GROWTH DECELERATION",
      "detail": "YoY growth: +3.0% vs prior quarter YoY: +14.5% (decel: -11.5%)",
      "severity": "WARNING"
    },
    {
      "quarter": "2022-12 (Q4)",
      "signal": "GROSS MARGIN INFLECTION",
      "detail": "GM: +30.4% -> +29.4% -> +33.1% (reversal +3.7%)",
      "severity": "MEDIUM"
    },
    {
      "quarter": "2022-06 (Q2)",
      "signal": "YoY REVENUE GROWTH DECELERATION",
      "detail": "YoY growth: +11.5% vs prior quarter YoY: +80.2% (decel: -68.8%)",
      "severity": "WARNING"
    },
    {
      "quarter": "2022-06 (Q2)",
      "signal": "INCREMENTAL MARGIN (YoY)",
      "detail": "YoY Incr OPM: +38.1% vs year-ago OPM: +15.8%",
      "severity": "HIGH"
    },
    {
      "quarter": "2022-03 (Q1)",
      "signal": "GROSS MARGIN INFLECTION",
      "detail": "GM: +32.3% -> +31.6% -> +36.8% (reversal +5.2%)",
      "severity": "HIGH"
    },
    {
      "quarter": "2022-03 (Q1)",
      "signal": "YoY REVENUE GROWTH ACCELERATION",
      "detail": "YoY growth: +80.2% vs prior quarter YoY: +65.3% (accel: +14.9%)",
      "severity": "MEDIUM"
    },
    {
      "quarter": "2022-03 (Q1)",
      "signal": "INCREMENTAL MARGIN (YoY)",
      "detail": "YoY Incr OPM: +34.0% vs year-ago OPM: +18.9%",
      "severity": "MEDIUM"
    },
    {
      "quarter": "2021-12 (Q4)",
      "signal": "INCREMENTAL MARGIN (YoY)",
      "detail": "YoY Incr OPM: +45.2% vs year-ago OPM: +15.4%",
      "severity": "HIGH"
    },
    {
      "quarter": "2021-06 (Q2)",
      "signal": "FCF MARGIN EXPANSION",
      "detail": "FCF margin: +4.6% -> +13.8% (+9.3%)",
      "severity": "MEDIUM"
    },
    {
      "quarter": "2021-06 (Q2)",
      "signal": "GROSS MARGIN INFLECTION",
      "detail": "GM: +31.4% -> +29.8% -> +32.5% (reversal +2.7%)",
      "severity": "MEDIUM"
    }
  ],
  "data_quality": {
    "n_quarters": 20,
    "coverage": {
      "revenue": [
        20,
        20
      ],
      "gross_profit": [
        20,
        20
      ],
      "op_income": [
        20,
        20
      ],
      "fcf": [
        20,
        20
      ]
    },
    "gaps": [],
    "warnings": []
  },
  "market_cap": null,
  "source": "SEC EDGAR",
  "last_updated": "2026-02-02T22:22:34.889240"
}