{
  "ticker": "MGRC",
  "name": "McGRATH RENTCORP",
  "quarters": [
    {
      "date": "2020-12-31T00:00:00",
      "quarter_label": "2020-12 (Q4)",
      "revenue": 148980000,
      "gross_profit": 70654000,
      "operating_income": 41026000,
      "net_income": 31175000,
      "opex": 29628000,
      "cogs": 78326000,
      "rd": null,
      "sga": 29628000,
      "fcf": 44882000,
      "ocf": 48967000,
      "capex": -4085000,
      "gross_margin": 0.47425157739293866,
      "op_margin": 0.2753792455363136,
      "fcf_margin": 0.3012619143509196
    },
    {
      "date": "2021-03-31T00:00:00",
      "quarter_label": "2021-03 (Q1)",
      "revenue": 121195000,
      "gross_profit": 57081000,
      "operating_income": 23944000,
      "net_income": 17398000,
      "opex": 33137000,
      "cogs": 64114000,
      "rd": null,
      "sga": 33137000,
      "fcf": 36628000,
      "ocf": 37609000,
      "capex": -981000,
      "gross_margin": 0.47098477659969473,
      "op_margin": 0.19756590618424852,
      "fcf_margin": 0.3022236890960848,
      "fcf_margin_change": 0.0009617747451652336
    },
    {
      "date": "2021-06-30T00:00:00",
      "quarter_label": "2021-06 (Q2)",
      "revenue": 146435000,
      "gross_profit": 65867000,
      "operating_income": 29606000,
      "net_income": 20608000,
      "opex": 36261000,
      "cogs": 80568000,
      "rd": null,
      "sga": 36261000,
      "fcf": 59082000,
      "ocf": 60373000,
      "capex": -1291000,
      "gross_margin": 0.44980366715607606,
      "op_margin": 0.20217844094649504,
      "fcf_margin": 0.4034691159900297,
      "op_leverage_ratio": 2.2090564306292775,
      "fcf_margin_change": 0.10124542689394489
    },
    {
      "date": "2021-09-30T00:00:00",
      "quarter_label": "2021-09 (Q3)",
      "revenue": 173292000,
      "gross_profit": 75805000,
      "operating_income": 35898000,
      "net_income": 23252000,
      "opex": 39907000,
      "cogs": 97487000,
      "rd": null,
      "sga": 39907000,
      "fcf": 39608000,
      "ocf": 38305000,
      "capex": 1303000,
      "gross_margin": 0.4374408512799206,
      "op_margin": 0.20715324423516376,
      "fcf_margin": 0.22856219560048935,
      "op_leverage_ratio": 1.8240457214236747,
      "fcf_margin_change": -0.17490692038954037
    },
    {
      "date": "2021-12-31T00:00:00",
      "quarter_label": "2021-12 (Q4)",
      "revenue": 175911000,
      "gross_profit": 82268000,
      "operating_income": 42973000,
      "net_income": 28447000,
      "opex": 39295000,
      "cogs": 93643000,
      "rd": null,
      "sga": 39295000,
      "fcf": 57745000,
      "ocf": 59456000,
      "capex": -1711000,
      "gross_margin": 0.46766830954289385,
      "op_margin": 0.24428830488144573,
      "fcf_margin": 0.3282625873310936,
      "incr_op_margin_yoy": 0.07229586721621922,
      "rev_growth_yoy": 0.18076923076923077,
      "op_leverage_ratio": Infinity,
      "fcf_margin_change": 0.09970039173060424
    },
    {
      "date": "2022-03-31T00:00:00",
      "quarter_label": "2022-03 (Q1)",
      "revenue": 145373000,
      "gross_profit": 66489000,
      "operating_income": 27362000,
      "net_income": 18793000,
      "opex": 39127000,
      "cogs": 78884000,
      "rd": null,
      "sga": 39127000,
      "fcf": 46326000,
      "ocf": 51743000,
      "capex": -5417000,
      "gross_margin": 0.4573682870959532,
      "op_margin": 0.18821927042848396,
      "fcf_margin": 0.31866990431510667,
      "incr_op_margin_yoy": 0.14136818595417322,
      "rev_growth_yoy": 0.19949667890589545,
      "rev_growth_yoy_accel": 0.018727448136664687,
      "fcf_margin_change": -0.009592683015986925
    },
    {
      "date": "2022-06-30T00:00:00",
      "quarter_label": "2022-06 (Q2)",
      "revenue": 177031000,
      "gross_profit": 77837000,
      "operating_income": 37049000,
      "net_income": 26137000,
      "opex": 40788000,
      "cogs": 99194000,
      "rd": null,
      "sga": 40788000,
      "fcf": 29123000,
      "ocf": 30300000,
      "capex": -1177000,
      "gross_margin": 0.4396800560353836,
      "op_margin": 0.20927973066863995,
      "fcf_margin": 0.16450791104382848,
      "incr_op_margin_yoy": 0.2432670937377435,
      "rev_growth_yoy": 0.20893911974596238,
      "rev_growth_yoy_accel": 0.009442440840066929,
      "op_leverage_ratio": 5.129873311052823,
      "fcf_margin_change": -0.1541619932712782
    },
    {
      "date": "2022-09-30T00:00:00",
      "quarter_label": "2022-09 (Q3)",
      "revenue": 200536000,
      "gross_profit": 89440000,
      "operating_income": 45345000,
      "net_income": 30567000,
      "opex": 44095000,
      "cogs": 111096000,
      "rd": null,
      "sga": 44095000,
      "fcf": 47255000,
      "ocf": 51255000,
      "capex": -4000000,
      "gross_margin": 0.44600470738421033,
      "op_margin": 0.22611900107711333,
      "fcf_margin": 0.23564347548569833,
      "incr_op_margin_yoy": 0.34675524886213477,
      "rev_growth_yoy": 0.15721441266763614,
      "rev_growth_yoy_accel": -0.05172470707832624,
      "op_leverage_ratio": 1.6376049736151526,
      "fcf_margin_change": 0.07113556444186986
    },
    {
      "date": "2022-12-31T00:00:00",
      "quarter_label": "2022-12 (Q4)",
      "revenue": 210883000,
      "gross_profit": 103142000,
      "operating_income": 55810000,
      "net_income": 39641000,
      "opex": 47332000,
      "cogs": 107741000,
      "rd": null,
      "sga": 47332000,
      "fcf": 54111000,
      "ocf": 61134000,
      "capex": -7023000,
      "gross_margin": 0.4890958493572265,
      "op_margin": 0.2646491182314364,
      "fcf_margin": 0.25659251812616474,
      "incr_op_margin_yoy": 0.36706508063593735,
      "rev_growth_yoy": 0.19880507756763363,
      "rev_growth_yoy_accel": 0.04159066489999749,
      "op_leverage_ratio": 0.7028598712262999,
      "fcf_margin_change": 0.020949042640466403
    },
    {
      "date": "2023-03-31T00:00:00",
      "quarter_label": "2023-03 (Q1)",
      "revenue": 163718000,
      "gross_profit": 77367000,
      "operating_income": 19869000,
      "net_income": 71657000,
      "opex": 57498000,
      "cogs": 86351000,
      "rd": null,
      "sga": 57498000,
      "fcf": 28854000,
      "ocf": 35711000,
      "capex": -6857000,
      "gross_margin": 0.4725625771143063,
      "op_margin": 0.12136112095188067,
      "fcf_margin": 0.17624207478713397,
      "incr_op_margin_yoy": -0.4084491687108204,
      "rev_growth_yoy": 0.1261926217385622,
      "rev_growth_yoy_accel": -0.07261245582907144,
      "fcf_margin_change": -0.08035044333903077
    },
    {
      "date": "2023-06-30T00:00:00",
      "quarter_label": "2023-06 (Q2)",
      "revenue": 203030000,
      "gross_profit": 94610000,
      "operating_income": 47584000,
      "net_income": 30582000,
      "opex": 47026000,
      "cogs": 108420000,
      "rd": null,
      "sga": 47026000,
      "fcf": 31368000,
      "ocf": 35740000,
      "capex": -4372000,
      "gross_margin": 0.46599024774663844,
      "op_margin": 0.23436930502881348,
      "fcf_margin": 0.15449933507363445,
      "incr_op_margin_yoy": 0.4052078926112543,
      "rev_growth_yoy": 0.14686128418186645,
      "rev_growth_yoy_accel": 0.02066866244330426,
      "op_leverage_ratio": Infinity,
      "fcf_margin_change": -0.02174273971349952
    },
    {
      "date": "2023-09-30T00:00:00",
      "quarter_label": "2023-09 (Q3)",
      "revenue": 243506000,
      "gross_profit": 111534000,
      "operating_income": 66585000,
      "net_income": 40366000,
      "opex": 44949000,
      "cogs": 131972000,
      "rd": null,
      "sga": 48508000,
      "fcf": 42233000,
      "ocf": 47452000,
      "capex": -5219000,
      "gross_margin": 0.4580338882820136,
      "op_margin": 0.27344295417772047,
      "fcf_margin": 0.17343720483273511,
      "incr_op_margin_yoy": 0.494298347684431,
      "rev_growth_yoy": 0.21427574101408225,
      "rev_growth_yoy_accel": 0.06741445683221581,
      "op_leverage_ratio": Infinity,
      "fcf_margin_change": 0.018937869759100667
    },
    {
      "date": "2023-12-31T00:00:00",
      "quarter_label": "2023-12 (Q4)",
      "revenue": 221588000,
      "gross_profit": 110122000,
      "operating_income": 55674000,
      "net_income": 32016000,
      "opex": 54448000,
      "cogs": 111466000,
      "rd": null,
      "sga": 54507000,
      "fcf": -51101000,
      "ocf": -23560000,
      "capex": -27541000,
      "gross_margin": 0.4969673448020651,
      "op_margin": 0.25125006769319636,
      "fcf_margin": -0.230612668556059,
      "incr_op_margin_yoy": -0.012704343764595984,
      "rev_growth_yoy": 0.05076274521891286,
      "rev_growth_yoy_accel": -0.1635129957951694,
      "fcf_margin_change": -0.4040498733887941
    },
    {
      "date": "2024-03-31T00:00:00",
      "quarter_label": "2024-03 (Q1)",
      "revenue": 187827000,
      "gross_profit": 93268000,
      "operating_income": 42731000,
      "net_income": 22848000,
      "opex": 50537000,
      "cogs": 94559000,
      "rd": null,
      "sga": 59818000,
      "fcf": 34143000,
      "ocf": 59420000,
      "capex": -25277000,
      "gross_margin": 0.496563326891235,
      "op_margin": 0.2275019033472291,
      "fcf_margin": 0.181778977463304,
      "incr_op_margin_yoy": 0.9482765772118296,
      "rev_growth_yoy": 0.1472593117433636,
      "rev_growth_yoy_accel": 0.09649656652445074,
      "fcf_margin_change": 0.41239164601936296
    },
    {
      "date": "2024-06-30T00:00:00",
      "quarter_label": "2024-06 (Q2)",
      "revenue": 212611000,
      "gross_profit": 103415000,
      "operating_income": 42045000,
      "net_income": 20618000,
      "opex": 61370000,
      "cogs": 109196000,
      "rd": null,
      "sga": 61370000,
      "fcf": 74361000,
      "ocf": 79209000,
      "capex": -4848000,
      "gross_margin": 0.48640474857838967,
      "op_margin": 0.19775552534911175,
      "fcf_margin": 0.3497514239620716,
      "incr_op_margin_yoy": -0.5781233691681453,
      "rev_growth_yoy": 0.04719007043294095,
      "rev_growth_yoy_accel": -0.10006924131042265,
      "op_leverage_ratio": 0.6155652470335681,
      "fcf_margin_change": 0.1679724464987676
    },
    {
      "date": "2024-09-30T00:00:00",
      "quarter_label": "2024-09 (Q3)",
      "revenue": 266758000,
      "gross_profit": 123979000,
      "operating_income": 74682000,
      "net_income": 149317000,
      "opex": 49297000,
      "cogs": 142779000,
      "rd": null,
      "sga": 49297000,
      "fcf": 193022000,
      "ocf": 198967000,
      "capex": -5945000,
      "gross_margin": 0.46476206899137046,
      "op_margin": 0.27996161314749696,
      "fcf_margin": 0.7235846722497544,
      "incr_op_margin_yoy": 0.34822810940994325,
      "rev_growth_yoy": 0.09548840685650456,
      "rev_growth_yoy_accel": 0.04829833642356361,
      "op_leverage_ratio": Infinity,
      "fcf_margin_change": 0.37383324828768283
    },
    {
      "date": "2024-12-31T00:00:00",
      "quarter_label": "2024-12 (Q4)",
      "revenue": 243746000,
      "gross_profit": 114754000,
      "operating_income": 63086000,
      "net_income": 38949000,
      "opex": 51668000,
      "cogs": 128993000,
      "rd": null,
      "sga": 51668000,
      "fcf": 32621000,
      "ocf": 36779000,
      "capex": -4158000,
      "gross_margin": 0.47079336686550755,
      "op_margin": 0.25881860625405134,
      "fcf_margin": 0.13383193980619168,
      "incr_op_margin_yoy": 0.3345067244336131,
      "rev_growth_yoy": 0.09999638969619293,
      "rev_growth_yoy_accel": 0.004507982839688368,
      "fcf_margin_change": -0.5897527324435627
    },
    {
      "date": "2025-03-31T00:00:00",
      "quarter_label": "2025-03 (Q1)",
      "revenue": 195416000,
      "gross_profit": 96436000,
      "operating_income": 45567000,
      "net_income": 28209000,
      "opex": 50869000,
      "cogs": 98980000,
      "rd": null,
      "sga": 50869000,
      "fcf": 49890000,
      "ocf": 53882000,
      "capex": -3992000,
      "gross_margin": 0.4934908093503091,
      "op_margin": 0.2331794735333852,
      "fcf_margin": 0.2553015106234904,
      "incr_op_margin_yoy": 0.37369877454210043,
      "rev_growth_yoy": 0.04040420173883414,
      "rev_growth_yoy_accel": -0.05959218795735879,
      "fcf_margin_change": 0.1214695708172987
    },
    {
      "date": "2025-06-30T00:00:00",
      "quarter_label": "2025-06 (Q2)",
      "revenue": 235616000,
      "gross_profit": 110714000,
      "operating_income": 57171000,
      "net_income": 35973000,
      "opex": 53543000,
      "cogs": 124902000,
      "rd": null,
      "sga": 53543000,
      "fcf": 38183000,
      "ocf": 55812000,
      "capex": -17629000,
      "gross_margin": 0.46989168817058263,
      "op_margin": 0.24264481189732445,
      "fcf_margin": 0.16205605731359501,
      "incr_op_margin_yoy": 0.6575092371223648,
      "rev_growth_yoy": 0.10820230373781226,
      "rev_growth_yoy_accel": 0.06779810199897812,
      "op_leverage_ratio": 3.913431450950015,
      "fcf_margin_change": -0.09324545330989537
    },
    {
      "date": "2025-09-30T00:00:00",
      "quarter_label": "2025-09 (Q3)",
      "revenue": 256443000,
      "gross_profit": 119257000,
      "operating_income": 66717000,
      "net_income": 42297000,
      "opex": 52540000,
      "cogs": 137186000,
      "rd": null,
      "sga": 52540000,
      "fcf": 53457000,
      "ocf": 65071000,
      "capex": -11614000,
      "gross_margin": 0.4650429140198797,
      "op_margin": 0.2601630771750447,
      "fcf_margin": 0.20845568020963723,
      "incr_op_margin_yoy": 0.7721764420746485,
      "rev_growth_yoy": -0.038668006207873806,
      "rev_growth_yoy_accel": -0.14687030994568606,
      "op_leverage_ratio": Infinity,
      "fcf_margin_change": 0.046399622896042214
    }
  ],
  "signals": [
    {
      "quarter": "2025-09 (Q3)",
      "signal": "YoY REVENUE GROWTH DECELERATION",
      "detail": "YoY growth: -3.9% vs prior quarter YoY: +10.8% (decel: -14.7%)",
      "severity": "WARNING"
    },
    {
      "quarter": "2025-09 (Q3)",
      "signal": "INCREMENTAL MARGIN (YoY)",
      "detail": "YoY Incr OPM: +77.2% vs year-ago OPM: +28.0%",
      "severity": "HIGH"
    },
    {
      "quarter": "2025-06 (Q2)",
      "signal": "OPERATING LEVERAGE",
      "detail": "Rev growth +20.6% vs OpEx growth +5.3% (leverage: 3.9x)",
      "severity": "MEDIUM"
    },
    {
      "quarter": "2025-06 (Q2)",
      "signal": "YoY REVENUE GROWTH ACCELERATION",
      "detail": "YoY growth: +10.8% vs prior quarter YoY: +4.0% (accel: +6.8%)",
      "severity": "MEDIUM"
    },
    {
      "quarter": "2025-06 (Q2)",
      "signal": "INCREMENTAL MARGIN (YoY)",
      "detail": "YoY Incr OPM: +65.8% vs year-ago OPM: +19.8%",
      "severity": "HIGH"
    },
    {
      "quarter": "2025-03 (Q1)",
      "signal": "FCF MARGIN EXPANSION",
      "detail": "FCF margin: +13.4% -> +25.5% (+12.1%)",
      "severity": "MEDIUM"
    },
    {
      "quarter": "2025-03 (Q1)",
      "signal": "YoY REVENUE GROWTH DECELERATION",
      "detail": "YoY growth: +4.0% vs prior quarter YoY: +10.0% (decel: -6.0%)",
      "severity": "WARNING"
    },
    {
      "quarter": "2025-03 (Q1)",
      "signal": "INCREMENTAL MARGIN (YoY)",
      "detail": "YoY Incr OPM: +37.4% vs year-ago OPM: +22.8%",
      "severity": "MEDIUM"
    },
    {
      "quarter": "2024-09 (Q3)",
      "signal": "FCF MARGIN EXPANSION",
      "detail": "FCF margin: +35.0% -> +72.4% (+37.4%)",
      "severity": "MEDIUM"
    },
    {
      "quarter": "2024-06 (Q2)",
      "signal": "FCF MARGIN EXPANSION",
      "detail": "FCF margin: +18.2% -> +35.0% (+16.8%)",
      "severity": "MEDIUM"
    },
    {
      "quarter": "2024-06 (Q2)",
      "signal": "YoY REVENUE GROWTH DECELERATION",
      "detail": "YoY growth: +4.7% vs prior quarter YoY: +14.7% (decel: -10.0%)",
      "severity": "WARNING"
    },
    {
      "quarter": "2024-03 (Q1)",
      "signal": "FCF TURNED POSITIVE",
      "detail": "FCF margin: -23.1% -> +18.2%",
      "severity": "HIGH"
    },
    {
      "quarter": "2024-03 (Q1)",
      "signal": "YoY REVENUE GROWTH ACCELERATION",
      "detail": "YoY growth: +14.7% vs prior quarter YoY: +5.1% (accel: +9.6%)",
      "severity": "MEDIUM"
    },
    {
      "quarter": "2024-03 (Q1)",
      "signal": "INCREMENTAL MARGIN (YoY)",
      "detail": "YoY Incr OPM: +94.8% vs year-ago OPM: +12.1%",
      "severity": "HIGH"
    },
    {
      "quarter": "2023-12 (Q4)",
      "signal": "GROSS MARGIN INFLECTION",
      "detail": "GM: +46.6% -> +45.8% -> +49.7% (reversal +3.9%)",
      "severity": "MEDIUM"
    },
    {
      "quarter": "2023-12 (Q4)",
      "signal": "YoY REVENUE GROWTH DECELERATION",
      "detail": "YoY growth: +5.1% vs prior quarter YoY: +21.4% (decel: -16.4%)",
      "severity": "WARNING"
    },
    {
      "quarter": "2023-09 (Q3)",
      "signal": "YoY REVENUE GROWTH ACCELERATION",
      "detail": "YoY growth: +21.4% vs prior quarter YoY: +14.7% (accel: +6.7%)",
      "severity": "MEDIUM"
    },
    {
      "quarter": "2023-09 (Q3)",
      "signal": "INCREMENTAL MARGIN (YoY)",
      "detail": "YoY Incr OPM: +49.4% vs year-ago OPM: +22.6%",
      "severity": "HIGH"
    },
    {
      "quarter": "2023-06 (Q2)",
      "signal": "INCREMENTAL MARGIN (YoY)",
      "detail": "YoY Incr OPM: +40.5% vs year-ago OPM: +20.9%",
      "severity": "MEDIUM"
    },
    {
      "quarter": "2023-03 (Q1)",
      "signal": "YoY REVENUE GROWTH DECELERATION",
      "detail": "YoY growth: +12.6% vs prior quarter YoY: +19.9% (decel: -7.3%)",
      "severity": "WARNING"
    },
    {
      "quarter": "2022-12 (Q4)",
      "signal": "INCREMENTAL MARGIN (YoY)",
      "detail": "YoY Incr OPM: +36.7% vs year-ago OPM: +24.4%",
      "severity": "MEDIUM"
    },
    {
      "quarter": "2022-09 (Q3)",
      "signal": "FCF MARGIN EXPANSION",
      "detail": "FCF margin: +16.5% -> +23.6% (+7.1%)",
      "severity": "MEDIUM"
    },
    {
      "quarter": "2022-09 (Q3)",
      "signal": "OPERATING LEVERAGE",
      "detail": "Rev growth +13.3% vs OpEx growth +8.1% (leverage: 1.6x)",
      "severity": "MEDIUM"
    },
    {
      "quarter": "2022-09 (Q3)",
      "signal": "YoY REVENUE GROWTH DECELERATION",
      "detail": "YoY growth: +15.7% vs prior quarter YoY: +20.9% (decel: -5.2%)",
      "severity": "WARNING"
    },
    {
      "quarter": "2022-09 (Q3)",
      "signal": "INCREMENTAL MARGIN (YoY)",
      "detail": "YoY Incr OPM: +34.7% vs year-ago OPM: +20.7%",
      "severity": "MEDIUM"
    },
    {
      "quarter": "2022-06 (Q2)",
      "signal": "OPERATING LEVERAGE",
      "detail": "Rev growth +21.8% vs OpEx growth +4.2% (leverage: 5.1x)",
      "severity": "MEDIUM"
    },
    {
      "quarter": "2021-12 (Q4)",
      "signal": "FCF MARGIN EXPANSION",
      "detail": "FCF margin: +22.9% -> +32.8% (+10.0%)",
      "severity": "MEDIUM"
    },
    {
      "quarter": "2021-12 (Q4)",
      "signal": "GROSS MARGIN INFLECTION",
      "detail": "GM: +45.0% -> +43.7% -> +46.8% (reversal +3.0%)",
      "severity": "MEDIUM"
    },
    {
      "quarter": "2021-09 (Q3)",
      "signal": "OPERATING LEVERAGE",
      "detail": "Rev growth +18.3% vs OpEx growth +10.1% (leverage: 1.8x)",
      "severity": "MEDIUM"
    },
    {
      "quarter": "2021-06 (Q2)",
      "signal": "FCF MARGIN EXPANSION",
      "detail": "FCF margin: +30.2% -> +40.3% (+10.1%)",
      "severity": "MEDIUM"
    },
    {
      "quarter": "2021-06 (Q2)",
      "signal": "OPERATING LEVERAGE",
      "detail": "Rev growth +20.8% vs OpEx growth +9.4% (leverage: 2.2x)",
      "severity": "MEDIUM"
    }
  ],
  "data_quality": {
    "n_quarters": 20,
    "coverage": {
      "revenue": [
        20,
        20
      ],
      "gross_profit": [
        20,
        20
      ],
      "op_income": [
        20,
        20
      ],
      "fcf": [
        20,
        20
      ]
    },
    "gaps": [],
    "warnings": []
  },
  "market_cap": null,
  "source": "SEC EDGAR",
  "last_updated": "2026-02-02T21:25:10.472085"
}