{
  "ticker": "MHH",
  "name": "MASTECH DIGITAL, INC.",
  "quarters": [
    {
      "date": "2020-12-31T00:00:00",
      "quarter_label": "2020-12 (Q4)",
      "revenue": 48710000,
      "gross_profit": 13074000,
      "operating_income": 3096000,
      "net_income": 2025000,
      "opex": 9978000,
      "cogs": 35636000,
      "rd": null,
      "sga": null,
      "fcf": 4255000,
      "ocf": 4293000,
      "capex": -38000,
      "gross_margin": 0.26840484500102646,
      "op_margin": 0.06355984397454321,
      "fcf_margin": 0.08735372613426401
    },
    {
      "date": "2021-03-31T00:00:00",
      "quarter_label": "2021-03 (Q1)",
      "revenue": 49775000,
      "gross_profit": 12804000,
      "operating_income": 1869000,
      "net_income": 1194000,
      "opex": 10935000,
      "cogs": 36971000,
      "rd": null,
      "sga": null,
      "fcf": 646000,
      "ocf": 774000,
      "capex": -128000,
      "gross_margin": 0.2572375690607735,
      "op_margin": 0.03754897036664993,
      "fcf_margin": 0.012978402812656956,
      "op_leverage_ratio": 0.22796230521755978,
      "fcf_margin_change": -0.07437532332160705
    },
    {
      "date": "2021-06-30T00:00:00",
      "quarter_label": "2021-06 (Q2)",
      "revenue": 53658000,
      "gross_profit": 14315000,
      "operating_income": 5311000,
      "net_income": 3738000,
      "opex": 9004000,
      "cogs": 39343000,
      "rd": null,
      "sga": null,
      "fcf": -794000,
      "ocf": -596000,
      "capex": -198000,
      "gross_margin": 0.2667822132766782,
      "op_margin": 0.09897871705989787,
      "fcf_margin": -0.014797420701479743,
      "op_leverage_ratio": Infinity,
      "fcf_margin_change": -0.027775823514136697
    },
    {
      "date": "2021-09-30T00:00:00",
      "quarter_label": "2021-09 (Q3)",
      "revenue": 59531000,
      "gross_profit": 16620000,
      "operating_income": 4975000,
      "net_income": 3406000,
      "opex": 11645000,
      "cogs": 42911000,
      "rd": null,
      "sga": null,
      "fcf": 1206000,
      "ocf": 1731000,
      "capex": -525000,
      "gross_margin": 0.27918227478120644,
      "op_margin": 0.08356990475550553,
      "fcf_margin": 0.02025835279098285,
      "op_leverage_ratio": 0.37315786947412005,
      "fcf_margin_change": 0.03505577349246259
    },
    {
      "date": "2021-12-31T00:00:00",
      "quarter_label": "2021-12 (Q4)",
      "revenue": 59048000,
      "gross_profit": 15705000,
      "operating_income": 5455000,
      "net_income": 3883000,
      "opex": 10250000,
      "cogs": 43343000,
      "rd": null,
      "sga": null,
      "fcf": 2263000,
      "ocf": 3307000,
      "capex": -1044000,
      "gross_margin": 0.26597005825768866,
      "op_margin": 0.09238246850020322,
      "fcf_margin": 0.038324752743530685,
      "incr_op_margin_yoy": 0.2281872702650416,
      "rev_growth_yoy": 0.2122356805584069,
      "fcf_margin_change": 0.018066399952547836
    },
    {
      "date": "2022-03-31T00:00:00",
      "quarter_label": "2022-03 (Q1)",
      "revenue": 59755000,
      "gross_profit": 15932000,
      "operating_income": 3307000,
      "net_income": 2332000,
      "opex": 12625000,
      "cogs": 43823000,
      "rd": null,
      "sga": 12625000,
      "fcf": 833000,
      "ocf": 1563000,
      "capex": -730000,
      "gross_margin": 0.266622039996653,
      "op_margin": 0.05534264915069868,
      "fcf_margin": 0.013940256045519203,
      "incr_op_margin_yoy": 0.1440881763527054,
      "rev_growth_yoy": 0.20050226017076847,
      "rev_growth_yoy_accel": -0.011733420387638416,
      "op_leverage_ratio": 0.05167428461412303,
      "fcf_margin_change": -0.02438449669801148
    },
    {
      "date": "2022-06-30T00:00:00",
      "quarter_label": "2022-06 (Q2)",
      "revenue": 62117000,
      "gross_profit": 16746000,
      "operating_income": 3548000,
      "net_income": 2436000,
      "opex": 13198000,
      "cogs": 45371000,
      "rd": null,
      "sga": null,
      "fcf": 307000,
      "ocf": 374000,
      "capex": -67000,
      "gross_margin": 0.2695880354814302,
      "op_margin": 0.05711801922179113,
      "fcf_margin": 0.004942286330634126,
      "incr_op_margin_yoy": -0.20841707057571818,
      "rev_growth_yoy": 0.15764657646576466,
      "rev_growth_yoy_accel": -0.04285568370500381,
      "op_leverage_ratio": 0.8709283092114207,
      "fcf_margin_change": -0.008997969714885076
    },
    {
      "date": "2022-09-30T00:00:00",
      "quarter_label": "2022-09 (Q3)",
      "revenue": 63150000,
      "gross_profit": 16287000,
      "operating_income": 3357000,
      "net_income": 2406000,
      "opex": 12930000,
      "cogs": 46863000,
      "rd": null,
      "sga": null,
      "fcf": 5785000,
      "ocf": 5807000,
      "capex": -22000,
      "gross_margin": 0.2579097387173397,
      "op_margin": 0.05315914489311164,
      "fcf_margin": 0.09160728424386382,
      "incr_op_margin_yoy": -0.4470848300635535,
      "rev_growth_yoy": 0.06079185634375368,
      "rev_growth_yoy_accel": -0.09685472012201099,
      "op_leverage_ratio": Infinity,
      "fcf_margin_change": 0.0866649979132297
    },
    {
      "date": "2022-12-31T00:00:00",
      "quarter_label": "2022-12 (Q4)",
      "revenue": 57216000,
      "gross_profit": 14218000,
      "operating_income": 1987000,
      "net_income": 1538000,
      "opex": 12231000,
      "cogs": 42998000,
      "rd": null,
      "sga": null,
      "fcf": 4855000,
      "ocf": 4871000,
      "capex": -16000,
      "gross_margin": 0.24849692393736017,
      "op_margin": 0.034728048098434,
      "fcf_margin": 0.0848538870246085,
      "incr_op_margin_yoy": 1.8930131004366813,
      "rev_growth_yoy": -0.031025606286411055,
      "rev_growth_yoy_accel": -0.09181746263016473,
      "fcf_margin_change": -0.0067533972192553166
    },
    {
      "date": "2023-03-31T00:00:00",
      "quarter_label": "2023-03 (Q1)",
      "revenue": 55063000,
      "gross_profit": 13482000,
      "operating_income": 532000,
      "net_income": 261000,
      "opex": 12950000,
      "cogs": 41581000,
      "rd": null,
      "sga": 12950000,
      "fcf": 3034000,
      "ocf": 3131000,
      "capex": -97000,
      "gross_margin": 0.24484681183371773,
      "op_margin": 0.00966166028004286,
      "fcf_margin": 0.055100521221146684,
      "incr_op_margin_yoy": 0.5914322250639387,
      "rev_growth_yoy": -0.07852062588904694,
      "rev_growth_yoy_accel": -0.047495019602635885,
      "fcf_margin_change": -0.029753365803461815
    },
    {
      "date": "2023-06-30T00:00:00",
      "quarter_label": "2023-06 (Q2)",
      "revenue": 52204000,
      "gross_profit": 13644000,
      "operating_income": -2828000,
      "net_income": -2173000,
      "opex": 16472000,
      "cogs": 38560000,
      "rd": null,
      "sga": null,
      "fcf": 9961000,
      "ocf": 9976000,
      "capex": -15000,
      "gross_margin": 0.2613592828135775,
      "op_margin": -0.05417209409240671,
      "fcf_margin": 0.19080913339973948,
      "incr_op_margin_yoy": 0.6431958034903662,
      "rev_growth_yoy": -0.15958594265659964,
      "rev_growth_yoy_accel": -0.0810653167675527,
      "fcf_margin_change": 0.1357086121785928
    },
    {
      "date": "2023-09-30T00:00:00",
      "quarter_label": "2023-09 (Q3)",
      "revenue": 47779000,
      "gross_profit": 12566000,
      "operating_income": -49000,
      "net_income": 125000,
      "opex": 12615000,
      "cogs": 35213000,
      "rd": null,
      "sga": null,
      "fcf": -2663000,
      "ocf": -2562000,
      "capex": -101000,
      "gross_margin": 0.2630025743527491,
      "op_margin": -0.0010255551602168316,
      "fcf_margin": -0.05573578350321271,
      "incr_op_margin_yoy": 0.22158610370177606,
      "rev_growth_yoy": -0.24340459224069674,
      "rev_growth_yoy_accel": -0.0838186495840971,
      "fcf_margin_change": -0.2465449169029522
    },
    {
      "date": "2023-12-31T00:00:00",
      "quarter_label": "2023-12 (Q4)",
      "revenue": 46052000,
      "gross_profit": 11344000,
      "operating_income": -6930000,
      "net_income": -5351000,
      "opex": 18274000,
      "cogs": 34708000,
      "rd": null,
      "sga": null,
      "fcf": 5311000,
      "ocf": 5433000,
      "capex": -122000,
      "gross_margin": 0.24633023538608528,
      "op_margin": -0.1504820637540172,
      "fcf_margin": 0.11532615304438461,
      "incr_op_margin_yoy": 0.7987280544607668,
      "rev_growth_yoy": -0.1951202460850112,
      "rev_growth_yoy_accel": 0.048284346155685554,
      "fcf_margin_change": 0.17106193654759733
    },
    {
      "date": "2024-03-31T00:00:00",
      "quarter_label": "2024-03 (Q1)",
      "revenue": 46823000,
      "gross_profit": 12131000,
      "operating_income": -406000,
      "net_income": -161000,
      "opex": 2094000,
      "cogs": 34692000,
      "rd": null,
      "sga": 12537000,
      "fcf": -1604000,
      "ocf": -1326000,
      "capex": -278000,
      "gross_margin": 0.2590820750485872,
      "op_margin": -0.008670952309762297,
      "fcf_margin": -0.03425666873117912,
      "incr_op_margin_yoy": 0.11383495145631067,
      "rev_growth_yoy": -0.14964676824728038,
      "rev_growth_yoy_accel": 0.045473477837730814,
      "op_leverage_ratio": Infinity,
      "fcf_margin_change": -0.14958282177556373
    },
    {
      "date": "2024-06-30T00:00:00",
      "quarter_label": "2024-06 (Q2)",
      "revenue": 49534000,
      "gross_profit": 13980000,
      "operating_income": 1693000,
      "net_income": 1391000,
      "opex": 12287000,
      "cogs": 35554000,
      "rd": null,
      "sga": 12287000,
      "fcf": 707000,
      "ocf": 1181000,
      "capex": -474000,
      "gross_margin": 0.2822303872087859,
      "op_margin": 0.03417854403036298,
      "fcf_margin": 0.014273024589171075,
      "incr_op_margin_yoy": -1.693258426966292,
      "rev_growth_yoy": -0.05114550609148724,
      "rev_growth_yoy_accel": 0.09850126215579313,
      "op_leverage_ratio": 0.011894465603129825,
      "fcf_margin_change": 0.048529693320350197
    },
    {
      "date": "2024-09-30T00:00:00",
      "quarter_label": "2024-09 (Q3)",
      "revenue": 51839000,
      "gross_profit": 14771000,
      "operating_income": 2439000,
      "net_income": 1875000,
      "opex": 12332000,
      "cogs": 37068000,
      "rd": null,
      "sga": 12332000,
      "fcf": 3225000,
      "ocf": 3299000,
      "capex": -74000,
      "gross_margin": 0.2849399101062906,
      "op_margin": 0.04704951870213546,
      "fcf_margin": 0.062211848222380836,
      "incr_op_margin_yoy": 0.6128078817733991,
      "rev_growth_yoy": 0.08497457041796605,
      "rev_growth_yoy_accel": 0.1361200765094533,
      "op_leverage_ratio": 12.705766633916996,
      "fcf_margin_change": 0.04793882363320976
    },
    {
      "date": "2024-12-31T00:00:00",
      "quarter_label": "2024-12 (Q4)",
      "revenue": 50747000,
      "gross_profit": 14715000,
      "operating_income": 65000,
      "net_income": 297000,
      "opex": -27729000,
      "cogs": 36032000,
      "rd": null,
      "sga": 14650000,
      "fcf": 3923000,
      "ocf": 4038000,
      "capex": -115000,
      "gross_margin": 0.2899678798746724,
      "op_margin": 0.001280863893432124,
      "fcf_margin": 0.07730506236821881,
      "incr_op_margin_yoy": 1.4898828541001066,
      "rev_growth_yoy": 0.10194996959958308,
      "rev_growth_yoy_accel": 0.01697539918161703,
      "fcf_margin_change": 0.015093214145837974
    },
    {
      "date": "2025-03-31T00:00:00",
      "quarter_label": "2025-03 (Q1)",
      "revenue": 48317000,
      "gross_profit": 12892000,
      "operating_income": -1853000,
      "net_income": -1439000,
      "opex": 2219000,
      "cogs": 35425000,
      "rd": null,
      "sga": 14745000,
      "fcf": -3109000,
      "ocf": -2995000,
      "capex": -114000,
      "gross_margin": 0.26682120164745327,
      "op_margin": -0.0383508909907486,
      "fcf_margin": -0.06434588240163917,
      "incr_op_margin_yoy": -0.9685408299866132,
      "rev_growth_yoy": 0.03190739593789377,
      "rev_growth_yoy_accel": -0.07004257366168931,
      "fcf_margin_change": -0.14165094476985798
    },
    {
      "date": "2025-06-30T00:00:00",
      "quarter_label": "2025-06 (Q2)",
      "revenue": 49097000,
      "gross_profit": 13820000,
      "operating_income": 27000,
      "net_income": 135000,
      "opex": 2025000,
      "cogs": 35277000,
      "rd": null,
      "sga": 13793000,
      "fcf": 3241000,
      "ocf": 3296000,
      "capex": -55000,
      "gross_margin": 0.2814835937022629,
      "op_margin": 0.0005499317677251156,
      "fcf_margin": 0.06601217997026294,
      "rev_growth_yoy": -0.008822223119473492,
      "rev_growth_yoy_accel": -0.04072961905736726,
      "op_leverage_ratio": Infinity,
      "fcf_margin_change": 0.13035806237190212
    },
    {
      "date": "2025-09-30T00:00:00",
      "quarter_label": "2025-09 (Q3)",
      "revenue": 48496000,
      "gross_profit": 13461000,
      "operating_income": 820000,
      "net_income": 941000,
      "opex": 1932000,
      "cogs": 35035000,
      "rd": null,
      "sga": 12641000,
      "fcf": 6294000,
      "ocf": 6476000,
      "capex": -182000,
      "gross_margin": 0.27756928406466513,
      "op_margin": 0.016908611019465523,
      "fcf_margin": 0.1297838997030683,
      "incr_op_margin_yoy": 0.484295542925516,
      "rev_growth_yoy": -0.06448812669997492,
      "rev_growth_yoy_accel": -0.05566590358050143,
      "fcf_margin_change": 0.06377171973280536
    }
  ],
  "signals": [
    {
      "quarter": "2025-09 (Q3)",
      "signal": "FCF MARGIN EXPANSION",
      "detail": "FCF margin: +6.6% -> +13.0% (+6.4%)",
      "severity": "MEDIUM"
    },
    {
      "quarter": "2025-09 (Q3)",
      "signal": "YoY REVENUE GROWTH DECELERATION",
      "detail": "YoY growth: -6.4% vs prior quarter YoY: -0.9% (decel: -5.6%)",
      "severity": "WARNING"
    },
    {
      "quarter": "2025-09 (Q3)",
      "signal": "INCREMENTAL MARGIN (YoY)",
      "detail": "YoY Incr OPM: +48.4% vs year-ago OPM: +4.7%",
      "severity": "HIGH"
    },
    {
      "quarter": "2025-06 (Q2)",
      "signal": "FCF TURNED POSITIVE",
      "detail": "FCF margin: -6.4% -> +6.6%",
      "severity": "HIGH"
    },
    {
      "quarter": "2025-06 (Q2)",
      "signal": "OP MARGIN TURNED POSITIVE (QoQ)",
      "detail": "Op margin: -3.8% -> +0.1%",
      "severity": "HIGH"
    },
    {
      "quarter": "2025-03 (Q1)",
      "signal": "YoY REVENUE GROWTH DECELERATION",
      "detail": "YoY growth: +3.2% vs prior quarter YoY: +10.2% (decel: -7.0%)",
      "severity": "WARNING"
    },
    {
      "quarter": "2024-12 (Q4)",
      "signal": "OP MARGIN TURNED POSITIVE (YoY)",
      "detail": "Op margin: -15.0% (year-ago) -> +0.1%",
      "severity": "HIGH"
    },
    {
      "quarter": "2024-09 (Q3)",
      "signal": "OPERATING LEVERAGE",
      "detail": "Rev growth +4.7% vs OpEx growth +0.4% (leverage: 12.7x)",
      "severity": "MEDIUM"
    },
    {
      "quarter": "2024-09 (Q3)",
      "signal": "YoY REVENUE GROWTH ACCELERATION",
      "detail": "YoY growth: +8.5% vs prior quarter YoY: -5.1% (accel: +13.6%)",
      "severity": "MEDIUM"
    },
    {
      "quarter": "2024-09 (Q3)",
      "signal": "OP MARGIN TURNED POSITIVE (YoY)",
      "detail": "Op margin: -0.1% (year-ago) -> +4.7%",
      "severity": "HIGH"
    },
    {
      "quarter": "2024-06 (Q2)",
      "signal": "FCF TURNED POSITIVE",
      "detail": "FCF margin: -3.4% -> +1.4%",
      "severity": "HIGH"
    },
    {
      "quarter": "2024-06 (Q2)",
      "signal": "YoY REVENUE GROWTH ACCELERATION",
      "detail": "YoY growth: -5.1% vs prior quarter YoY: -15.0% (accel: +9.9%)",
      "severity": "MEDIUM"
    },
    {
      "quarter": "2024-06 (Q2)",
      "signal": "OP MARGIN TURNED POSITIVE (YoY)",
      "detail": "Op margin: -5.4% (year-ago) -> +3.4%",
      "severity": "HIGH"
    },
    {
      "quarter": "2024-06 (Q2)",
      "signal": "OP MARGIN TURNED POSITIVE (QoQ)",
      "detail": "Op margin: -0.9% -> +3.4%",
      "severity": "HIGH"
    },
    {
      "quarter": "2023-12 (Q4)",
      "signal": "FCF TURNED POSITIVE",
      "detail": "FCF margin: -5.6% -> +11.5%",
      "severity": "HIGH"
    },
    {
      "quarter": "2023-09 (Q3)",
      "signal": "YoY REVENUE GROWTH DECELERATION",
      "detail": "YoY growth: -24.3% vs prior quarter YoY: -16.0% (decel: -8.4%)",
      "severity": "WARNING"
    },
    {
      "quarter": "2023-06 (Q2)",
      "signal": "FCF MARGIN EXPANSION",
      "detail": "FCF margin: +5.5% -> +19.1% (+13.6%)",
      "severity": "MEDIUM"
    },
    {
      "quarter": "2023-06 (Q2)",
      "signal": "YoY REVENUE GROWTH DECELERATION",
      "detail": "YoY growth: -16.0% vs prior quarter YoY: -7.9% (decel: -8.1%)",
      "severity": "WARNING"
    },
    {
      "quarter": "2023-03 (Q1)",
      "signal": "INCREMENTAL MARGIN (YoY)",
      "detail": "YoY Incr OPM: +59.1% vs year-ago OPM: +5.5%",
      "severity": "HIGH"
    },
    {
      "quarter": "2022-12 (Q4)",
      "signal": "YoY REVENUE GROWTH DECELERATION",
      "detail": "YoY growth: -3.1% vs prior quarter YoY: +6.1% (decel: -9.2%)",
      "severity": "WARNING"
    },
    {
      "quarter": "2022-12 (Q4)",
      "signal": "INCREMENTAL MARGIN (YoY)",
      "detail": "YoY Incr OPM: +189.3% vs year-ago OPM: +9.2%",
      "severity": "HIGH"
    },
    {
      "quarter": "2022-09 (Q3)",
      "signal": "FCF MARGIN EXPANSION",
      "detail": "FCF margin: +0.5% -> +9.2% (+8.7%)",
      "severity": "MEDIUM"
    },
    {
      "quarter": "2022-09 (Q3)",
      "signal": "YoY REVENUE GROWTH DECELERATION",
      "detail": "YoY growth: +6.1% vs prior quarter YoY: +15.8% (decel: -9.7%)",
      "severity": "WARNING"
    },
    {
      "quarter": "2022-03 (Q1)",
      "signal": "INCREMENTAL MARGIN (YoY)",
      "detail": "YoY Incr OPM: +14.4% vs year-ago OPM: +3.8%",
      "severity": "MEDIUM"
    },
    {
      "quarter": "2021-12 (Q4)",
      "signal": "INCREMENTAL MARGIN (YoY)",
      "detail": "YoY Incr OPM: +22.8% vs year-ago OPM: +6.4%",
      "severity": "MEDIUM"
    },
    {
      "quarter": "2021-09 (Q3)",
      "signal": "FCF TURNED POSITIVE",
      "detail": "FCF margin: -1.5% -> +2.0%",
      "severity": "HIGH"
    }
  ],
  "data_quality": {
    "n_quarters": 20,
    "coverage": {
      "revenue": [
        20,
        20
      ],
      "gross_profit": [
        20,
        20
      ],
      "op_income": [
        20,
        20
      ],
      "fcf": [
        20,
        20
      ]
    },
    "gaps": [],
    "warnings": []
  },
  "market_cap": null,
  "source": "SEC EDGAR",
  "last_updated": "2026-02-02T23:27:10.444545"
}