{
  "ticker": "MHK",
  "name": "MOHAWK INDUSTRIES, INC.",
  "quarters": [
    {
      "date": "2020-12-31T00:00:00",
      "quarter_label": "2020-12 (Q4)",
      "revenue": 2641764000,
      "gross_profit": 738084000,
      "operating_income": 282734000,
      "net_income": 248222000,
      "opex": 455350000,
      "cogs": 1903680000,
      "rd": null,
      "sga": 455350000,
      "fcf": 247702000,
      "ocf": 407845000,
      "capex": -160143000,
      "gross_margin": 0.27939058901552144,
      "op_margin": 0.1070247001624672,
      "fcf_margin": 0.09376386384249312
    },
    {
      "date": "2021-04-03T00:00:00",
      "quarter_label": "2021-04 (Q2)",
      "revenue": 2669026000,
      "gross_profit": 791769000,
      "operating_income": 317515000,
      "net_income": 236807000,
      "opex": 474254000,
      "cogs": 1877257000,
      "rd": null,
      "sga": 474254000,
      "fcf": 144870000,
      "ocf": 259605000,
      "capex": -114735000,
      "gross_margin": 0.29665091310463065,
      "op_margin": 0.11896287259846851,
      "fcf_margin": 0.054278227338362385,
      "op_leverage_ratio": 0.24857378660135235,
      "fcf_margin_change": -0.039485636504130735
    },
    {
      "date": "2021-07-03T00:00:00",
      "quarter_label": "2021-07 (Q3)",
      "revenue": 2953833000,
      "gross_profit": 902207000,
      "operating_income": 404424000,
      "net_income": 336285000,
      "opex": 497783000,
      "cogs": 2051626000,
      "rd": null,
      "sga": 497783000,
      "fcf": 225687000,
      "ocf": 338391000,
      "capex": -112704000,
      "gross_margin": 0.30543602160311706,
      "op_margin": 0.13691498469954125,
      "fcf_margin": 0.07640479336509545,
      "op_leverage_ratio": 2.1508265439431566,
      "fcf_margin_change": 0.022126566026733067
    },
    {
      "date": "2021-10-02T00:00:00",
      "quarter_label": "2021-10 (Q4)",
      "revenue": 2817017000,
      "gross_profit": 837315000,
      "operating_income": 359974000,
      "net_income": 270978000,
      "opex": 477341000,
      "cogs": 1979702000,
      "rd": null,
      "sga": 477341000,
      "fcf": 350999000,
      "ocf": 498739000,
      "capex": -147740000,
      "gross_margin": 0.297234627977041,
      "op_margin": 0.12778552632092743,
      "fcf_margin": 0.124599532058202,
      "fcf_margin_change": 0.048194738693106545
    },
    {
      "date": "2021-12-31T00:00:00",
      "quarter_label": "2021-12 (Q4)",
      "revenue": 2760737000,
      "gross_profit": 737443000,
      "operating_income": 253098000,
      "net_income": 189089000,
      "opex": 484345000,
      "cogs": 2023294000,
      "rd": null,
      "sga": 484345000,
      "fcf": -88557000,
      "ocf": 212384000,
      "capex": -300941000,
      "gross_margin": 0.26711816446115655,
      "op_margin": 0.09167769331160483,
      "fcf_margin": -0.032077303995273726,
      "incr_op_margin_yoy": -0.249098534961714,
      "rev_growth_yoy": 0.045035438441889585,
      "fcf_margin_change": -0.1566768360534757
    },
    {
      "date": "2022-04-02T00:00:00",
      "quarter_label": "2022-04 (Q2)",
      "revenue": 3015663000,
      "gross_profit": 802128000,
      "operating_income": 320801000,
      "net_income": 245329000,
      "opex": 481327000,
      "cogs": 2213535000,
      "rd": null,
      "sga": 481327000,
      "fcf": -74516000,
      "ocf": 54954000,
      "capex": -129470000,
      "gross_margin": 0.26598728040898467,
      "op_margin": 0.1063782657412317,
      "fcf_margin": -0.024709657544626173,
      "incr_op_margin_yoy": 0.009479657393757735,
      "rev_growth_yoy": 0.12987396900592202,
      "rev_growth_yoy_accel": 0.08483853056403243,
      "op_leverage_ratio": Infinity,
      "fcf_margin_change": 0.0073676464506475525
    },
    {
      "date": "2022-07-02T00:00:00",
      "quarter_label": "2022-07 (Q3)",
      "revenue": 3153188000,
      "gross_profit": 873197000,
      "operating_income": 367927000,
      "net_income": 280431000,
      "opex": 505270000,
      "cogs": 2279991000,
      "rd": null,
      "sga": 505270000,
      "fcf": -2864000,
      "ocf": 147707000,
      "capex": -150571000,
      "gross_margin": 0.27692513101026645,
      "op_margin": 0.11668413047366664,
      "fcf_margin": -0.0009082871049870797,
      "incr_op_margin_yoy": -0.18307541822377166,
      "rev_growth_yoy": 0.06749027450096197,
      "rev_growth_yoy_accel": -0.06238369450496005,
      "op_leverage_ratio": 0.9167702352329588,
      "fcf_margin_change": 0.023801370439639095
    },
    {
      "date": "2022-10-01T00:00:00",
      "quarter_label": "2022-10 (Q4)",
      "revenue": 2917539000,
      "gross_profit": 713661000,
      "operating_income": -505589000,
      "net_income": -533969000,
      "opex": 1219250000,
      "cogs": 2203878000,
      "rd": null,
      "sga": 523479000,
      "fcf": 74731000,
      "ocf": 224774000,
      "capex": -150043000,
      "gross_margin": 0.24461061188899275,
      "op_margin": -0.17329297054812293,
      "fcf_margin": 0.02561439624286085,
      "incr_op_margin_yoy": -8.610682238713913,
      "rev_growth_yoy": 0.03568384571339115,
      "rev_growth_yoy_accel": -0.03180642878757082,
      "fcf_margin_change": 0.02652268334784793
    },
    {
      "date": "2022-12-31T00:00:00",
      "quarter_label": "2022-12 (Q4)",
      "revenue": 2650675000,
      "gross_profit": 554440000,
      "operating_income": 61078000,
      "net_income": 33456000,
      "opex": 493362000,
      "cogs": 2096235000,
      "rd": null,
      "sga": 493362000,
      "fcf": 91149000,
      "ocf": 241765000,
      "capex": -150616000,
      "gross_margin": 0.20916936252086732,
      "op_margin": 0.023042432587925717,
      "fcf_margin": 0.03438709008082847,
      "incr_op_margin_yoy": 1.744653013755883,
      "rev_growth_yoy": -0.0398668906165274,
      "rev_growth_yoy_accel": -0.07555073632991854,
      "fcf_margin_change": 0.00877269383796762
    },
    {
      "date": "2023-04-01T00:00:00",
      "quarter_label": "2023-04 (Q2)",
      "revenue": 2806223000,
      "gross_profit": 643442000,
      "operating_income": 125790000,
      "net_income": 80238000,
      "opex": 517652000,
      "cogs": 2162781000,
      "rd": null,
      "sga": 517652000,
      "fcf": 128800000,
      "ocf": 257300000,
      "capex": -128500000,
      "gross_margin": 0.22929111478310882,
      "op_margin": 0.04482537560272295,
      "fcf_margin": 0.04589799171341693,
      "incr_op_margin_yoy": 0.9311067608861726,
      "rev_growth_yoy": -0.06945073106643547,
      "rev_growth_yoy_accel": -0.02958384044990807,
      "op_leverage_ratio": 1.1919173197698312,
      "fcf_margin_change": 0.011510901632588458
    },
    {
      "date": "2023-07-01T00:00:00",
      "quarter_label": "2023-07 (Q3)",
      "revenue": 2950428000,
      "gross_profit": 731909000,
      "operating_income": 153046000,
      "net_income": 101217000,
      "opex": 578863000,
      "cogs": 2218519000,
      "rd": null,
      "sga": 578863000,
      "fcf": 146900000,
      "ocf": 263600000,
      "capex": -116700000,
      "gross_margin": 0.2480687547704943,
      "op_margin": 0.0518724740952838,
      "fcf_margin": 0.04978938648901109,
      "incr_op_margin_yoy": 1.0597800355099625,
      "rev_growth_yoy": -0.06430317507233949,
      "rev_growth_yoy_accel": 0.005147555994095984,
      "op_leverage_ratio": 0.4345768230956453,
      "fcf_margin_change": 0.0038913947755941578
    },
    {
      "date": "2023-09-30T00:00:00",
      "quarter_label": "2023-09 (Q3)",
      "revenue": 2766186000,
      "gross_profit": 692007000,
      "operating_income": -733742000,
      "net_income": -760459000,
      "opex": 1425749000,
      "cogs": 2074179000,
      "rd": null,
      "sga": 549641000,
      "fcf": 384600000,
      "ocf": 512000000,
      "capex": -127400000,
      "gross_margin": 0.2501664747056055,
      "op_margin": -0.2652540357011423,
      "fcf_margin": 0.13903620363923466,
      "incr_op_margin_yoy": 1.5074230441418406,
      "rev_growth_yoy": -0.051876941490756424,
      "rev_growth_yoy_accel": 0.012426233581583061,
      "fcf_margin_change": 0.08924681715022358
    },
    {
      "date": "2023-12-31T00:00:00",
      "quarter_label": "2023-12 (Q4)",
      "revenue": 2612278000,
      "gross_profit": 642294000,
      "operating_income": 167098000,
      "net_income": 139488000,
      "opex": 475196000,
      "cogs": 1969984000,
      "rd": null,
      "sga": 473560000,
      "fcf": 56000000,
      "ocf": 296300000,
      "capex": -240300000,
      "gross_margin": 0.24587505617702252,
      "op_margin": 0.06396639255086939,
      "fcf_margin": 0.021437228350122,
      "incr_op_margin_yoy": -2.761153215094929,
      "rev_growth_yoy": -0.01448574419723278,
      "rev_growth_yoy_accel": 0.037391197293523644,
      "fcf_margin_change": -0.11759897528911266
    },
    {
      "date": "2024-03-30T00:00:00",
      "quarter_label": "2024-03 (Q1)",
      "revenue": 2679400000,
      "gross_profit": 649500000,
      "operating_income": 146600000,
      "net_income": 105000000,
      "opex": 502900000,
      "cogs": 2029900000,
      "rd": null,
      "sga": 502900000,
      "fcf": 96900000,
      "ocf": 183700000,
      "capex": -86800000,
      "gross_margin": 0.24240501604836903,
      "op_margin": 0.05471374188251101,
      "fcf_margin": 0.03616481301783982,
      "incr_op_margin_yoy": -0.1640869558360865,
      "rev_growth_yoy": -0.045193486048685366,
      "rev_growth_yoy_accel": -0.030707741851452586,
      "op_leverage_ratio": 0.44073322696775374,
      "fcf_margin_change": 0.014727584667717817
    },
    {
      "date": "2024-06-29T00:00:00",
      "quarter_label": "2024-06 (Q2)",
      "revenue": 2801300000,
      "gross_profit": 723800000,
      "operating_income": 214000000,
      "net_income": 157400000,
      "opex": 509800000,
      "cogs": 2077500000,
      "rd": null,
      "sga": 509800000,
      "fcf": 142200000,
      "ocf": 233600000,
      "capex": -91400000,
      "gross_margin": 0.2583800378395745,
      "op_margin": 0.07639310320208474,
      "fcf_margin": 0.05076214614643201,
      "incr_op_margin_yoy": -0.4087361193069041,
      "rev_growth_yoy": -0.0505445311663257,
      "rev_growth_yoy_accel": -0.005351045117640334,
      "op_leverage_ratio": 3.3158791769301588,
      "fcf_margin_change": 0.014597333128592196
    },
    {
      "date": "2024-09-28T00:00:00",
      "quarter_label": "2024-09 (Q3)",
      "revenue": 2719000000,
      "gross_profit": 692600000,
      "operating_income": 212300000,
      "net_income": 162000000,
      "opex": 480300000,
      "cogs": 2026400000,
      "rd": null,
      "sga": 480300000,
      "fcf": 204200000,
      "ocf": 319600000,
      "capex": -115400000,
      "gross_margin": 0.2547260022066936,
      "op_margin": 0.07808017653549099,
      "fcf_margin": 0.07510114012504597,
      "incr_op_margin_yoy": -20.04920951129572,
      "rev_growth_yoy": -0.017058144318567153,
      "rev_growth_yoy_accel": 0.03348638684775855,
      "fcf_margin_change": 0.024338993978613957
    },
    {
      "date": "2024-12-31T00:00:00",
      "quarter_label": "2024-12 (Q4)",
      "revenue": 2637200000,
      "gross_profit": 621800000,
      "operating_income": 121800000,
      "net_income": 93200000,
      "opex": 500000000,
      "cogs": 2015400000,
      "rd": null,
      "sga": 491800000,
      "fcf": 236200000,
      "ocf": 397000000,
      "capex": -160800000,
      "gross_margin": 0.23578037312300926,
      "op_margin": 0.04618534809646595,
      "fcf_margin": 0.08956468982253905,
      "incr_op_margin_yoy": -1.817590883556697,
      "rev_growth_yoy": 0.009540332231102509,
      "rev_growth_yoy_accel": 0.02659847654966966,
      "fcf_margin_change": 0.014463549697493083
    },
    {
      "date": "2025-03-29T00:00:00",
      "quarter_label": "2025-03 (Q1)",
      "revenue": 2525800000,
      "gross_profit": 583300000,
      "operating_income": 96000000,
      "net_income": 72600000,
      "opex": 487300000,
      "cogs": 1942500000,
      "rd": null,
      "sga": 487300000,
      "fcf": -85400000,
      "ocf": 3700000,
      "capex": -89100000,
      "gross_margin": 0.23093673291630373,
      "op_margin": 0.038007759917649854,
      "fcf_margin": -0.033811069760076015,
      "incr_op_margin_yoy": 0.3294270833333333,
      "rev_growth_yoy": -0.05732626707471822,
      "rev_growth_yoy_accel": -0.06686659930582073,
      "fcf_margin_change": -0.12337575958261507
    },
    {
      "date": "2025-06-28T00:00:00",
      "quarter_label": "2025-06 (Q2)",
      "revenue": 2802100000,
      "gross_profit": 714400000,
      "operating_income": 188700000,
      "net_income": 146500000,
      "opex": 525700000,
      "cogs": 2087700000,
      "rd": null,
      "sga": 525700000,
      "fcf": 126100000,
      "ocf": 206300000,
      "capex": -80200000,
      "gross_margin": 0.2549516434102994,
      "op_margin": 0.0673423503800721,
      "fcf_margin": 0.04500196281360408,
      "rev_growth_yoy": 0.00028558169421340093,
      "rev_growth_yoy_accel": 0.05761184876893162,
      "op_leverage_ratio": 1.388184251029377,
      "fcf_margin_change": 0.0788130325736801
    },
    {
      "date": "2025-09-27T00:00:00",
      "quarter_label": "2025-09 (Q3)",
      "revenue": 2757900000,
      "gross_profit": 654900000,
      "operating_income": 136700000,
      "net_income": 108800000,
      "opex": 518200000,
      "cogs": 2103000000,
      "rd": null,
      "sga": 518200000,
      "fcf": 310300000,
      "ocf": 386600000,
      "capex": -76300000,
      "gross_margin": 0.2374632872838029,
      "op_margin": 0.049566699300192175,
      "fcf_margin": 0.11251314405888538,
      "incr_op_margin_yoy": -1.943444730077121,
      "rev_growth_yoy": 0.014306730415593969,
      "rev_growth_yoy_accel": 0.014021148721380569,
      "fcf_margin_change": 0.0675111812452813
    }
  ],
  "signals": [
    {
      "quarter": "2025-09 (Q3)",
      "signal": "FCF MARGIN EXPANSION",
      "detail": "FCF margin: +4.5% -> +11.3% (+6.8%)",
      "severity": "MEDIUM"
    },
    {
      "quarter": "2025-06 (Q2)",
      "signal": "FCF TURNED POSITIVE",
      "detail": "FCF margin: -3.4% -> +4.5%",
      "severity": "HIGH"
    },
    {
      "quarter": "2025-06 (Q2)",
      "signal": "GROSS MARGIN INFLECTION",
      "detail": "GM: +23.6% -> +23.1% -> +25.5% (reversal +2.4%)",
      "severity": "MEDIUM"
    },
    {
      "quarter": "2025-06 (Q2)",
      "signal": "YoY REVENUE GROWTH ACCELERATION",
      "detail": "YoY growth: +0.0% vs prior quarter YoY: -5.7% (accel: +5.8%)",
      "severity": "MEDIUM"
    },
    {
      "quarter": "2025-03 (Q1)",
      "signal": "YoY REVENUE GROWTH DECELERATION",
      "detail": "YoY growth: -5.7% vs prior quarter YoY: +1.0% (decel: -6.7%)",
      "severity": "WARNING"
    },
    {
      "quarter": "2025-03 (Q1)",
      "signal": "INCREMENTAL MARGIN (YoY)",
      "detail": "YoY Incr OPM: +32.9% vs year-ago OPM: +5.5%",
      "severity": "HIGH"
    },
    {
      "quarter": "2024-09 (Q3)",
      "signal": "OP MARGIN TURNED POSITIVE (YoY)",
      "detail": "Op margin: -26.5% (year-ago) -> +7.8%",
      "severity": "HIGH"
    },
    {
      "quarter": "2024-06 (Q2)",
      "signal": "OPERATING LEVERAGE",
      "detail": "Rev growth +4.5% vs OpEx growth +1.4% (leverage: 3.3x)",
      "severity": "MEDIUM"
    },
    {
      "quarter": "2023-12 (Q4)",
      "signal": "OP MARGIN TURNED POSITIVE (QoQ)",
      "detail": "Op margin: -26.5% -> +6.4%",
      "severity": "HIGH"
    },
    {
      "quarter": "2023-09 (Q3)",
      "signal": "FCF MARGIN EXPANSION",
      "detail": "FCF margin: +5.0% -> +13.9% (+8.9%)",
      "severity": "MEDIUM"
    },
    {
      "quarter": "2023-07 (Q3)",
      "signal": "INCREMENTAL MARGIN (YoY)",
      "detail": "YoY Incr OPM: +106.0% vs year-ago OPM: +11.7%",
      "severity": "HIGH"
    },
    {
      "quarter": "2023-04 (Q2)",
      "signal": "GROSS MARGIN INFLECTION",
      "detail": "GM: +24.5% -> +20.9% -> +22.9% (reversal +2.0%)",
      "severity": "MEDIUM"
    },
    {
      "quarter": "2023-04 (Q2)",
      "signal": "INCREMENTAL MARGIN (YoY)",
      "detail": "YoY Incr OPM: +93.1% vs year-ago OPM: +10.6%",
      "severity": "HIGH"
    },
    {
      "quarter": "2022-12 (Q4)",
      "signal": "YoY REVENUE GROWTH DECELERATION",
      "detail": "YoY growth: -4.0% vs prior quarter YoY: +3.6% (decel: -7.6%)",
      "severity": "WARNING"
    },
    {
      "quarter": "2022-12 (Q4)",
      "signal": "INCREMENTAL MARGIN (YoY)",
      "detail": "YoY Incr OPM: +174.5% vs year-ago OPM: +9.2%",
      "severity": "HIGH"
    },
    {
      "quarter": "2022-12 (Q4)",
      "signal": "OP MARGIN TURNED POSITIVE (QoQ)",
      "detail": "Op margin: -17.3% -> +2.3%",
      "severity": "HIGH"
    },
    {
      "quarter": "2022-10 (Q4)",
      "signal": "FCF TURNED POSITIVE",
      "detail": "FCF margin: -0.1% -> +2.6%",
      "severity": "HIGH"
    },
    {
      "quarter": "2022-07 (Q3)",
      "signal": "YoY REVENUE GROWTH DECELERATION",
      "detail": "YoY growth: +6.7% vs prior quarter YoY: +13.0% (decel: -6.2%)",
      "severity": "WARNING"
    },
    {
      "quarter": "2022-04 (Q2)",
      "signal": "YoY REVENUE GROWTH ACCELERATION",
      "detail": "YoY growth: +13.0% vs prior quarter YoY: +4.5% (accel: +8.5%)",
      "severity": "MEDIUM"
    },
    {
      "quarter": "2021-07 (Q3)",
      "signal": "OPERATING LEVERAGE",
      "detail": "Rev growth +10.7% vs OpEx growth +5.0% (leverage: 2.2x)",
      "severity": "MEDIUM"
    }
  ],
  "data_quality": {
    "n_quarters": 20,
    "coverage": {
      "revenue": [
        20,
        20
      ],
      "gross_profit": [
        20,
        20
      ],
      "op_income": [
        20,
        20
      ],
      "fcf": [
        20,
        20
      ]
    },
    "gaps": [],
    "warnings": []
  },
  "market_cap": null,
  "source": "SEC EDGAR",
  "last_updated": "2026-02-02T20:48:40.992665"
}