{
  "ticker": "MHO",
  "name": "M/I HOMES, INC.",
  "quarters": [
    {
      "date": "2020-12-31T00:00:00",
      "quarter_label": "2020-12 (Q4)",
      "revenue": 906427000,
      "gross_profit": 217182000,
      "operating_income": 102922000,
      "net_income": 80083000,
      "opex": 804576000,
      "cogs": 689245000,
      "rd": null,
      "sga": null,
      "fcf": -32104000,
      "ocf": -28892000,
      "capex": -3212000,
      "gross_margin": 0.2396023066391447,
      "op_margin": 0.11354692655889553,
      "fcf_margin": -0.03541818591017258
    },
    {
      "date": "2021-03-31T00:00:00",
      "quarter_label": "2021-03 (Q1)",
      "revenue": 828776000,
      "gross_profit": 202191000,
      "operating_income": 111297000,
      "net_income": 84866000,
      "opex": 718495000,
      "cogs": 626585000,
      "rd": null,
      "sga": null,
      "fcf": 75010000,
      "ocf": 75168000,
      "capex": -158000,
      "gross_margin": 0.24396338697066516,
      "op_margin": 0.134290809579428,
      "fcf_margin": 0.09050696448738862,
      "fcf_margin_change": 0.1259251503975612
    },
    {
      "date": "2021-06-30T00:00:00",
      "quarter_label": "2021-06 (Q2)",
      "revenue": 961040000,
      "gross_profit": 241368000,
      "operating_income": 141714000,
      "net_income": 107607000,
      "opex": 819743000,
      "cogs": 719672000,
      "rd": null,
      "sga": null,
      "fcf": 97755000,
      "ocf": 98633000,
      "capex": -878000,
      "gross_margin": 0.25115291767252146,
      "op_margin": 0.14745900274702406,
      "fcf_margin": 0.10171793057521018,
      "op_leverage_ratio": 1.132509317302123,
      "fcf_margin_change": 0.011210966087821558
    },
    {
      "date": "2021-09-30T00:00:00",
      "quarter_label": "2021-09 (Q3)",
      "revenue": 904319000,
      "gross_profit": 221754000,
      "operating_income": 125220000,
      "net_income": 91012000,
      "opex": 788147000,
      "cogs": 682565000,
      "rd": null,
      "sga": null,
      "fcf": -209665000,
      "ocf": -208142000,
      "capex": -1523000,
      "gross_margin": 0.2452165662780501,
      "op_margin": 0.13846883677109514,
      "fcf_margin": -0.23184849594003887,
      "fcf_margin_change": -0.33356642651524904
    },
    {
      "date": "2021-12-31T00:00:00",
      "quarter_label": "2021-12 (Q4)",
      "revenue": 1051752000,
      "gross_profit": 243602000,
      "operating_income": 140065000,
      "net_income": 113383000,
      "opex": 910388000,
      "cogs": 808150000,
      "rd": null,
      "sga": null,
      "fcf": -5224000,
      "ocf": 17518000,
      "capex": -22742000,
      "gross_margin": 0.2316154378598757,
      "op_margin": 0.13317302938335274,
      "fcf_margin": -0.004966950383740653,
      "incr_op_margin_yoy": 0.2555857560639945,
      "rev_growth_yoy": 0.16032730710801862,
      "op_leverage_ratio": 1.051146817946448,
      "fcf_margin_change": 0.22688154555629822
    },
    {
      "date": "2022-03-31T00:00:00",
      "quarter_label": "2022-03 (Q1)",
      "revenue": 860811000,
      "gross_profit": 213109000,
      "operating_income": 122905000,
      "net_income": 91839000,
      "opex": 738561000,
      "cogs": 647702000,
      "rd": null,
      "sga": null,
      "fcf": 68121000,
      "ocf": 69326000,
      "capex": -1205000,
      "gross_margin": 0.24756770069155715,
      "op_margin": 0.14277814758408058,
      "fcf_margin": 0.07913583818050653,
      "incr_op_margin_yoy": 0.362353675667239,
      "rev_growth_yoy": 0.038653387646360414,
      "rev_growth_yoy_accel": -0.1216739194616582,
      "fcf_margin_change": 0.08410278856424717
    },
    {
      "date": "2022-06-30T00:00:00",
      "quarter_label": "2022-06 (Q2)",
      "revenue": 1040654000,
      "gross_profit": 284287000,
      "operating_income": 182865000,
      "net_income": 136838000,
      "opex": 858481000,
      "cogs": 756367000,
      "rd": null,
      "sga": null,
      "fcf": 7726000,
      "ocf": 9214000,
      "capex": -1488000,
      "gross_margin": 0.27318109573402877,
      "op_margin": 0.17572122915013058,
      "fcf_margin": 0.007424177488387111,
      "incr_op_margin_yoy": 0.516881453010777,
      "rev_growth_yoy": 0.08284150503621077,
      "rev_growth_yoy_accel": 0.04418811738985035,
      "op_leverage_ratio": 1.286709422984146,
      "fcf_margin_change": -0.07171166069211941
    },
    {
      "date": "2022-09-30T00:00:00",
      "quarter_label": "2022-09 (Q3)",
      "revenue": 1012928000,
      "gross_profit": 271915000,
      "operating_income": 167295000,
      "net_income": 131590000,
      "opex": 846334000,
      "cogs": 741013000,
      "rd": null,
      "sga": null,
      "fcf": -93874000,
      "ocf": -92689000,
      "capex": -1185000,
      "gross_margin": 0.26844454887218044,
      "op_margin": 0.16515981392557022,
      "fcf_margin": -0.09267588614393125,
      "incr_op_margin_yoy": 0.3873988343507444,
      "rev_growth_yoy": 0.12010031858227019,
      "rev_growth_yoy_accel": 0.03725881354605942,
      "fcf_margin_change": -0.10010006363231837
    },
    {
      "date": "2022-12-31T00:00:00",
      "quarter_label": "2022-12 (Q4)",
      "revenue": 1217000000,
      "gross_profit": 292883000,
      "operating_income": 164386000,
      "net_income": 130395000,
      "opex": 1052810000,
      "cogs": 924117000,
      "rd": null,
      "sga": null,
      "fcf": 192765000,
      "ocf": 198220000,
      "capex": -5455000,
      "gross_margin": 0.24065981922760887,
      "op_margin": 0.1350747740345111,
      "fcf_margin": 0.1583935907970419,
      "incr_op_margin_yoy": 0.1471787858249419,
      "rev_growth_yoy": 0.15711688687066913,
      "rev_growth_yoy_accel": 0.03701656828839894,
      "op_leverage_ratio": 0.8258041376255059,
      "fcf_margin_change": 0.25106947694097315
    },
    {
      "date": "2023-03-31T00:00:00",
      "quarter_label": "2023-03 (Q1)",
      "revenue": 1000530000,
      "gross_profit": 234626000,
      "operating_income": 134586000,
      "net_income": 103066000,
      "opex": 864548000,
      "cogs": 765904000,
      "rd": null,
      "sga": null,
      "fcf": 249420000,
      "ocf": 251499000,
      "capex": -2079000,
      "gross_margin": 0.23450171409153148,
      "op_margin": 0.13451470720518124,
      "fcf_margin": 0.24928787742496478,
      "incr_op_margin_yoy": 0.08360351849068487,
      "rev_growth_yoy": 0.1623108905439173,
      "rev_growth_yoy_accel": 0.005194003673248182,
      "fcf_margin_change": 0.09089428662792287
    },
    {
      "date": "2023-06-30T00:00:00",
      "quarter_label": "2023-06 (Q2)",
      "revenue": 1014013000,
      "gross_profit": 258184000,
      "operating_income": 150659000,
      "net_income": 118001000,
      "opex": 858656000,
      "cogs": 755829000,
      "rd": null,
      "sga": null,
      "fcf": 166147000,
      "ocf": 166190000,
      "capex": -43000,
      "gross_margin": 0.2546160650800335,
      "op_margin": 0.14857699063029764,
      "fcf_margin": 0.163850956545922,
      "incr_op_margin_yoy": 1.208888555234413,
      "rev_growth_yoy": -0.025600247536645224,
      "rev_growth_yoy_accel": -0.18791113808056253,
      "op_leverage_ratio": Infinity,
      "fcf_margin_change": -0.08543692087904278
    },
    {
      "date": "2023-09-30T00:00:00",
      "quarter_label": "2023-09 (Q3)",
      "revenue": 1046371000,
      "gross_profit": 281733000,
      "operating_income": 172131000,
      "net_income": 139016000,
      "opex": 868407000,
      "cogs": 764638000,
      "rd": null,
      "sga": null,
      "fcf": 77050000,
      "ocf": 79541000,
      "capex": -2491000,
      "gross_margin": 0.26924771424284505,
      "op_margin": 0.16450283885925737,
      "fcf_margin": 0.07363545052376261,
      "incr_op_margin_yoy": 0.1446042520108842,
      "rev_growth_yoy": 0.033016166993113036,
      "rev_growth_yoy_accel": 0.05861641452975826,
      "op_leverage_ratio": 2.8100121671056706,
      "fcf_margin_change": -0.09021550602215939
    },
    {
      "date": "2023-12-31T00:00:00",
      "quarter_label": "2023-12 (Q4)",
      "revenue": 972588000,
      "gross_profit": 244386000,
      "operating_income": 129846000,
      "net_income": 105282000,
      "opex": 834614000,
      "cogs": 728202000,
      "rd": null,
      "sga": null,
      "fcf": 53745000,
      "ocf": 54901000,
      "capex": -1156000,
      "gross_margin": 0.2512739207146294,
      "op_margin": 0.13350565707164802,
      "fcf_margin": 0.05525978112006317,
      "incr_op_margin_yoy": 0.14131875685318232,
      "rev_growth_yoy": -0.20083155299917832,
      "rev_growth_yoy_accel": -0.23384771999229137,
      "fcf_margin_change": -0.01837566940369944
    },
    {
      "date": "2024-03-31T00:00:00",
      "quarter_label": "2024-03 (Q1)",
      "revenue": 1046703000,
      "gross_profit": 283343000,
      "operating_income": 173319000,
      "net_income": 138061000,
      "opex": 866464000,
      "cogs": 763360000,
      "rd": null,
      "sga": null,
      "fcf": 115496000,
      "ocf": 115772000,
      "capex": -276000,
      "gross_margin": 0.27070047568412436,
      "op_margin": 0.16558565323687807,
      "fcf_margin": 0.11034266644883983,
      "incr_op_margin_yoy": 0.8388668702488468,
      "rev_growth_yoy": 0.046148541273125246,
      "rev_growth_yoy_accel": 0.24698009427230355,
      "op_leverage_ratio": 1.996886747755534,
      "fcf_margin_change": 0.055082885328776664
    },
    {
      "date": "2024-06-30T00:00:00",
      "quarter_label": "2024-06 (Q2)",
      "revenue": 1109781000,
      "gross_profit": 309280000,
      "operating_income": 186791000,
      "net_income": 146746000,
      "opex": 915642000,
      "cogs": 800501000,
      "rd": null,
      "sga": null,
      "fcf": 22017000,
      "ocf": 27511000,
      "capex": -5494000,
      "gross_margin": 0.27868561454917684,
      "op_margin": 0.168313387956723,
      "fcf_margin": 0.019839049325948092,
      "incr_op_margin_yoy": 0.3772867763762426,
      "rev_growth_yoy": 0.09444454854129089,
      "rev_growth_yoy_accel": 0.048296007268165644,
      "op_leverage_ratio": 1.0617789388376289,
      "fcf_margin_change": -0.09050361712289173
    },
    {
      "date": "2024-09-30T00:00:00",
      "quarter_label": "2024-09 (Q3)",
      "revenue": 1142909000,
      "gross_profit": 309441000,
      "operating_income": 181993000,
      "net_income": 145449000,
      "opex": 954236000,
      "cogs": 833468000,
      "rd": null,
      "sga": null,
      "fcf": -68522000,
      "ocf": -67942000,
      "capex": -580000,
      "gross_margin": 0.27074858978273864,
      "op_margin": 0.15923664963702272,
      "fcf_margin": -0.05995402958590754,
      "incr_op_margin_yoy": 0.10215666369719696,
      "rev_growth_yoy": 0.09225981989179746,
      "rev_growth_yoy_accel": -0.002184728649493428,
      "op_leverage_ratio": 0.7082129195384955,
      "fcf_margin_change": -0.07979307891185564
    },
    {
      "date": "2024-12-31T00:00:00",
      "quarter_label": "2024-12 (Q4)",
      "revenue": 1205277000,
      "gross_profit": 296825000,
      "operating_income": 163991000,
      "net_income": 133469000,
      "opex": 1034720000,
      "cogs": 908452000,
      "rd": null,
      "sga": null,
      "fcf": 102328000,
      "ocf": 104395000,
      "capex": -2067000,
      "gross_margin": 0.24627118911254425,
      "op_margin": 0.1360608391266074,
      "fcf_margin": 0.08489998564645306,
      "incr_op_margin_yoy": 0.1467409288793196,
      "rev_growth_yoy": 0.2392472454934669,
      "rev_growth_yoy_accel": 0.14698742560166944,
      "op_leverage_ratio": 0.6469882736411424,
      "fcf_margin_change": 0.14485401523236058
    },
    {
      "date": "2025-03-31T00:00:00",
      "quarter_label": "2025-03 (Q1)",
      "revenue": 976093000,
      "gross_profit": 252783000,
      "operating_income": 140924000,
      "net_income": 111237000,
      "opex": 829972000,
      "cogs": 723310000,
      "rd": null,
      "sga": null,
      "fcf": 63548000,
      "ocf": 64887000,
      "capex": -1339000,
      "gross_margin": 0.25897429855556797,
      "op_margin": 0.14437558716228885,
      "fcf_margin": 0.06510445213724513,
      "incr_op_margin_yoy": 0.45878770712363687,
      "rev_growth_yoy": -0.0674594416945399,
      "rev_growth_yoy_accel": -0.3067066871880068,
      "fcf_margin_change": -0.01979553350920793
    },
    {
      "date": "2025-06-30T00:00:00",
      "quarter_label": "2025-06 (Q2)",
      "revenue": 1162592000,
      "gross_profit": 286619000,
      "operating_income": 155717000,
      "net_income": 121243000,
      "opex": 1002498000,
      "cogs": 875973000,
      "rd": null,
      "sga": null,
      "fcf": 35146000,
      "ocf": 37755000,
      "capex": -2609000,
      "gross_margin": 0.24653446780985935,
      "op_margin": 0.13393950758305578,
      "fcf_margin": 0.03023072582642922,
      "incr_op_margin_yoy": -0.5884001439094129,
      "rev_growth_yoy": 0.047586866237573,
      "rev_growth_yoy_accel": 0.1150463079321129,
      "op_leverage_ratio": 0.9191665199984961,
      "fcf_margin_change": -0.03487372631081591
    },
    {
      "date": "2025-09-30T00:00:00",
      "quarter_label": "2025-09 (Q3)",
      "revenue": 1131791000,
      "gross_profit": 277669000,
      "operating_income": 135271000,
      "net_income": 106490000,
      "opex": 991972000,
      "cogs": 854122000,
      "rd": null,
      "sga": null,
      "fcf": 42010000,
      "ocf": 43414000,
      "capex": -1404000,
      "gross_margin": 0.24533593216415397,
      "op_margin": 0.11951941657072727,
      "fcf_margin": 0.03711816050843309,
      "incr_op_margin_yoy": 4.202374527792768,
      "rev_growth_yoy": -0.009727808600684744,
      "rev_growth_yoy_accel": -0.057314674838257744,
      "fcf_margin_change": 0.006887434682003871
    }
  ],
  "signals": [
    {
      "quarter": "2025-09 (Q3)",
      "signal": "YoY REVENUE GROWTH DECELERATION",
      "detail": "YoY growth: -1.0% vs prior quarter YoY: +4.8% (decel: -5.7%)",
      "severity": "WARNING"
    },
    {
      "quarter": "2025-09 (Q3)",
      "signal": "INCREMENTAL MARGIN (YoY)",
      "detail": "YoY Incr OPM: +420.2% vs year-ago OPM: +15.9%",
      "severity": "HIGH"
    },
    {
      "quarter": "2025-06 (Q2)",
      "signal": "YoY REVENUE GROWTH ACCELERATION",
      "detail": "YoY growth: +4.8% vs prior quarter YoY: -6.7% (accel: +11.5%)",
      "severity": "MEDIUM"
    },
    {
      "quarter": "2025-03 (Q1)",
      "signal": "YoY REVENUE GROWTH DECELERATION",
      "detail": "YoY growth: -6.7% vs prior quarter YoY: +23.9% (decel: -30.7%)",
      "severity": "WARNING"
    },
    {
      "quarter": "2025-03 (Q1)",
      "signal": "INCREMENTAL MARGIN (YoY)",
      "detail": "YoY Incr OPM: +45.9% vs year-ago OPM: +16.6%",
      "severity": "HIGH"
    },
    {
      "quarter": "2024-12 (Q4)",
      "signal": "FCF TURNED POSITIVE",
      "detail": "FCF margin: -6.0% -> +8.5%",
      "severity": "HIGH"
    },
    {
      "quarter": "2024-12 (Q4)",
      "signal": "YoY REVENUE GROWTH ACCELERATION",
      "detail": "YoY growth: +23.9% vs prior quarter YoY: +9.2% (accel: +14.7%)",
      "severity": "MEDIUM"
    },
    {
      "quarter": "2024-06 (Q2)",
      "signal": "INCREMENTAL MARGIN (YoY)",
      "detail": "YoY Incr OPM: +37.7% vs year-ago OPM: +14.9%",
      "severity": "HIGH"
    },
    {
      "quarter": "2024-03 (Q1)",
      "signal": "FCF MARGIN EXPANSION",
      "detail": "FCF margin: +5.5% -> +11.0% (+5.5%)",
      "severity": "MEDIUM"
    },
    {
      "quarter": "2024-03 (Q1)",
      "signal": "OPERATING LEVERAGE",
      "detail": "Rev growth +7.6% vs OpEx growth +3.8% (leverage: 2.0x)",
      "severity": "MEDIUM"
    },
    {
      "quarter": "2024-03 (Q1)",
      "signal": "YoY REVENUE GROWTH ACCELERATION",
      "detail": "YoY growth: +4.6% vs prior quarter YoY: -20.1% (accel: +24.7%)",
      "severity": "HIGH"
    },
    {
      "quarter": "2024-03 (Q1)",
      "signal": "INCREMENTAL MARGIN (YoY)",
      "detail": "YoY Incr OPM: +83.9% vs year-ago OPM: +13.5%",
      "severity": "HIGH"
    },
    {
      "quarter": "2023-12 (Q4)",
      "signal": "YoY REVENUE GROWTH DECELERATION",
      "detail": "YoY growth: -20.1% vs prior quarter YoY: +3.3% (decel: -23.4%)",
      "severity": "WARNING"
    },
    {
      "quarter": "2023-09 (Q3)",
      "signal": "OPERATING LEVERAGE",
      "detail": "Rev growth +3.2% vs OpEx growth +1.1% (leverage: 2.8x)",
      "severity": "MEDIUM"
    },
    {
      "quarter": "2023-09 (Q3)",
      "signal": "YoY REVENUE GROWTH ACCELERATION",
      "detail": "YoY growth: +3.3% vs prior quarter YoY: -2.6% (accel: +5.9%)",
      "severity": "MEDIUM"
    },
    {
      "quarter": "2023-06 (Q2)",
      "signal": "GROSS MARGIN INFLECTION",
      "detail": "GM: +24.1% -> +23.5% -> +25.5% (reversal +2.0%)",
      "severity": "MEDIUM"
    },
    {
      "quarter": "2023-06 (Q2)",
      "signal": "YoY REVENUE GROWTH DECELERATION",
      "detail": "YoY growth: -2.6% vs prior quarter YoY: +16.2% (decel: -18.8%)",
      "severity": "WARNING"
    },
    {
      "quarter": "2023-06 (Q2)",
      "signal": "INCREMENTAL MARGIN (YoY)",
      "detail": "YoY Incr OPM: +120.9% vs year-ago OPM: +17.6%",
      "severity": "HIGH"
    },
    {
      "quarter": "2023-03 (Q1)",
      "signal": "FCF MARGIN EXPANSION",
      "detail": "FCF margin: +15.8% -> +24.9% (+9.1%)",
      "severity": "MEDIUM"
    },
    {
      "quarter": "2022-12 (Q4)",
      "signal": "FCF TURNED POSITIVE",
      "detail": "FCF margin: -9.3% -> +15.8%",
      "severity": "HIGH"
    },
    {
      "quarter": "2022-09 (Q3)",
      "signal": "INCREMENTAL MARGIN (YoY)",
      "detail": "YoY Incr OPM: +38.7% vs year-ago OPM: +13.8%",
      "severity": "HIGH"
    },
    {
      "quarter": "2022-06 (Q2)",
      "signal": "INCREMENTAL MARGIN (YoY)",
      "detail": "YoY Incr OPM: +51.7% vs year-ago OPM: +14.7%",
      "severity": "HIGH"
    },
    {
      "quarter": "2022-03 (Q1)",
      "signal": "FCF TURNED POSITIVE",
      "detail": "FCF margin: -0.5% -> +7.9%",
      "severity": "HIGH"
    },
    {
      "quarter": "2022-03 (Q1)",
      "signal": "YoY REVENUE GROWTH DECELERATION",
      "detail": "YoY growth: +3.9% vs prior quarter YoY: +16.0% (decel: -12.2%)",
      "severity": "WARNING"
    },
    {
      "quarter": "2022-03 (Q1)",
      "signal": "INCREMENTAL MARGIN (YoY)",
      "detail": "YoY Incr OPM: +36.2% vs year-ago OPM: +13.4%",
      "severity": "HIGH"
    },
    {
      "quarter": "2021-12 (Q4)",
      "signal": "FCF MARGIN EXPANSION",
      "detail": "FCF margin: -23.2% -> -0.5% (+22.7%)",
      "severity": "MEDIUM"
    },
    {
      "quarter": "2021-12 (Q4)",
      "signal": "INCREMENTAL MARGIN (YoY)",
      "detail": "YoY Incr OPM: +25.6% vs year-ago OPM: +11.4%",
      "severity": "MEDIUM"
    },
    {
      "quarter": "2021-03 (Q1)",
      "signal": "FCF TURNED POSITIVE",
      "detail": "FCF margin: -3.5% -> +9.1%",
      "severity": "HIGH"
    }
  ],
  "data_quality": {
    "n_quarters": 20,
    "coverage": {
      "revenue": [
        20,
        20
      ],
      "gross_profit": [
        20,
        20
      ],
      "op_income": [
        20,
        20
      ],
      "fcf": [
        20,
        20
      ]
    },
    "gaps": [],
    "warnings": []
  },
  "market_cap": null,
  "source": "SEC EDGAR",
  "last_updated": "2026-02-02T21:18:21.746043",
  "sector": "Consumer Cyclical",
  "industry": "Residential Construction"
}