{
  "ticker": "MIDD",
  "name": "THE MIDDLEBY CORPORATION",
  "quarters": [
    {
      "date": "2021-01-02T00:00:00",
      "quarter_label": "2021-01 (Q1)",
      "revenue": 729296000,
      "gross_profit": 255983000,
      "operating_income": 93227000,
      "net_income": 51837000,
      "opex": 162756000,
      "cogs": 473313000,
      "rd": null,
      "sga": 147317000,
      "fcf": 203530000,
      "ocf": 208603000,
      "capex": -5073000,
      "gross_margin": 0.35100014260327767,
      "op_margin": 0.12783149777319497,
      "fcf_margin": 0.27907735679340073
    },
    {
      "date": "2021-04-03T00:00:00",
      "quarter_label": "2021-04 (Q2)",
      "revenue": 758058000,
      "gross_profit": 275874000,
      "operating_income": 121173000,
      "net_income": 89263000,
      "opex": 154701000,
      "cogs": 482184000,
      "rd": null,
      "sga": 154957000,
      "fcf": 50970000,
      "ocf": 59695000,
      "capex": -8725000,
      "gross_margin": 0.36392202179780436,
      "op_margin": 0.15984660804318404,
      "fcf_margin": 0.06723759923383171,
      "op_leverage_ratio": Infinity,
      "fcf_margin_change": -0.21183975755956902
    },
    {
      "date": "2021-07-03T00:00:00",
      "quarter_label": "2021-07 (Q3)",
      "revenue": 808773000,
      "gross_profit": 303726000,
      "operating_income": 136717000,
      "net_income": 120585000,
      "opex": 167009000,
      "cogs": 505047000,
      "rd": null,
      "sga": 165711000,
      "fcf": 102100000,
      "ocf": 112686000,
      "capex": -10586000,
      "gross_margin": 0.3755392427788761,
      "op_margin": 0.16904248781796624,
      "fcf_margin": 0.1262406138681682,
      "op_leverage_ratio": 0.8408908521746484,
      "fcf_margin_change": 0.05900301463433649
    },
    {
      "date": "2021-10-02T00:00:00",
      "quarter_label": "2021-10 (Q4)",
      "revenue": 817545000,
      "gross_profit": 299627000,
      "operating_income": 233482000,
      "net_income": 175966000,
      "opex": 66145000,
      "cogs": 517918000,
      "rd": null,
      "sga": 175354000,
      "fcf": 163238000,
      "ocf": 173659000,
      "capex": -10421000,
      "gross_margin": 0.3664960338574635,
      "op_margin": 0.2855891724614547,
      "fcf_margin": 0.19966851977566985,
      "op_leverage_ratio": Infinity,
      "fcf_margin_change": 0.07342790590750164
    },
    {
      "date": "2022-01-01T00:00:00",
      "quarter_label": "2022-01 (Q1)",
      "revenue": 866416000,
      "gross_profit": 315633000,
      "operating_income": 138620000,
      "net_income": 102678000,
      "opex": 177013000,
      "cogs": 550783000,
      "rd": null,
      "sga": 171954000,
      "fcf": 60540000,
      "ocf": 77359000,
      "capex": -16819000,
      "gross_margin": 0.3642972890620672,
      "op_margin": 0.15999242857934295,
      "fcf_margin": 0.06987405588077783,
      "incr_op_margin_yoy": 0.3310457992998833,
      "rev_growth_yoy": 0.1880169368815954,
      "op_leverage_ratio": 0.03566402589822442,
      "fcf_margin_change": -0.12979446389489202
    },
    {
      "date": "2022-04-02T00:00:00",
      "quarter_label": "2022-04 (Q2)",
      "revenue": 994676000,
      "gross_profit": 330510000,
      "operating_income": 122564000,
      "net_income": 85755000,
      "opex": 207946000,
      "cogs": 664166000,
      "rd": null,
      "sga": 206071000,
      "fcf": -29841000,
      "ocf": -15344000,
      "capex": -14497000,
      "gross_margin": 0.33227905368180194,
      "op_margin": 0.12322002340460612,
      "fcf_margin": -0.03000072385379762,
      "incr_op_margin_yoy": 0.005878673642749073,
      "rev_growth_yoy": 0.3121370660292484,
      "rev_growth_yoy_accel": 0.124120129147653,
      "op_leverage_ratio": 0.8471257687749073,
      "fcf_margin_change": -0.09987477973457545
    },
    {
      "date": "2022-07-02T00:00:00",
      "quarter_label": "2022-07 (Q3)",
      "revenue": 1013601000,
      "gross_profit": 360742000,
      "operating_income": 167227000,
      "net_income": 113248000,
      "opex": 193515000,
      "cogs": 652859000,
      "rd": null,
      "sga": 189486000,
      "fcf": 87166000,
      "ocf": 104802000,
      "capex": -17636000,
      "gross_margin": 0.3559013852590911,
      "op_margin": 0.16498306532846752,
      "fcf_margin": 0.08599636346057275,
      "incr_op_margin_yoy": 0.14895424453687972,
      "rev_growth_yoy": 0.25325771260910046,
      "rev_growth_yoy_accel": -0.05887935342014794,
      "op_leverage_ratio": Infinity,
      "fcf_margin_change": 0.11599708731437038
    },
    {
      "date": "2022-10-01T00:00:00",
      "quarter_label": "2022-10 (Q4)",
      "revenue": 992871000,
      "gross_profit": 365232000,
      "operating_income": 161705000,
      "net_income": 104369000,
      "opex": 203527000,
      "cogs": 627639000,
      "rd": null,
      "sga": 201200000,
      "fcf": 65210000,
      "ocf": 83991000,
      "capex": -18781000,
      "gross_margin": 0.36785443426185277,
      "op_margin": 0.16286607222891997,
      "fcf_margin": 0.06567822003059813,
      "incr_op_margin_yoy": -0.4093916475594036,
      "rev_growth_yoy": 0.21445425022475828,
      "rev_growth_yoy_accel": -0.03880346238434218,
      "fcf_margin_change": -0.020318143429974622
    },
    {
      "date": "2022-12-31T00:00:00",
      "quarter_label": "2022-12 (Q4)",
      "revenue": 1031705000,
      "gross_profit": 390070000,
      "operating_income": 188108000,
      "net_income": 133197000,
      "opex": 201962000,
      "cogs": 641635000,
      "rd": null,
      "sga": 200477000,
      "fcf": 142728000,
      "ocf": 159103000,
      "capex": -16375000,
      "gross_margin": 0.378082882219239,
      "op_margin": 0.18232731255543008,
      "fcf_margin": 0.1383418709805613,
      "incr_op_margin_yoy": 0.29940286407443933,
      "rev_growth_yoy": 0.19077325441820095,
      "rev_growth_yoy_accel": -0.02368099580655733,
      "op_leverage_ratio": Infinity,
      "fcf_margin_change": 0.07266365094996317
    },
    {
      "date": "2023-04-01T00:00:00",
      "quarter_label": "2023-04 (Q2)",
      "revenue": 1007396000,
      "gross_profit": 378735000,
      "operating_income": 161022000,
      "net_income": 99089000,
      "opex": 217713000,
      "cogs": 628661000,
      "rd": null,
      "sga": 215407000,
      "fcf": 66517000,
      "ocf": 92002000,
      "capex": -25485000,
      "gross_margin": 0.37595444095469904,
      "op_margin": 0.15983982465683802,
      "fcf_margin": 0.06602865208914865,
      "incr_op_margin_yoy": 3.023427672955975,
      "rev_growth_yoy": 0.012788083757927204,
      "rev_growth_yoy_accel": -0.17798517066027375,
      "fcf_margin_change": -0.07231321889141265
    },
    {
      "date": "2023-07-01T00:00:00",
      "quarter_label": "2023-07 (Q3)",
      "revenue": 1039982000,
      "gross_profit": 393236000,
      "operating_income": 184771000,
      "net_income": 116850000,
      "opex": 208465000,
      "cogs": 646746000,
      "rd": null,
      "sga": 203521000,
      "fcf": 39118000,
      "ocf": 61948000,
      "capex": -22830000,
      "gross_margin": 0.37811808281297177,
      "op_margin": 0.17766749809131313,
      "fcf_margin": 0.03761411255194801,
      "incr_op_margin_yoy": 0.6650240703536636,
      "rev_growth_yoy": 0.026027006682116532,
      "rev_growth_yoy_accel": 0.013238922924189328,
      "op_leverage_ratio": Infinity,
      "fcf_margin_change": -0.02841453953720064
    },
    {
      "date": "2023-09-30T00:00:00",
      "quarter_label": "2023-09 (Q3)",
      "revenue": 980651000,
      "gross_profit": 375322000,
      "operating_income": 174441000,
      "net_income": 108650000,
      "opex": 200881000,
      "cogs": 605329000,
      "rd": null,
      "sga": 196433000,
      "fcf": 197823000,
      "ocf": 219153000,
      "capex": -21330000,
      "gross_margin": 0.3827273923138813,
      "op_margin": 0.1778828553685256,
      "fcf_margin": 0.20172620024861035,
      "incr_op_margin_yoy": -1.0422258592471358,
      "rev_growth_yoy": -0.012307741891947695,
      "rev_growth_yoy_accel": -0.03833474857406423,
      "fcf_margin_change": 0.16411208769666233
    },
    {
      "date": "2023-12-30T00:00:00",
      "quarter_label": "2023-12 (Q4)",
      "revenue": 1008576000,
      "gross_profit": 386769000,
      "operating_income": 114634000,
      "net_income": 76293000,
      "opex": 272135000,
      "cogs": 621807000,
      "rd": null,
      "sga": 191585000,
      "fcf": 240153000,
      "ocf": 255687000,
      "capex": -15534000,
      "gross_margin": 0.38348027317723204,
      "op_margin": 0.11365925820166255,
      "fcf_margin": 0.2381109604035789,
      "incr_op_margin_yoy": 3.1767045700203207,
      "rev_growth_yoy": -0.022418230017301456,
      "rev_growth_yoy_accel": -0.010110488125353761,
      "op_leverage_ratio": 0.08028017647007968,
      "fcf_margin_change": 0.036384760154968554
    },
    {
      "date": "2024-03-30T00:00:00",
      "quarter_label": "2024-03 (Q1)",
      "revenue": 926926000,
      "gross_profit": 346358000,
      "operating_income": 137133000,
      "net_income": 86568000,
      "opex": 209225000,
      "cogs": 580568000,
      "rd": null,
      "sga": 206048000,
      "fcf": 127158000,
      "ocf": 140901000,
      "capex": -13743000,
      "gross_margin": 0.37366305400862637,
      "op_margin": 0.1479438488077797,
      "fcf_margin": 0.1371824719556901,
      "incr_op_margin_yoy": 0.2968683981608053,
      "rev_growth_yoy": -0.07987921333815104,
      "rev_growth_yoy_accel": -0.05746098332084958,
      "fcf_margin_change": -0.10092848844788879
    },
    {
      "date": "2024-06-29T00:00:00",
      "quarter_label": "2024-06 (Q2)",
      "revenue": 991546000,
      "gross_profit": 379642000,
      "operating_income": 175708000,
      "net_income": 115395000,
      "opex": 203934000,
      "cogs": 611904000,
      "rd": null,
      "sga": 198584000,
      "fcf": 138579000,
      "ocf": 149516000,
      "capex": -10937000,
      "gross_margin": 0.3828788578643855,
      "op_margin": 0.17720610037254952,
      "fcf_margin": 0.13976053556768925,
      "incr_op_margin_yoy": 0.1871128912379222,
      "rev_growth_yoy": -0.04657388300951363,
      "rev_growth_yoy_accel": 0.03330533032863741,
      "op_leverage_ratio": Infinity,
      "fcf_margin_change": 0.0025780636119991374
    },
    {
      "date": "2024-09-28T00:00:00",
      "quarter_label": "2024-09 (Q3)",
      "revenue": 942809000,
      "gross_profit": 355434000,
      "operating_income": 173439000,
      "net_income": 114166000,
      "opex": 181995000,
      "cogs": 587375000,
      "rd": null,
      "sga": 179476000,
      "fcf": 145176000,
      "ocf": 156665000,
      "capex": -11489000,
      "gross_margin": 0.37699470412352876,
      "op_margin": 0.1839598476467662,
      "fcf_margin": 0.15398240788961498,
      "incr_op_margin_yoy": 0.026478515934675758,
      "rev_growth_yoy": -0.03858865182414539,
      "rev_growth_yoy_accel": 0.007985231185368237,
      "fcf_margin_change": 0.014221872321925733
    },
    {
      "date": "2024-12-28T00:00:00",
      "quarter_label": "2024-12 (Q4)",
      "revenue": 1013881000,
      "gross_profit": 388935000,
      "operating_income": 169908000,
      "net_income": 112304000,
      "opex": 219027000,
      "cogs": 624946000,
      "rd": null,
      "sga": 178394000,
      "fcf": 226593000,
      "ocf": 239734000,
      "capex": -13141000,
      "gross_margin": 0.38361010808960816,
      "op_margin": 0.16758179707480464,
      "fcf_margin": 0.22349072524290325,
      "incr_op_margin_yoy": 10.419227144203582,
      "rev_growth_yoy": 0.005259891173297798,
      "rev_growth_yoy_accel": 0.04384854299744319,
      "op_leverage_ratio": 0.37047346401805104,
      "fcf_margin_change": 0.06950831735328827
    },
    {
      "date": "2025-03-29T00:00:00",
      "quarter_label": "2025-03 (Q1)",
      "revenue": 906627000,
      "gross_profit": 345933000,
      "operating_income": 140598000,
      "net_income": 92352000,
      "opex": 205335000,
      "cogs": 560694000,
      "rd": null,
      "sga": 202606000,
      "fcf": 107402000,
      "ocf": 141134000,
      "capex": -33732000,
      "gross_margin": 0.38156044326939303,
      "op_margin": 0.15507810819664536,
      "fcf_margin": 0.11846327100340051,
      "incr_op_margin_yoy": -0.17069806394403667,
      "rev_growth_yoy": -0.02189926703965581,
      "rev_growth_yoy_accel": -0.02715915821295361,
      "fcf_margin_change": -0.10502745423950274
    },
    {
      "date": "2025-06-28T00:00:00",
      "quarter_label": "2025-06 (Q2)",
      "revenue": 977859000,
      "gross_profit": 371291000,
      "operating_income": 155392000,
      "net_income": 105956000,
      "opex": 215899000,
      "cogs": 606568000,
      "rd": null,
      "sga": 213611000,
      "fcf": 101084000,
      "ocf": 122003000,
      "capex": -20919000,
      "gross_margin": 0.37969789100473583,
      "op_margin": 0.158910435962649,
      "fcf_margin": 0.10337277664775801,
      "incr_op_margin_yoy": 1.484328194637247,
      "rev_growth_yoy": -0.013803696449786495,
      "rev_growth_yoy_accel": 0.008095570589869315,
      "op_leverage_ratio": 1.5271478314939382,
      "fcf_margin_change": -0.015090494355642498
    },
    {
      "date": "2025-09-27T00:00:00",
      "quarter_label": "2025-09 (Q3)",
      "revenue": 982131000,
      "gross_profit": 361306000,
      "operating_income": -554249000,
      "net_income": -512978000,
      "opex": 915555000,
      "cogs": 620825000,
      "rd": null,
      "sga": 203617000,
      "fcf": 156075000,
      "ocf": 176341000,
      "capex": -20266000,
      "gross_margin": 0.3678796413105787,
      "op_margin": -0.5643330675846705,
      "fcf_margin": 0.15891464580590572,
      "incr_op_margin_yoy": -18.505874574029804,
      "rev_growth_yoy": 0.04170728111420235,
      "rev_growth_yoy_accel": 0.055510977563988845,
      "fcf_margin_change": 0.05554186915814771
    }
  ],
  "signals": [
    {
      "quarter": "2025-09 (Q3)",
      "signal": "FCF MARGIN EXPANSION",
      "detail": "FCF margin: +10.3% -> +15.9% (+5.6%)",
      "severity": "MEDIUM"
    },
    {
      "quarter": "2025-09 (Q3)",
      "signal": "YoY REVENUE GROWTH ACCELERATION",
      "detail": "YoY growth: +4.2% vs prior quarter YoY: -1.4% (accel: +5.6%)",
      "severity": "MEDIUM"
    },
    {
      "quarter": "2025-06 (Q2)",
      "signal": "OPERATING LEVERAGE",
      "detail": "Rev growth +7.9% vs OpEx growth +5.1% (leverage: 1.5x)",
      "severity": "MEDIUM"
    },
    {
      "quarter": "2025-06 (Q2)",
      "signal": "INCREMENTAL MARGIN (YoY)",
      "detail": "YoY Incr OPM: +148.4% vs year-ago OPM: +17.7%",
      "severity": "HIGH"
    },
    {
      "quarter": "2024-12 (Q4)",
      "signal": "FCF MARGIN EXPANSION",
      "detail": "FCF margin: +15.4% -> +22.3% (+7.0%)",
      "severity": "MEDIUM"
    },
    {
      "quarter": "2024-12 (Q4)",
      "signal": "INCREMENTAL MARGIN (YoY)",
      "detail": "YoY Incr OPM: +1041.9% vs year-ago OPM: +11.4%",
      "severity": "HIGH"
    },
    {
      "quarter": "2024-03 (Q1)",
      "signal": "YoY REVENUE GROWTH DECELERATION",
      "detail": "YoY growth: -8.0% vs prior quarter YoY: -2.2% (decel: -5.7%)",
      "severity": "WARNING"
    },
    {
      "quarter": "2024-03 (Q1)",
      "signal": "INCREMENTAL MARGIN (YoY)",
      "detail": "YoY Incr OPM: +29.7% vs year-ago OPM: +16.0%",
      "severity": "MEDIUM"
    },
    {
      "quarter": "2023-12 (Q4)",
      "signal": "INCREMENTAL MARGIN (YoY)",
      "detail": "YoY Incr OPM: +317.7% vs year-ago OPM: +18.2%",
      "severity": "HIGH"
    },
    {
      "quarter": "2023-09 (Q3)",
      "signal": "FCF MARGIN EXPANSION",
      "detail": "FCF margin: +3.8% -> +20.2% (+16.4%)",
      "severity": "MEDIUM"
    },
    {
      "quarter": "2023-07 (Q3)",
      "signal": "INCREMENTAL MARGIN (YoY)",
      "detail": "YoY Incr OPM: +66.5% vs year-ago OPM: +16.5%",
      "severity": "HIGH"
    },
    {
      "quarter": "2023-04 (Q2)",
      "signal": "YoY REVENUE GROWTH DECELERATION",
      "detail": "YoY growth: +1.3% vs prior quarter YoY: +19.1% (decel: -17.8%)",
      "severity": "WARNING"
    },
    {
      "quarter": "2023-04 (Q2)",
      "signal": "INCREMENTAL MARGIN (YoY)",
      "detail": "YoY Incr OPM: +302.3% vs year-ago OPM: +12.3%",
      "severity": "HIGH"
    },
    {
      "quarter": "2022-12 (Q4)",
      "signal": "FCF MARGIN EXPANSION",
      "detail": "FCF margin: +6.6% -> +13.8% (+7.3%)",
      "severity": "MEDIUM"
    },
    {
      "quarter": "2022-12 (Q4)",
      "signal": "INCREMENTAL MARGIN (YoY)",
      "detail": "YoY Incr OPM: +29.9% vs year-ago OPM: +16.0%",
      "severity": "MEDIUM"
    },
    {
      "quarter": "2022-07 (Q3)",
      "signal": "FCF TURNED POSITIVE",
      "detail": "FCF margin: -3.0% -> +8.6%",
      "severity": "HIGH"
    },
    {
      "quarter": "2022-07 (Q3)",
      "signal": "GROSS MARGIN INFLECTION",
      "detail": "GM: +36.4% -> +33.2% -> +35.6% (reversal +2.4%)",
      "severity": "MEDIUM"
    },
    {
      "quarter": "2022-07 (Q3)",
      "signal": "YoY REVENUE GROWTH DECELERATION",
      "detail": "YoY growth: +25.3% vs prior quarter YoY: +31.2% (decel: -5.9%)",
      "severity": "WARNING"
    },
    {
      "quarter": "2022-04 (Q2)",
      "signal": "YoY REVENUE GROWTH ACCELERATION",
      "detail": "YoY growth: +31.2% vs prior quarter YoY: +18.8% (accel: +12.4%)",
      "severity": "MEDIUM"
    },
    {
      "quarter": "2022-01 (Q1)",
      "signal": "INCREMENTAL MARGIN (YoY)",
      "detail": "YoY Incr OPM: +33.1% vs year-ago OPM: +12.8%",
      "severity": "HIGH"
    },
    {
      "quarter": "2021-10 (Q4)",
      "signal": "FCF MARGIN EXPANSION",
      "detail": "FCF margin: +12.6% -> +20.0% (+7.3%)",
      "severity": "MEDIUM"
    },
    {
      "quarter": "2021-07 (Q3)",
      "signal": "FCF MARGIN EXPANSION",
      "detail": "FCF margin: +6.7% -> +12.6% (+5.9%)",
      "severity": "MEDIUM"
    }
  ],
  "data_quality": {
    "n_quarters": 20,
    "coverage": {
      "revenue": [
        20,
        20
      ],
      "gross_profit": [
        20,
        20
      ],
      "op_income": [
        20,
        20
      ],
      "fcf": [
        20,
        20
      ]
    },
    "gaps": [],
    "warnings": []
  },
  "market_cap": null,
  "source": "SEC EDGAR",
  "last_updated": "2026-02-02T20:48:28.979773",
  "sector": "Industrials",
  "industry": "Specialty Industrial Machinery"
}