{
  "ticker": "MIGI",
  "name": "Mawson Infrastructure Group Inc.",
  "quarters": [
    {
      "date": "2019-12-31T00:00:00",
      "quarter_label": "2019-12 (Q4)",
      "revenue": -5000,
      "gross_profit": null,
      "operating_income": null,
      "net_income": null,
      "opex": null,
      "cogs": null,
      "rd": 41000,
      "sga": null,
      "fcf": null,
      "ocf": null,
      "capex": null,
      "gross_margin": null,
      "op_margin": null,
      "fcf_margin": null
    },
    {
      "date": "2021-03-31T00:00:00",
      "quarter_label": "2021-03 (Q1)",
      "revenue": 6997627,
      "gross_profit": 4624846,
      "operating_income": null,
      "net_income": -38520073,
      "opex": 45328759,
      "cogs": 6997627,
      "rd": null,
      "sga": 2882626,
      "fcf": -1088453,
      "ocf": 1871692,
      "capex": -2960145,
      "gross_margin": 0.6609163363523092,
      "op_margin": null,
      "fcf_margin": -0.15554601581364655
    },
    {
      "date": "2021-06-30T00:00:00",
      "quarter_label": "2021-06 (Q2)",
      "revenue": 5944667,
      "gross_profit": 5650527,
      "operating_income": -6139427,
      "net_income": -6348860,
      "opex": 12548133,
      "cogs": 5944667,
      "rd": null,
      "sga": 4161256,
      "fcf": -3952580,
      "ocf": 5792775,
      "capex": -9745355,
      "gross_margin": 0.9505203571537313,
      "op_margin": -1.0327621378960334,
      "fcf_margin": -0.6648951068243183,
      "fcf_margin_change": -0.5093490910106717
    },
    {
      "date": "2021-09-30T00:00:00",
      "quarter_label": "2021-09 (Q3)",
      "revenue": 10947786,
      "gross_profit": 8447949,
      "operating_income": -2254096,
      "net_income": -3097875,
      "opex": 13564782,
      "cogs": 10947786,
      "rd": null,
      "sga": 5510083,
      "fcf": -17509978,
      "ocf": 672810,
      "capex": -18182788,
      "gross_margin": 0.771658214729444,
      "op_margin": -0.20589514628802572,
      "fcf_margin": -1.5994081360377341,
      "op_leverage_ratio": 10.387747303068014,
      "fcf_margin_change": -0.9345130292134158
    },
    {
      "date": "2021-12-31T00:00:00",
      "quarter_label": "2021-12 (Q4)",
      "revenue": 19655089,
      "gross_profit": 15968961,
      "operating_income": 88658278,
      "net_income": 2462006,
      "opex": 5355524,
      "cogs": -14303294,
      "rd": null,
      "sga": 4726537,
      "fcf": -31300063,
      "ocf": 14616515,
      "capex": -45916578,
      "gross_margin": 0.8124593584898039,
      "op_margin": 4.510703462090658,
      "fcf_margin": -1.5924661038166756,
      "op_leverage_ratio": Infinity,
      "fcf_margin_change": 0.006942032221058492
    },
    {
      "date": "2022-03-31T00:00:00",
      "quarter_label": "2022-03 (Q1)",
      "revenue": 19424335,
      "gross_profit": 11011975,
      "operating_income": -9658611,
      "net_income": -11570074,
      "opex": 20670586,
      "cogs": 8412360,
      "rd": null,
      "sga": 6476945,
      "fcf": -164981,
      "ocf": 5865759,
      "capex": -6030740,
      "gross_margin": 0.5669164478475067,
      "op_margin": -0.49724281423276523,
      "fcf_margin": -0.008493521142422637,
      "rev_growth_yoy": 1.7758460117979995,
      "fcf_margin_change": 1.583972582674253
    },
    {
      "date": "2022-06-30T00:00:00",
      "quarter_label": "2022-06 (Q2)",
      "revenue": 19780437,
      "gross_profit": 5421365,
      "operating_income": -3255418,
      "net_income": -2405632,
      "opex": 26391140,
      "cogs": 14359072,
      "rd": null,
      "sga": 9431088,
      "fcf": 12211074,
      "ocf": 27281201,
      "capex": -15070127,
      "gross_margin": 0.27407710962098564,
      "op_margin": -0.16457765821857223,
      "fcf_margin": 0.6173308506783748,
      "incr_op_margin_yoy": 0.20844586170484186,
      "rev_growth_yoy": 2.3274255732070444,
      "rev_growth_yoy_accel": 0.5515795614090448,
      "op_leverage_ratio": 0.06624345151628828,
      "fcf_margin_change": 0.6258243718207974
    },
    {
      "date": "2022-09-30T00:00:00",
      "quarter_label": "2022-09 (Q3)",
      "revenue": 28328426,
      "gross_profit": 10144902,
      "operating_income": -8237040,
      "net_income": -20861982,
      "opex": 22051489,
      "cogs": 18183524,
      "rd": null,
      "sga": 5001553,
      "fcf": -24021187,
      "ocf": -8005752,
      "capex": -16015435,
      "gross_margin": 0.35811739063794085,
      "op_margin": -0.2907694200870885,
      "fcf_margin": -0.8479534655402315,
      "incr_op_margin_yoy": -0.344230362058014,
      "rev_growth_yoy": 1.5875940578305057,
      "rev_growth_yoy_accel": -0.7398315153765387,
      "op_leverage_ratio": Infinity,
      "fcf_margin_change": -1.4652843162186064
    },
    {
      "date": "2022-12-31T00:00:00",
      "quarter_label": "2022-12 (Q4)",
      "revenue": 16852208,
      "gross_profit": 10092270,
      "operating_income": -22985914,
      "net_income": -18447267,
      "opex": 22994251,
      "cogs": 6759938,
      "rd": null,
      "sga": 4967940,
      "fcf": -23746686,
      "ocf": -10884914,
      "capex": -12861772,
      "gross_margin": 0.5988692995006946,
      "op_margin": -1.3639704660659304,
      "fcf_margin": -1.409114224082684,
      "incr_op_margin_yoy": 39.83194149162951,
      "rev_growth_yoy": -0.14260332273234683,
      "rev_growth_yoy_accel": -1.7301973805628525,
      "fcf_margin_change": -0.5611607585424524
    },
    {
      "date": "2023-03-31T00:00:00",
      "quarter_label": "2023-03 (Q1)",
      "revenue": 7670605,
      "gross_profit": 2992603,
      "operating_income": -11696850,
      "net_income": -11102025,
      "opex": 14689453,
      "cogs": 4678002,
      "rd": null,
      "sga": 4977417,
      "fcf": -1832355,
      "ocf": 1316591,
      "capex": -3148946,
      "gross_margin": 0.3901391089751069,
      "op_margin": -1.5248927561776418,
      "fcf_margin": -0.2388801144107929,
      "incr_op_margin_yoy": 0.1734120998185257,
      "rev_growth_yoy": -0.605103340732128,
      "rev_growth_yoy_accel": -0.4625000179997812,
      "fcf_margin_change": 1.1702341096718911
    },
    {
      "date": "2023-06-30T00:00:00",
      "quarter_label": "2023-06 (Q2)",
      "revenue": 10551535,
      "gross_profit": 3523077,
      "operating_income": -17663510,
      "net_income": -17343906,
      "opex": 21186587,
      "cogs": 7028458,
      "rd": null,
      "sga": 6265256,
      "fcf": -7211896,
      "ocf": -5509071,
      "capex": -1702825,
      "gross_margin": 0.3338923673190678,
      "op_margin": -1.6740227843626543,
      "fcf_margin": -0.6834925913622995,
      "incr_op_margin_yoy": 1.561192436543372,
      "rev_growth_yoy": -0.4665671440929237,
      "rev_growth_yoy_accel": 0.1385361966392043,
      "op_leverage_ratio": 0.8491548352357375,
      "fcf_margin_change": -0.4446124769515065
    },
    {
      "date": "2023-09-30T00:00:00",
      "quarter_label": "2023-09 (Q3)",
      "revenue": 11332630,
      "gross_profit": 3616710,
      "operating_income": -16219506,
      "net_income": -19047617,
      "opex": 19836216,
      "cogs": 7715920,
      "rd": null,
      "sga": 3655444,
      "fcf": -1028487,
      "ocf": -625593,
      "capex": -402894,
      "gross_margin": 0.319141276120371,
      "op_margin": -1.431221702287995,
      "fcf_margin": -0.09075448505774918,
      "incr_op_margin_yoy": 0.46967297089233123,
      "rev_growth_yoy": -0.5999555358282173,
      "rev_growth_yoy_accel": -0.13338839173529354,
      "op_leverage_ratio": Infinity,
      "fcf_margin_change": 0.5927381063045503
    },
    {
      "date": "2023-12-31T00:00:00",
      "quarter_label": "2023-12 (Q4)",
      "revenue": 14016950,
      "gross_profit": 4882326,
      "operating_income": -14804081,
      "net_income": -12928274,
      "opex": 19686407,
      "cogs": 9134624,
      "rd": null,
      "sga": 4279374,
      "fcf": 2175050,
      "ocf": 2272409,
      "capex": -97359,
      "gross_margin": 0.34831586044039536,
      "op_margin": -1.0561556544041322,
      "fcf_margin": 0.15517284430635767,
      "incr_op_margin_yoy": -2.8857454947662613,
      "rev_growth_yoy": -0.16824252347229515,
      "rev_growth_yoy_accel": 0.4317130123559221,
      "op_leverage_ratio": Infinity,
      "fcf_margin_change": 0.24592732936410683
    },
    {
      "date": "2024-03-31T00:00:00",
      "quarter_label": "2024-03 (Q1)",
      "revenue": 18771309,
      "gross_profit": 6985141,
      "operating_income": -7693190,
      "net_income": -19764199,
      "opex": 14678331,
      "cogs": 11786168,
      "rd": null,
      "sga": 3463923,
      "fcf": 1856287,
      "ocf": 1875647,
      "capex": -19360,
      "gross_margin": 0.37211794872696413,
      "op_margin": -0.40983769432382156,
      "fcf_margin": 0.09888958729516413,
      "incr_op_margin_yoy": 0.3606672153405766,
      "rev_growth_yoy": 1.447174505791916,
      "rev_growth_yoy_accel": 1.6154170292642112,
      "op_leverage_ratio": Infinity,
      "fcf_margin_change": -0.056283257011193535
    },
    {
      "date": "2024-06-30T00:00:00",
      "quarter_label": "2024-06 (Q2)",
      "revenue": 13112119,
      "gross_profit": 4317477,
      "operating_income": -6757365,
      "net_income": -9618693,
      "opex": 11074842,
      "cogs": 8794642,
      "rd": null,
      "sga": 3642157,
      "fcf": 592442,
      "ocf": 2468916,
      "capex": -1876474,
      "gross_margin": 0.3292737809960389,
      "op_margin": -0.515352629121197,
      "fcf_margin": 0.04518278090673216,
      "incr_op_margin_yoy": 4.259241251214567,
      "rev_growth_yoy": 0.2426740753833447,
      "rev_growth_yoy_accel": -1.2045004304085714,
      "fcf_margin_change": -0.05370680638843197
    },
    {
      "date": "2024-09-30T00:00:00",
      "quarter_label": "2024-09 (Q3)",
      "revenue": 12316017,
      "gross_profit": 4319577,
      "operating_income": -11398584,
      "net_income": -12227738,
      "opex": 15718161,
      "cogs": 7996440,
      "rd": null,
      "sga": 6000344,
      "fcf": -1276905,
      "ocf": -1238129,
      "capex": -38776,
      "gross_margin": 0.3507284051329257,
      "op_margin": -0.9255089530974178,
      "fcf_margin": -0.10367840512074643,
      "rev_growth_yoy": 0.08677482632010398,
      "rev_growth_yoy_accel": -0.1558992490632407,
      "fcf_margin_change": -0.14886118602747858
    },
    {
      "date": "2024-12-31T00:00:00",
      "quarter_label": "2024-12 (Q4)",
      "revenue": 15065680,
      "gross_profit": 4655018,
      "operating_income": -5309254,
      "net_income": -4521071,
      "opex": 9964272,
      "cogs": 10410662,
      "rd": null,
      "sga": 5213681,
      "fcf": 456169,
      "ocf": 456169,
      "capex": null,
      "gross_margin": 0.308981605875075,
      "op_margin": -0.35240719303742013,
      "fcf_margin": 0.03027868639185221,
      "incr_op_margin_yoy": 9.053642977696834,
      "rev_growth_yoy": 0.0748187016433675,
      "rev_growth_yoy_accel": -0.011956124676736485,
      "op_leverage_ratio": Infinity,
      "fcf_margin_change": 0.13395709151259863
    },
    {
      "date": "2025-03-31T00:00:00",
      "quarter_label": "2025-03 (Q1)",
      "revenue": 13814373,
      "gross_profit": 5923930,
      "operating_income": 576678,
      "net_income": -310863,
      "opex": 5347252,
      "cogs": 7890443,
      "rd": null,
      "sga": 5778408,
      "fcf": -510385,
      "ocf": -510385,
      "capex": null,
      "gross_margin": 0.4288236606902101,
      "op_margin": 0.041744782770814136,
      "fcf_margin": -0.036945940289870555,
      "incr_op_margin_yoy": -1.6683427020239923,
      "rev_growth_yoy": -0.26406980994239665,
      "rev_growth_yoy_accel": -0.33888851158576416,
      "fcf_margin_change": -0.06722462668172277
    },
    {
      "date": "2025-06-30T00:00:00",
      "quarter_label": "2025-06 (Q2)",
      "revenue": 9533183,
      "gross_profit": 3933630,
      "operating_income": -6573110,
      "net_income": -8021433,
      "opex": 10506740,
      "cogs": 5599553,
      "rd": null,
      "sga": 5925308,
      "fcf": -2078599,
      "ocf": -2078599,
      "capex": null,
      "gross_margin": 0.41262503824798075,
      "op_margin": -0.6894979357891273,
      "fcf_margin": -0.2180382984361047,
      "incr_op_margin_yoy": -0.051483178240683825,
      "rev_growth_yoy": -0.27294871256125725,
      "rev_growth_yoy_accel": -0.008878902618860596,
      "fcf_margin_change": -0.18109235814623414
    },
    {
      "date": "2025-09-30T00:00:00",
      "quarter_label": "2025-09 (Q3)",
      "revenue": 13174706,
      "gross_profit": 8563298,
      "operating_income": 1578711,
      "net_income": 327659,
      "opex": 6984587,
      "cogs": 4611408,
      "rd": null,
      "sga": 5838711,
      "fcf": -844509,
      "ocf": -844509,
      "capex": null,
      "gross_margin": 0.6499801969015475,
      "op_margin": 0.11982893584114894,
      "fcf_margin": -0.0641007852471243,
      "rev_growth_yoy": 0.06972132305436084,
      "rev_growth_yoy_accel": 0.3426700356156181,
      "op_leverage_ratio": Infinity,
      "fcf_margin_change": 0.1539375131889804
    }
  ],
  "signals": [
    {
      "quarter": "2025-09 (Q3)",
      "signal": "FCF MARGIN EXPANSION",
      "detail": "FCF margin: -21.8% -> -6.4% (+15.4%)",
      "severity": "MEDIUM"
    },
    {
      "quarter": "2025-09 (Q3)",
      "signal": "GROSS MARGIN INFLECTION",
      "detail": "GM: +42.9% -> +41.3% -> +65.0% (reversal +23.7%)",
      "severity": "HIGH"
    },
    {
      "quarter": "2025-09 (Q3)",
      "signal": "YoY REVENUE GROWTH ACCELERATION",
      "detail": "YoY growth: +7.0% vs prior quarter YoY: -27.3% (accel: +34.3%)",
      "severity": "HIGH"
    },
    {
      "quarter": "2025-09 (Q3)",
      "signal": "OP MARGIN TURNED POSITIVE (YoY)",
      "detail": "Op margin: -92.6% (year-ago) -> +12.0%",
      "severity": "HIGH"
    },
    {
      "quarter": "2025-09 (Q3)",
      "signal": "OP MARGIN TURNED POSITIVE (QoQ)",
      "detail": "Op margin: -68.9% -> +12.0%",
      "severity": "HIGH"
    },
    {
      "quarter": "2025-03 (Q1)",
      "signal": "GROSS MARGIN INFLECTION",
      "detail": "GM: +35.1% -> +30.9% -> +42.9% (reversal +12.0%)",
      "severity": "HIGH"
    },
    {
      "quarter": "2025-03 (Q1)",
      "signal": "YoY REVENUE GROWTH DECELERATION",
      "detail": "YoY growth: -26.4% vs prior quarter YoY: +7.5% (decel: -33.9%)",
      "severity": "WARNING"
    },
    {
      "quarter": "2025-03 (Q1)",
      "signal": "OP MARGIN TURNED POSITIVE (YoY)",
      "detail": "Op margin: -41.0% (year-ago) -> +4.2%",
      "severity": "HIGH"
    },
    {
      "quarter": "2025-03 (Q1)",
      "signal": "OP MARGIN TURNED POSITIVE (QoQ)",
      "detail": "Op margin: -35.2% -> +4.2%",
      "severity": "HIGH"
    },
    {
      "quarter": "2024-12 (Q4)",
      "signal": "FCF TURNED POSITIVE",
      "detail": "FCF margin: -10.4% -> +3.0%",
      "severity": "HIGH"
    },
    {
      "quarter": "2024-09 (Q3)",
      "signal": "GROSS MARGIN INFLECTION",
      "detail": "GM: +37.2% -> +32.9% -> +35.1% (reversal +2.1%)",
      "severity": "MEDIUM"
    },
    {
      "quarter": "2024-09 (Q3)",
      "signal": "YoY REVENUE GROWTH DECELERATION",
      "detail": "YoY growth: +8.7% vs prior quarter YoY: +24.3% (decel: -15.6%)",
      "severity": "WARNING"
    },
    {
      "quarter": "2024-06 (Q2)",
      "signal": "YoY REVENUE GROWTH DECELERATION",
      "detail": "YoY growth: +24.3% vs prior quarter YoY: +144.7% (decel: -120.5%)",
      "severity": "WARNING"
    },
    {
      "quarter": "2024-03 (Q1)",
      "signal": "YoY REVENUE GROWTH ACCELERATION",
      "detail": "YoY growth: +144.7% vs prior quarter YoY: -16.8% (accel: +161.5%)",
      "severity": "HIGH"
    },
    {
      "quarter": "2023-12 (Q4)",
      "signal": "FCF TURNED POSITIVE",
      "detail": "FCF margin: -9.1% -> +15.5%",
      "severity": "HIGH"
    },
    {
      "quarter": "2023-12 (Q4)",
      "signal": "GROSS MARGIN INFLECTION",
      "detail": "GM: +33.4% -> +31.9% -> +34.8% (reversal +2.9%)",
      "severity": "MEDIUM"
    },
    {
      "quarter": "2023-12 (Q4)",
      "signal": "YoY REVENUE GROWTH ACCELERATION",
      "detail": "YoY growth: -16.8% vs prior quarter YoY: -60.0% (accel: +43.2%)",
      "severity": "HIGH"
    },
    {
      "quarter": "2023-09 (Q3)",
      "signal": "FCF MARGIN EXPANSION",
      "detail": "FCF margin: -68.3% -> -9.1% (+59.3%)",
      "severity": "MEDIUM"
    },
    {
      "quarter": "2023-09 (Q3)",
      "signal": "YoY REVENUE GROWTH DECELERATION",
      "detail": "YoY growth: -60.0% vs prior quarter YoY: -46.7% (decel: -13.3%)",
      "severity": "WARNING"
    },
    {
      "quarter": "2023-06 (Q2)",
      "signal": "YoY REVENUE GROWTH ACCELERATION",
      "detail": "YoY growth: -46.7% vs prior quarter YoY: -60.5% (accel: +13.9%)",
      "severity": "MEDIUM"
    },
    {
      "quarter": "2023-03 (Q1)",
      "signal": "FCF MARGIN EXPANSION",
      "detail": "FCF margin: -140.9% -> -23.9% (+117.0%)",
      "severity": "MEDIUM"
    },
    {
      "quarter": "2023-03 (Q1)",
      "signal": "YoY REVENUE GROWTH DECELERATION",
      "detail": "YoY growth: -60.5% vs prior quarter YoY: -14.3% (decel: -46.3%)",
      "severity": "WARNING"
    },
    {
      "quarter": "2022-12 (Q4)",
      "signal": "YoY REVENUE GROWTH DECELERATION",
      "detail": "YoY growth: -14.3% vs prior quarter YoY: +158.8% (decel: -173.0%)",
      "severity": "WARNING"
    },
    {
      "quarter": "2022-09 (Q3)",
      "signal": "GROSS MARGIN INFLECTION",
      "detail": "GM: +56.7% -> +27.4% -> +35.8% (reversal +8.4%)",
      "severity": "HIGH"
    },
    {
      "quarter": "2022-09 (Q3)",
      "signal": "YoY REVENUE GROWTH DECELERATION",
      "detail": "YoY growth: +158.8% vs prior quarter YoY: +232.7% (decel: -74.0%)",
      "severity": "WARNING"
    },
    {
      "quarter": "2022-06 (Q2)",
      "signal": "FCF TURNED POSITIVE",
      "detail": "FCF margin: -0.8% -> +61.7%",
      "severity": "HIGH"
    },
    {
      "quarter": "2022-06 (Q2)",
      "signal": "YoY REVENUE GROWTH ACCELERATION",
      "detail": "YoY growth: +232.7% vs prior quarter YoY: +177.6% (accel: +55.2%)",
      "severity": "HIGH"
    },
    {
      "quarter": "2022-03 (Q1)",
      "signal": "FCF MARGIN EXPANSION",
      "detail": "FCF margin: -159.2% -> -0.8% (+158.4%)",
      "severity": "MEDIUM"
    },
    {
      "quarter": "2021-12 (Q4)",
      "signal": "GROSS MARGIN INFLECTION",
      "detail": "GM: +95.1% -> +77.2% -> +81.2% (reversal +4.1%)",
      "severity": "MEDIUM"
    },
    {
      "quarter": "2021-12 (Q4)",
      "signal": "OP MARGIN TURNED POSITIVE (QoQ)",
      "detail": "Op margin: -20.6% -> +451.1%",
      "severity": "HIGH"
    },
    {
      "quarter": "2021-09 (Q3)",
      "signal": "OPERATING LEVERAGE",
      "detail": "Rev growth +84.2% vs OpEx growth +8.1% (leverage: 10.4x)",
      "severity": "MEDIUM"
    }
  ],
  "data_quality": {
    "n_quarters": 20,
    "coverage": {
      "revenue": [
        20,
        20
      ],
      "gross_profit": [
        19,
        20
      ],
      "op_income": [
        18,
        20
      ],
      "fcf": [
        19,
        20
      ]
    },
    "gaps": [
      [
        "2019-12 (Q4)",
        "2021-03 (Q1)",
        456
      ]
    ],
    "warnings": [
      "gap: 4Q missing between 2019-12 (Q4) and 2021-03 (Q1)"
    ]
  },
  "market_cap": null,
  "source": "SEC EDGAR",
  "last_updated": "2026-02-03T00:20:54.029362",
  "sector": "Financial Services",
  "industry": "Capital Markets"
}