{
  "ticker": "MIR",
  "name": "Mirion Technologies, Inc.",
  "quarters": [
    {
      "date": "2019-06-30T00:00:00",
      "quarter_label": "2019-06 (Q2)",
      "revenue": 0,
      "gross_profit": null,
      "operating_income": null,
      "net_income": null,
      "opex": null,
      "cogs": null,
      "rd": null,
      "sga": null,
      "fcf": null,
      "ocf": null,
      "capex": null,
      "gross_margin": null,
      "op_margin": null,
      "fcf_margin": null
    },
    {
      "date": "2020-06-30T00:00:00",
      "quarter_label": "2020-06 (Q2)",
      "revenue": 0,
      "gross_profit": null,
      "operating_income": null,
      "net_income": null,
      "opex": null,
      "cogs": null,
      "rd": null,
      "sga": null,
      "fcf": null,
      "ocf": null,
      "capex": null,
      "gross_margin": null,
      "op_margin": null,
      "fcf_margin": null
    },
    {
      "date": "2021-03-31T00:00:00",
      "quarter_label": "2021-03 (Q1)",
      "revenue": 166200000,
      "gross_profit": 62500000,
      "operating_income": -8900000,
      "net_income": 9682349,
      "opex": 71400000,
      "cogs": 103700000,
      "rd": 11000000,
      "sga": 60400000,
      "fcf": 2900000,
      "ocf": 10900000,
      "capex": -8000000,
      "gross_margin": 0.3760529482551143,
      "op_margin": -0.05354993983152828,
      "fcf_margin": 0.017448856799037304
    },
    {
      "date": "2021-06-30T00:00:00",
      "quarter_label": "2021-06 (Q2)",
      "revenue": 180000000,
      "gross_profit": 79600000,
      "operating_income": 4700000,
      "net_income": -8668666,
      "opex": 74900000,
      "cogs": 100400000,
      "rd": 8200000,
      "sga": 66700000,
      "fcf": 16900000,
      "ocf": 22800000,
      "capex": -5900000,
      "gross_margin": 0.44222222222222224,
      "op_margin": 0.026111111111111113,
      "fcf_margin": 0.09388888888888888,
      "op_leverage_ratio": 1.6938628158844766,
      "fcf_margin_change": 0.07644003208985158
    },
    {
      "date": "2021-09-30T00:00:00",
      "quarter_label": "2021-09 (Q3)",
      "revenue": 144300000,
      "gross_profit": 61900000,
      "operating_income": -8900000,
      "net_income": -1024024,
      "opex": 70800000,
      "cogs": 82400000,
      "rd": 8500000,
      "sga": 62300000,
      "fcf": 2300000,
      "ocf": 11100000,
      "capex": -8800000,
      "gross_margin": 0.42896742896742895,
      "op_margin": -0.061677061677061676,
      "fcf_margin": 0.01593901593901594,
      "fcf_margin_change": -0.07794987294987295
    },
    {
      "date": "2022-03-31T00:00:00",
      "quarter_label": "2022-03 (Q1)",
      "revenue": 163200000,
      "gross_profit": 64400000,
      "operating_income": -33600000,
      "net_income": -17700000,
      "opex": 98000000,
      "cogs": 98800000,
      "rd": 7100000,
      "sga": 90900000,
      "fcf": 2700000,
      "ocf": 11400000,
      "capex": -8700000,
      "gross_margin": 0.3946078431372549,
      "op_margin": -0.20588235294117646,
      "fcf_margin": 0.016544117647058824,
      "incr_op_margin_yoy": 8.233333333333333,
      "rev_growth_yoy": -0.018050541516245487,
      "op_leverage_ratio": 0.34092576739635566,
      "fcf_margin_change": 0.000605101708042885
    },
    {
      "date": "2022-06-30T00:00:00",
      "quarter_label": "2022-06 (Q2)",
      "revenue": 175800000,
      "gross_profit": 79000000,
      "operating_income": -74600000,
      "net_income": -58600000,
      "opex": 153600000,
      "cogs": 96800000,
      "rd": 7400000,
      "sga": 91000000,
      "fcf": 10000000,
      "ocf": 16600000,
      "capex": -6600000,
      "gross_margin": 0.44937428896473264,
      "op_margin": -0.4243458475540387,
      "fcf_margin": 0.05688282138794084,
      "incr_op_margin_yoy": 18.88095238095238,
      "rev_growth_yoy": -0.023333333333333334,
      "rev_growth_yoy_accel": -0.005282791817087847,
      "op_leverage_ratio": 0.13608231062209056,
      "fcf_margin_change": 0.04033870374088201
    },
    {
      "date": "2022-09-30T00:00:00",
      "quarter_label": "2022-09 (Q3)",
      "revenue": 160900000,
      "gross_profit": 69800000,
      "operating_income": -27600000,
      "net_income": -47100000,
      "opex": 97400000,
      "cogs": 91100000,
      "rd": 8000000,
      "sga": 89400000,
      "fcf": -21200000,
      "ocf": -13800000,
      "capex": -7400000,
      "gross_margin": 0.4338098197638285,
      "op_margin": -0.17153511497824736,
      "fcf_margin": -0.13175885643256682,
      "incr_op_margin_yoy": -1.1265060240963856,
      "rev_growth_yoy": 0.11503811503811504,
      "rev_growth_yoy_accel": 0.13837144837144838,
      "fcf_margin_change": -0.18864167782050767
    },
    {
      "date": "2022-12-31T00:00:00",
      "quarter_label": "2022-12 (Q4)",
      "revenue": 217900000,
      "gross_profit": 97000000,
      "operating_income": -161900000,
      "net_income": -153500000,
      "opex": 258900000,
      "cogs": 120900000,
      "rd": 7800000,
      "sga": 91000000,
      "fcf": 13700000,
      "ocf": 25200000,
      "capex": -11500000,
      "gross_margin": 0.44515832950894907,
      "op_margin": -0.7430013767783387,
      "fcf_margin": 0.06287287746672786,
      "op_leverage_ratio": 0.21365115343837968,
      "fcf_margin_change": 0.19463173389929467
    },
    {
      "date": "2023-03-31T00:00:00",
      "quarter_label": "2023-03 (Q1)",
      "revenue": 182100000,
      "gross_profit": 79100000,
      "operating_income": -13600000,
      "net_income": -41900000,
      "opex": 92700000,
      "cogs": 103000000,
      "rd": 7600000,
      "sga": 85100000,
      "fcf": -10200000,
      "ocf": -2700000,
      "capex": -7500000,
      "gross_margin": 0.4343767160900604,
      "op_margin": -0.07468423942888523,
      "fcf_margin": -0.05601317957166392,
      "incr_op_margin_yoy": 1.0582010582010581,
      "rev_growth_yoy": 0.11580882352941177,
      "fcf_margin_change": -0.11888605703839178
    },
    {
      "date": "2023-06-30T00:00:00",
      "quarter_label": "2023-06 (Q2)",
      "revenue": 197200000,
      "gross_profit": 88000000,
      "operating_income": -10600000,
      "net_income": -27700000,
      "opex": 98600000,
      "cogs": 109200000,
      "rd": 8400000,
      "sga": 84000000,
      "fcf": -1200000,
      "ocf": 7100000,
      "capex": -8300000,
      "gross_margin": 0.4462474645030426,
      "op_margin": -0.0537525354969574,
      "fcf_margin": -0.006085192697768763,
      "incr_op_margin_yoy": 2.9906542056074765,
      "rev_growth_yoy": 0.1217292377701934,
      "rev_growth_yoy_accel": 0.00592041424078163,
      "op_leverage_ratio": 1.3028509200569627,
      "fcf_margin_change": 0.04992798687389516
    },
    {
      "date": "2023-09-30T00:00:00",
      "quarter_label": "2023-09 (Q3)",
      "revenue": 191200000,
      "gross_profit": 80800000,
      "operating_income": -11100000,
      "net_income": -12100000,
      "opex": 91900000,
      "cogs": 110400000,
      "rd": 7900000,
      "sga": 83700000,
      "fcf": 14400000,
      "ocf": 23800000,
      "capex": -9400000,
      "gross_margin": 0.4225941422594142,
      "op_margin": -0.05805439330543933,
      "fcf_margin": 0.07531380753138076,
      "incr_op_margin_yoy": 0.5445544554455446,
      "rev_growth_yoy": 0.18831572405220634,
      "rev_growth_yoy_accel": 0.06658648628201294,
      "fcf_margin_change": 0.08139900022914952
    },
    {
      "date": "2023-12-31T00:00:00",
      "quarter_label": "2023-12 (Q4)",
      "revenue": 230400000,
      "gross_profit": 108500000,
      "operating_income": 13400000,
      "net_income": -15200000,
      "opex": 95100000,
      "cogs": 121900000,
      "rd": 7800000,
      "sga": 87300000,
      "fcf": 55100000,
      "ocf": 67000000,
      "capex": -11900000,
      "gross_margin": 0.4709201388888889,
      "op_margin": 0.058159722222222224,
      "fcf_margin": 0.23914930555555555,
      "incr_op_margin_yoy": 14.024,
      "rev_growth_yoy": 0.05736576411197797,
      "rev_growth_yoy_accel": -0.13094995994022837,
      "op_leverage_ratio": 5.887944560669456,
      "fcf_margin_change": 0.1638354980241748
    },
    {
      "date": "2024-03-31T00:00:00",
      "quarter_label": "2024-03 (Q1)",
      "revenue": 192600000,
      "gross_profit": 87100000,
      "operating_income": -4900000,
      "net_income": -25800000,
      "opex": 92000000,
      "cogs": 105500000,
      "rd": 7900000,
      "sga": 84100000,
      "fcf": -6800000,
      "ocf": 6000000,
      "capex": -12800000,
      "gross_margin": 0.4522326064382139,
      "op_margin": -0.02544132917964694,
      "fcf_margin": -0.035306334371754934,
      "incr_op_margin_yoy": 0.8285714285714286,
      "rev_growth_yoy": 0.057660626029654036,
      "rev_growth_yoy_accel": 0.0002948619176760675,
      "fcf_margin_change": -0.2744556399273105
    },
    {
      "date": "2024-06-30T00:00:00",
      "quarter_label": "2024-06 (Q2)",
      "revenue": 207100000,
      "gross_profit": 97400000,
      "operating_income": 2300000,
      "net_income": -11700000,
      "opex": 95100000,
      "cogs": 109700000,
      "rd": 8800000,
      "sga": 87500000,
      "fcf": 4100000,
      "ocf": 15200000,
      "capex": -11100000,
      "gross_margin": 0.4703042008691453,
      "op_margin": 0.01110574601641719,
      "fcf_margin": 0.01979719942056977,
      "incr_op_margin_yoy": 1.303030303030303,
      "rev_growth_yoy": 0.050202839756592295,
      "rev_growth_yoy_accel": -0.007457786273061741,
      "op_leverage_ratio": 2.234281311760962,
      "fcf_margin_change": 0.0551035337923247
    },
    {
      "date": "2024-09-30T00:00:00",
      "quarter_label": "2024-09 (Q3)",
      "revenue": 206800000,
      "gross_profit": 92900000,
      "operating_income": -1600000,
      "net_income": -13600000,
      "opex": 94500000,
      "cogs": 113900000,
      "rd": 10200000,
      "sga": 84300000,
      "fcf": 3900000,
      "ocf": 17100000,
      "capex": -13200000,
      "gross_margin": 0.44922630560928434,
      "op_margin": -0.007736943907156673,
      "fcf_margin": 0.018858800773694392,
      "incr_op_margin_yoy": 0.6089743589743589,
      "rev_growth_yoy": 0.08158995815899582,
      "rev_growth_yoy_accel": 0.031387118402403526,
      "fcf_margin_change": -0.0009383986468753797
    },
    {
      "date": "2024-12-31T00:00:00",
      "quarter_label": "2024-12 (Q4)",
      "revenue": 254300000,
      "gross_profit": 122300000,
      "operating_income": 29000000,
      "net_income": 15000000,
      "opex": 93300000,
      "cogs": 132000000,
      "rd": 8100000,
      "sga": 85200000,
      "fcf": 49100000,
      "ocf": 60800000,
      "capex": -11700000,
      "gross_margin": 0.48092803775068815,
      "op_margin": 0.11403853716083366,
      "fcf_margin": 0.19307904050334251,
      "incr_op_margin_yoy": 0.6527196652719666,
      "rev_growth_yoy": 0.1037326388888889,
      "rev_growth_yoy_accel": 0.022142680729893074,
      "op_leverage_ratio": Infinity,
      "fcf_margin_change": 0.17422023972964812
    },
    {
      "date": "2025-03-31T00:00:00",
      "quarter_label": "2025-03 (Q1)",
      "revenue": 202000000,
      "gross_profit": 96100000,
      "operating_income": 8700000,
      "net_income": 300000,
      "opex": 87400000,
      "cogs": 105900000,
      "rd": 8700000,
      "sga": 78700000,
      "fcf": 27100000,
      "ocf": 35600000,
      "capex": -8500000,
      "gross_margin": 0.4757425742574257,
      "op_margin": 0.043069306930693066,
      "fcf_margin": 0.13415841584158417,
      "incr_op_margin_yoy": 1.446808510638298,
      "rev_growth_yoy": 0.04880581516095535,
      "rev_growth_yoy_accel": -0.054926823727933546,
      "fcf_margin_change": -0.05892062466175835
    },
    {
      "date": "2025-06-30T00:00:00",
      "quarter_label": "2025-06 (Q2)",
      "revenue": 222900000,
      "gross_profit": 102500000,
      "operating_income": 9900000,
      "net_income": 8300000,
      "opex": 92600000,
      "cogs": 120400000,
      "rd": 10000000,
      "sga": 82600000,
      "fcf": 3600000,
      "ocf": 12400000,
      "capex": -8800000,
      "gross_margin": 0.4598474652310453,
      "op_margin": 0.04441453566621804,
      "fcf_margin": 0.016150740242261104,
      "incr_op_margin_yoy": 0.4810126582278481,
      "rev_growth_yoy": 0.07629164654756157,
      "rev_growth_yoy_accel": 0.02748583138660622,
      "op_leverage_ratio": 1.7390137090632138,
      "fcf_margin_change": -0.11800767559932307
    },
    {
      "date": "2025-09-30T00:00:00",
      "quarter_label": "2025-09 (Q3)",
      "revenue": 223100000,
      "gross_profit": 104500000,
      "operating_income": 7400000,
      "net_income": 2900000,
      "opex": 97100000,
      "cogs": 118600000,
      "rd": 10100000,
      "sga": 87000000,
      "fcf": 13000000,
      "ocf": 22300000,
      "capex": -9300000,
      "gross_margin": 0.4683998207082026,
      "op_margin": 0.033168982519049754,
      "fcf_margin": 0.05826983415508741,
      "incr_op_margin_yoy": 0.5521472392638037,
      "rev_growth_yoy": 0.0788201160541586,
      "rev_growth_yoy_accel": 0.0025284695065970336,
      "fcf_margin_change": 0.042119093912826304
    }
  ],
  "signals": [
    {
      "quarter": "2025-09 (Q3)",
      "signal": "OP MARGIN TURNED POSITIVE (YoY)",
      "detail": "Op margin: -0.8% (year-ago) -> +3.3%",
      "severity": "HIGH"
    },
    {
      "quarter": "2025-06 (Q2)",
      "signal": "OPERATING LEVERAGE",
      "detail": "Rev growth +10.3% vs OpEx growth +5.9% (leverage: 1.7x)",
      "severity": "MEDIUM"
    },
    {
      "quarter": "2025-06 (Q2)",
      "signal": "INCREMENTAL MARGIN (YoY)",
      "detail": "YoY Incr OPM: +48.1% vs year-ago OPM: +1.1%",
      "severity": "HIGH"
    },
    {
      "quarter": "2025-03 (Q1)",
      "signal": "YoY REVENUE GROWTH DECELERATION",
      "detail": "YoY growth: +4.9% vs prior quarter YoY: +10.4% (decel: -5.5%)",
      "severity": "WARNING"
    },
    {
      "quarter": "2025-03 (Q1)",
      "signal": "OP MARGIN TURNED POSITIVE (YoY)",
      "detail": "Op margin: -2.5% (year-ago) -> +4.3%",
      "severity": "HIGH"
    },
    {
      "quarter": "2024-12 (Q4)",
      "signal": "FCF MARGIN EXPANSION",
      "detail": "FCF margin: +1.9% -> +19.3% (+17.4%)",
      "severity": "MEDIUM"
    },
    {
      "quarter": "2024-12 (Q4)",
      "signal": "GROSS MARGIN INFLECTION",
      "detail": "GM: +47.0% -> +44.9% -> +48.1% (reversal +3.2%)",
      "severity": "MEDIUM"
    },
    {
      "quarter": "2024-12 (Q4)",
      "signal": "INCREMENTAL MARGIN (YoY)",
      "detail": "YoY Incr OPM: +65.3% vs year-ago OPM: +5.8%",
      "severity": "HIGH"
    },
    {
      "quarter": "2024-12 (Q4)",
      "signal": "OP MARGIN TURNED POSITIVE (QoQ)",
      "detail": "Op margin: -0.8% -> +11.4%",
      "severity": "HIGH"
    },
    {
      "quarter": "2024-06 (Q2)",
      "signal": "FCF TURNED POSITIVE",
      "detail": "FCF margin: -3.5% -> +2.0%",
      "severity": "HIGH"
    },
    {
      "quarter": "2024-06 (Q2)",
      "signal": "OPERATING LEVERAGE",
      "detail": "Rev growth +7.5% vs OpEx growth +3.4% (leverage: 2.2x)",
      "severity": "MEDIUM"
    },
    {
      "quarter": "2024-06 (Q2)",
      "signal": "OP MARGIN TURNED POSITIVE (YoY)",
      "detail": "Op margin: -5.4% (year-ago) -> +1.1%",
      "severity": "HIGH"
    },
    {
      "quarter": "2024-06 (Q2)",
      "signal": "OP MARGIN TURNED POSITIVE (QoQ)",
      "detail": "Op margin: -2.5% -> +1.1%",
      "severity": "HIGH"
    },
    {
      "quarter": "2023-12 (Q4)",
      "signal": "FCF MARGIN EXPANSION",
      "detail": "FCF margin: +7.5% -> +23.9% (+16.4%)",
      "severity": "MEDIUM"
    },
    {
      "quarter": "2023-12 (Q4)",
      "signal": "OPERATING LEVERAGE",
      "detail": "Rev growth +20.5% vs OpEx growth +3.5% (leverage: 5.9x)",
      "severity": "MEDIUM"
    },
    {
      "quarter": "2023-12 (Q4)",
      "signal": "GROSS MARGIN INFLECTION",
      "detail": "GM: +44.6% -> +42.3% -> +47.1% (reversal +4.8%)",
      "severity": "MEDIUM"
    },
    {
      "quarter": "2023-12 (Q4)",
      "signal": "YoY REVENUE GROWTH DECELERATION",
      "detail": "YoY growth: +5.7% vs prior quarter YoY: +18.8% (decel: -13.1%)",
      "severity": "WARNING"
    },
    {
      "quarter": "2023-12 (Q4)",
      "signal": "OP MARGIN TURNED POSITIVE (YoY)",
      "detail": "Op margin: -74.3% (year-ago) -> +5.8%",
      "severity": "HIGH"
    },
    {
      "quarter": "2023-12 (Q4)",
      "signal": "OP MARGIN TURNED POSITIVE (QoQ)",
      "detail": "Op margin: -5.8% -> +5.8%",
      "severity": "HIGH"
    },
    {
      "quarter": "2023-09 (Q3)",
      "signal": "FCF TURNED POSITIVE",
      "detail": "FCF margin: -0.6% -> +7.5%",
      "severity": "HIGH"
    },
    {
      "quarter": "2023-09 (Q3)",
      "signal": "YoY REVENUE GROWTH ACCELERATION",
      "detail": "YoY growth: +18.8% vs prior quarter YoY: +12.2% (accel: +6.7%)",
      "severity": "MEDIUM"
    },
    {
      "quarter": "2022-12 (Q4)",
      "signal": "FCF TURNED POSITIVE",
      "detail": "FCF margin: -13.2% -> +6.3%",
      "severity": "HIGH"
    },
    {
      "quarter": "2022-09 (Q3)",
      "signal": "YoY REVENUE GROWTH ACCELERATION",
      "detail": "YoY growth: +11.5% vs prior quarter YoY: -2.3% (accel: +13.8%)",
      "severity": "MEDIUM"
    },
    {
      "quarter": "2022-06 (Q2)",
      "signal": "GROSS MARGIN INFLECTION",
      "detail": "GM: +42.9% -> +39.5% -> +44.9% (reversal +5.5%)",
      "severity": "HIGH"
    },
    {
      "quarter": "2021-06 (Q2)",
      "signal": "FCF MARGIN EXPANSION",
      "detail": "FCF margin: +1.7% -> +9.4% (+7.6%)",
      "severity": "MEDIUM"
    },
    {
      "quarter": "2021-06 (Q2)",
      "signal": "OPERATING LEVERAGE",
      "detail": "Rev growth +8.3% vs OpEx growth +4.9% (leverage: 1.7x)",
      "severity": "MEDIUM"
    },
    {
      "quarter": "2021-06 (Q2)",
      "signal": "OP MARGIN TURNED POSITIVE (QoQ)",
      "detail": "Op margin: -5.4% -> +2.6%",
      "severity": "HIGH"
    }
  ],
  "data_quality": {
    "n_quarters": 20,
    "coverage": {
      "revenue": [
        20,
        20
      ],
      "gross_profit": [
        18,
        20
      ],
      "op_income": [
        18,
        20
      ],
      "fcf": [
        18,
        20
      ]
    },
    "gaps": [
      [
        "2019-06 (Q2)",
        "2020-06 (Q2)",
        366
      ],
      [
        "2020-06 (Q2)",
        "2021-03 (Q1)",
        274
      ],
      [
        "2021-09 (Q3)",
        "2022-03 (Q1)",
        182
      ]
    ],
    "warnings": [
      "gap: 3Q missing between 2019-06 (Q2) and 2020-06 (Q2)",
      "gap: 2Q missing between 2020-06 (Q2) and 2021-03 (Q1)",
      "gap: 1Q missing between 2021-09 (Q3) and 2022-03 (Q1)"
    ]
  },
  "market_cap": null,
  "source": "SEC EDGAR",
  "last_updated": "2026-02-02T20:55:19.465467"
}