{
  "ticker": "MIRM",
  "name": "Mirum Pharmaceuticals, Inc.",
  "quarters": [
    {
      "date": "2020-12-31T00:00:00",
      "quarter_label": "2020-12 (Q4)",
      "revenue": 0,
      "gross_profit": null,
      "operating_income": -36951000,
      "net_income": -37203000,
      "opex": 36951000,
      "cogs": null,
      "rd": null,
      "sga": null,
      "fcf": -36307000,
      "ocf": -36279000,
      "capex": -28000,
      "gross_margin": null,
      "op_margin": null,
      "fcf_margin": null
    },
    {
      "date": "2021-03-31T00:00:00",
      "quarter_label": "2021-03 (Q1)",
      "revenue": 0,
      "gross_profit": null,
      "operating_income": -47613000,
      "net_income": -50532000,
      "opex": 47613000,
      "cogs": null,
      "rd": null,
      "sga": 9479000,
      "fcf": -25213000,
      "ocf": -25210000,
      "capex": -3000,
      "gross_margin": null,
      "op_margin": null,
      "fcf_margin": null
    },
    {
      "date": "2021-06-30T00:00:00",
      "quarter_label": "2021-06 (Q2)",
      "revenue": 11000000,
      "gross_profit": null,
      "operating_income": -37401000,
      "net_income": -43894000,
      "opex": 48401000,
      "cogs": null,
      "rd": null,
      "sga": 13353000,
      "fcf": -40199000,
      "ocf": -40199000,
      "capex": null,
      "gross_margin": null,
      "op_margin": -3.4000909090909093,
      "fcf_margin": -3.6544545454545454
    },
    {
      "date": "2021-09-30T00:00:00",
      "quarter_label": "2021-09 (Q3)",
      "revenue": 5000000,
      "gross_profit": null,
      "operating_income": -42824000,
      "net_income": -47108000,
      "opex": 47824000,
      "cogs": null,
      "rd": null,
      "sga": 17353000,
      "fcf": -34220000,
      "ocf": -34202000,
      "capex": -18000,
      "gross_margin": null,
      "op_margin": -8.5648,
      "fcf_margin": -6.844,
      "fcf_margin_change": -3.189545454545455
    },
    {
      "date": "2021-12-31T00:00:00",
      "quarter_label": "2021-12 (Q4)",
      "revenue": 3138000,
      "gross_profit": null,
      "operating_income": -45575000,
      "net_income": 57546000,
      "opex": 48713000,
      "cogs": null,
      "rd": null,
      "sga": 19035000,
      "fcf": -33150000,
      "ocf": -33147000,
      "capex": -3000,
      "gross_margin": null,
      "op_margin": -14.523581899298916,
      "fcf_margin": -10.564053537284895,
      "incr_op_margin_yoy": -2.748247291268324,
      "fcf_margin_change": -3.720053537284895
    },
    {
      "date": "2022-03-31T00:00:00",
      "quarter_label": "2022-03 (Q1)",
      "revenue": 12892000,
      "gross_profit": null,
      "operating_income": -32736000,
      "net_income": -36606000,
      "opex": 45628000,
      "cogs": null,
      "rd": null,
      "sga": 19116000,
      "fcf": -39669000,
      "ocf": -39669000,
      "capex": null,
      "gross_margin": null,
      "op_margin": -2.539249146757679,
      "fcf_margin": -3.0770245113248524,
      "incr_op_margin_yoy": 1.1539714551659943,
      "op_leverage_ratio": Infinity,
      "fcf_margin_change": 7.487029025960043
    },
    {
      "date": "2022-06-30T00:00:00",
      "quarter_label": "2022-06 (Q2)",
      "revenue": 17484000,
      "gross_profit": null,
      "operating_income": -31441000,
      "net_income": -26922000,
      "opex": 48925000,
      "cogs": null,
      "rd": null,
      "sga": 20969000,
      "fcf": -20189000,
      "ocf": -20172000,
      "capex": -17000,
      "gross_margin": null,
      "op_margin": -1.798272706474491,
      "fcf_margin": -1.1547128803477464,
      "incr_op_margin_yoy": 0.919185687847008,
      "rev_growth_yoy": 0.5894545454545455,
      "op_leverage_ratio": 4.929400085505388,
      "fcf_margin_change": 1.922311630977106
    },
    {
      "date": "2022-09-30T00:00:00",
      "quarter_label": "2022-09 (Q3)",
      "revenue": 18780000,
      "gross_profit": null,
      "operating_income": -32882000,
      "net_income": -35706000,
      "opex": 51662000,
      "cogs": null,
      "rd": null,
      "sga": 22513000,
      "fcf": -26044000,
      "ocf": -26025000,
      "capex": -19000,
      "gross_margin": null,
      "op_margin": -1.7509052183173588,
      "fcf_margin": -1.3867944621938233,
      "incr_op_margin_yoy": 0.7214804063860668,
      "rev_growth_yoy": 2.756,
      "rev_growth_yoy_accel": 2.1665454545454543,
      "op_leverage_ratio": 1.3250133093134602,
      "fcf_margin_change": -0.23208158184607686
    },
    {
      "date": "2022-12-31T00:00:00",
      "quarter_label": "2022-12 (Q4)",
      "revenue": 27906000,
      "gross_profit": null,
      "operating_income": -34161000,
      "net_income": -36431000,
      "opex": 62067000,
      "cogs": null,
      "rd": null,
      "sga": 26468000,
      "fcf": -34512000,
      "ocf": -34270000,
      "capex": -242000,
      "gross_margin": null,
      "op_margin": -1.224145345087078,
      "fcf_margin": -1.236723285314986,
      "incr_op_margin_yoy": 0.46083656330749356,
      "rev_growth_yoy": 7.892925430210325,
      "rev_growth_yoy_accel": 5.136925430210326,
      "op_leverage_ratio": 2.4127593486174166,
      "fcf_margin_change": 0.1500711768788372
    },
    {
      "date": "2023-03-31T00:00:00",
      "quarter_label": "2023-03 (Q1)",
      "revenue": 31598000,
      "gross_profit": null,
      "operating_income": -27148000,
      "net_income": -30130000,
      "opex": 58746000,
      "cogs": null,
      "rd": null,
      "sga": 30219000,
      "fcf": -18815000,
      "ocf": -18774000,
      "capex": -41000,
      "gross_margin": null,
      "op_margin": -0.8591683017912526,
      "fcf_margin": -0.5954490790556365,
      "incr_op_margin_yoy": 0.2987276809579814,
      "rev_growth_yoy": 1.4509773502947565,
      "rev_growth_yoy_accel": -6.441948079915568,
      "op_leverage_ratio": Infinity,
      "fcf_margin_change": 0.6412742062593496
    },
    {
      "date": "2023-06-30T00:00:00",
      "quarter_label": "2023-06 (Q2)",
      "revenue": 37497000,
      "gross_profit": null,
      "operating_income": -24273000,
      "net_income": -74038000,
      "opex": 61770000,
      "cogs": null,
      "rd": null,
      "sga": 32949000,
      "fcf": -17399000,
      "ocf": -17331000,
      "capex": -68000,
      "gross_margin": null,
      "op_margin": -0.6473317865429234,
      "fcf_margin": -0.4640104541696669,
      "incr_op_margin_yoy": 0.35816719132563835,
      "rev_growth_yoy": 1.144646533973919,
      "rev_growth_yoy_accel": -0.3063308163208376,
      "op_leverage_ratio": 3.626730758024669,
      "fcf_margin_change": 0.13143862488596958
    },
    {
      "date": "2023-09-30T00:00:00",
      "quarter_label": "2023-09 (Q3)",
      "revenue": 47725000,
      "gross_profit": null,
      "operating_income": -25148000,
      "net_income": -23588000,
      "opex": 72873000,
      "cogs": null,
      "rd": null,
      "sga": 36528000,
      "fcf": -18221000,
      "ocf": -18221000,
      "capex": null,
      "gross_margin": null,
      "op_margin": -0.5269355683603981,
      "fcf_margin": -0.3817915138816134,
      "incr_op_margin_yoy": 0.2671964069787528,
      "rev_growth_yoy": 1.5412673056443025,
      "rev_growth_yoy_accel": 0.39662077167038357,
      "op_leverage_ratio": 1.5175096381843662,
      "fcf_margin_change": 0.08221894028805349
    },
    {
      "date": "2023-12-31T00:00:00",
      "quarter_label": "2023-12 (Q4)",
      "revenue": 69554000,
      "gross_profit": null,
      "operating_income": -32585000,
      "net_income": -35659000,
      "opex": 102139000,
      "cogs": null,
      "rd": null,
      "sga": 46184000,
      "fcf": -16618000,
      "ocf": -16618000,
      "capex": null,
      "gross_margin": null,
      "op_margin": -0.46848491819305865,
      "fcf_margin": -0.23892227621703999,
      "incr_op_margin_yoy": 0.03784095274683058,
      "rev_growth_yoy": 1.4924389020282376,
      "rev_growth_yoy_accel": -0.048828403616064886,
      "op_leverage_ratio": 1.138914662808007,
      "fcf_margin_change": 0.14286923766457343
    },
    {
      "date": "2024-03-31T00:00:00",
      "quarter_label": "2024-03 (Q1)",
      "revenue": 69222000,
      "gross_profit": null,
      "operating_income": -26468000,
      "net_income": -25279000,
      "opex": 95690000,
      "cogs": null,
      "rd": null,
      "sga": 45638000,
      "fcf": 15199000,
      "ocf": 15212000,
      "capex": -13000,
      "gross_margin": null,
      "op_margin": -0.38236398832741036,
      "fcf_margin": 0.21956892317471324,
      "incr_op_margin_yoy": 0.01807357006166277,
      "rev_growth_yoy": 1.1907082726754858,
      "rev_growth_yoy_accel": -0.30173062935275174,
      "fcf_margin_change": 0.4584911993917532
    },
    {
      "date": "2024-06-30T00:00:00",
      "quarter_label": "2024-06 (Q2)",
      "revenue": 77875000,
      "gross_profit": null,
      "operating_income": -24232000,
      "net_income": -24638000,
      "opex": 102107000,
      "cogs": null,
      "rd": null,
      "sga": 49208000,
      "fcf": -4582000,
      "ocf": -3803000,
      "capex": -779000,
      "gross_margin": null,
      "op_margin": -0.3111653290529695,
      "fcf_margin": -0.058837881219903694,
      "incr_op_margin_yoy": 0.0010154044281539452,
      "rev_growth_yoy": 1.07683281329173,
      "rev_growth_yoy_accel": -0.11387545938375587,
      "op_leverage_ratio": 1.8640479337692195,
      "fcf_margin_change": -0.27840680439461696
    },
    {
      "date": "2024-09-30T00:00:00",
      "quarter_label": "2024-09 (Q3)",
      "revenue": 90377000,
      "gross_profit": null,
      "operating_income": -12684000,
      "net_income": -14235000,
      "opex": 103061000,
      "cogs": null,
      "rd": null,
      "sga": 50545000,
      "fcf": 3803000,
      "ocf": 3984000,
      "capex": -181000,
      "gross_margin": null,
      "op_margin": -0.14034544187127257,
      "fcf_margin": 0.04207929008486672,
      "incr_op_margin_yoy": 0.29222545249929666,
      "rev_growth_yoy": 0.8937035096909377,
      "rev_growth_yoy_accel": -0.18312930360079227,
      "op_leverage_ratio": 17.18258799142581,
      "fcf_margin_change": 0.10091717130477042
    },
    {
      "date": "2024-12-31T00:00:00",
      "quarter_label": "2024-12 (Q4)",
      "revenue": 99414000,
      "gross_profit": null,
      "operating_income": -24222000,
      "net_income": -23790000,
      "opex": 123636000,
      "cogs": null,
      "rd": null,
      "sga": 56830000,
      "fcf": -5088000,
      "ocf": -5068000,
      "capex": -20000,
      "gross_margin": null,
      "op_margin": -0.2436477759671676,
      "fcf_margin": -0.05117991429778502,
      "incr_op_margin_yoy": 0.28007367716008036,
      "rev_growth_yoy": 0.42930672570952066,
      "rev_growth_yoy_accel": -0.46439678398141704,
      "op_leverage_ratio": 0.5008652130347844,
      "fcf_margin_change": -0.09325920438265174
    },
    {
      "date": "2025-03-31T00:00:00",
      "quarter_label": "2025-03 (Q1)",
      "revenue": 111585000,
      "gross_profit": null,
      "operating_income": -15183000,
      "net_income": -14677000,
      "opex": 126768000,
      "cogs": null,
      "rd": null,
      "sga": 57706000,
      "fcf": -2002000,
      "ocf": -1961000,
      "capex": -41000,
      "gross_margin": null,
      "op_margin": -0.13606667562844468,
      "fcf_margin": -0.017941479589550568,
      "incr_op_margin_yoy": 0.2663881217099828,
      "rev_growth_yoy": 0.6119875184189998,
      "rev_growth_yoy_accel": 0.18268079270947912,
      "op_leverage_ratio": 4.832834317144443,
      "fcf_margin_change": 0.033238434708234454
    },
    {
      "date": "2025-06-30T00:00:00",
      "quarter_label": "2025-06 (Q2)",
      "revenue": 127785000,
      "gross_profit": null,
      "operating_income": -4989000,
      "net_income": -5861000,
      "opex": 132774000,
      "cogs": null,
      "rd": null,
      "sga": 63286000,
      "fcf": 11914000,
      "ocf": 12040000,
      "capex": -126000,
      "gross_margin": null,
      "op_margin": -0.039042141096372815,
      "fcf_margin": 0.09323473021090112,
      "incr_op_margin_yoy": 0.3855539971949509,
      "rev_growth_yoy": 0.6408988764044944,
      "rev_growth_yoy_accel": 0.0289113579854946,
      "op_leverage_ratio": 3.0643157084883126,
      "fcf_margin_change": 0.11117620980045169
    },
    {
      "date": "2025-09-30T00:00:00",
      "quarter_label": "2025-09 (Q3)",
      "revenue": 133010000,
      "gross_profit": null,
      "operating_income": 2603000,
      "net_income": 2905000,
      "opex": 130407000,
      "cogs": null,
      "rd": null,
      "sga": 61910000,
      "fcf": 39494000,
      "ocf": 39681000,
      "capex": -187000,
      "gross_margin": null,
      "op_margin": 0.01956995714607924,
      "fcf_margin": 0.2969250432298323,
      "incr_op_margin_yoy": 0.35857199821734337,
      "rev_growth_yoy": 0.4717240005753676,
      "rev_growth_yoy_accel": -0.16917487582912677,
      "op_leverage_ratio": Infinity,
      "fcf_margin_change": 0.2036903130189312
    }
  ],
  "signals": [
    {
      "quarter": "2025-09 (Q3)",
      "signal": "FCF MARGIN EXPANSION",
      "detail": "FCF margin: +9.3% -> +29.7% (+20.4%)",
      "severity": "MEDIUM"
    },
    {
      "quarter": "2025-09 (Q3)",
      "signal": "YoY REVENUE GROWTH DECELERATION",
      "detail": "YoY growth: +47.2% vs prior quarter YoY: +64.1% (decel: -16.9%)",
      "severity": "WARNING"
    },
    {
      "quarter": "2025-09 (Q3)",
      "signal": "OP MARGIN TURNED POSITIVE (YoY)",
      "detail": "Op margin: -14.0% (year-ago) -> +2.0%",
      "severity": "HIGH"
    },
    {
      "quarter": "2025-09 (Q3)",
      "signal": "OP MARGIN TURNED POSITIVE (QoQ)",
      "detail": "Op margin: -3.9% -> +2.0%",
      "severity": "HIGH"
    },
    {
      "quarter": "2025-06 (Q2)",
      "signal": "FCF TURNED POSITIVE",
      "detail": "FCF margin: -1.8% -> +9.3%",
      "severity": "HIGH"
    },
    {
      "quarter": "2025-06 (Q2)",
      "signal": "OPERATING LEVERAGE",
      "detail": "Rev growth +14.5% vs OpEx growth +4.7% (leverage: 3.1x)",
      "severity": "MEDIUM"
    },
    {
      "quarter": "2025-03 (Q1)",
      "signal": "OPERATING LEVERAGE",
      "detail": "Rev growth +12.2% vs OpEx growth +2.5% (leverage: 4.8x)",
      "severity": "MEDIUM"
    },
    {
      "quarter": "2025-03 (Q1)",
      "signal": "YoY REVENUE GROWTH ACCELERATION",
      "detail": "YoY growth: +61.2% vs prior quarter YoY: +42.9% (accel: +18.3%)",
      "severity": "HIGH"
    },
    {
      "quarter": "2024-12 (Q4)",
      "signal": "YoY REVENUE GROWTH DECELERATION",
      "detail": "YoY growth: +42.9% vs prior quarter YoY: +89.4% (decel: -46.4%)",
      "severity": "WARNING"
    },
    {
      "quarter": "2024-09 (Q3)",
      "signal": "FCF TURNED POSITIVE",
      "detail": "FCF margin: -5.9% -> +4.2%",
      "severity": "HIGH"
    },
    {
      "quarter": "2024-09 (Q3)",
      "signal": "OPERATING LEVERAGE",
      "detail": "Rev growth +16.1% vs OpEx growth +0.9% (leverage: 17.2x)",
      "severity": "MEDIUM"
    },
    {
      "quarter": "2024-09 (Q3)",
      "signal": "YoY REVENUE GROWTH DECELERATION",
      "detail": "YoY growth: +89.4% vs prior quarter YoY: +107.7% (decel: -18.3%)",
      "severity": "WARNING"
    },
    {
      "quarter": "2024-06 (Q2)",
      "signal": "OPERATING LEVERAGE",
      "detail": "Rev growth +12.5% vs OpEx growth +6.7% (leverage: 1.9x)",
      "severity": "MEDIUM"
    },
    {
      "quarter": "2024-06 (Q2)",
      "signal": "YoY REVENUE GROWTH DECELERATION",
      "detail": "YoY growth: +107.7% vs prior quarter YoY: +119.1% (decel: -11.4%)",
      "severity": "WARNING"
    },
    {
      "quarter": "2024-03 (Q1)",
      "signal": "FCF TURNED POSITIVE",
      "detail": "FCF margin: -23.9% -> +22.0%",
      "severity": "HIGH"
    },
    {
      "quarter": "2024-03 (Q1)",
      "signal": "YoY REVENUE GROWTH DECELERATION",
      "detail": "YoY growth: +119.1% vs prior quarter YoY: +149.2% (decel: -30.2%)",
      "severity": "WARNING"
    },
    {
      "quarter": "2023-12 (Q4)",
      "signal": "FCF MARGIN EXPANSION",
      "detail": "FCF margin: -38.2% -> -23.9% (+14.3%)",
      "severity": "MEDIUM"
    },
    {
      "quarter": "2023-09 (Q3)",
      "signal": "FCF MARGIN EXPANSION",
      "detail": "FCF margin: -46.4% -> -38.2% (+8.2%)",
      "severity": "MEDIUM"
    },
    {
      "quarter": "2023-09 (Q3)",
      "signal": "OPERATING LEVERAGE",
      "detail": "Rev growth +27.3% vs OpEx growth +18.0% (leverage: 1.5x)",
      "severity": "MEDIUM"
    },
    {
      "quarter": "2023-09 (Q3)",
      "signal": "YoY REVENUE GROWTH ACCELERATION",
      "detail": "YoY growth: +154.1% vs prior quarter YoY: +114.5% (accel: +39.7%)",
      "severity": "HIGH"
    },
    {
      "quarter": "2023-06 (Q2)",
      "signal": "FCF MARGIN EXPANSION",
      "detail": "FCF margin: -59.5% -> -46.4% (+13.1%)",
      "severity": "MEDIUM"
    },
    {
      "quarter": "2023-06 (Q2)",
      "signal": "OPERATING LEVERAGE",
      "detail": "Rev growth +18.7% vs OpEx growth +5.1% (leverage: 3.6x)",
      "severity": "MEDIUM"
    },
    {
      "quarter": "2023-06 (Q2)",
      "signal": "YoY REVENUE GROWTH DECELERATION",
      "detail": "YoY growth: +114.5% vs prior quarter YoY: +145.1% (decel: -30.6%)",
      "severity": "WARNING"
    },
    {
      "quarter": "2023-03 (Q1)",
      "signal": "FCF MARGIN EXPANSION",
      "detail": "FCF margin: -123.7% -> -59.5% (+64.1%)",
      "severity": "MEDIUM"
    },
    {
      "quarter": "2023-03 (Q1)",
      "signal": "YoY REVENUE GROWTH DECELERATION",
      "detail": "YoY growth: +145.1% vs prior quarter YoY: +789.3% (decel: -644.2%)",
      "severity": "WARNING"
    },
    {
      "quarter": "2022-12 (Q4)",
      "signal": "FCF MARGIN EXPANSION",
      "detail": "FCF margin: -138.7% -> -123.7% (+15.0%)",
      "severity": "MEDIUM"
    },
    {
      "quarter": "2022-12 (Q4)",
      "signal": "OPERATING LEVERAGE",
      "detail": "Rev growth +48.6% vs OpEx growth +20.1% (leverage: 2.4x)",
      "severity": "MEDIUM"
    },
    {
      "quarter": "2022-12 (Q4)",
      "signal": "YoY REVENUE GROWTH ACCELERATION",
      "detail": "YoY growth: +789.3% vs prior quarter YoY: +275.6% (accel: +513.7%)",
      "severity": "HIGH"
    },
    {
      "quarter": "2022-09 (Q3)",
      "signal": "YoY REVENUE GROWTH ACCELERATION",
      "detail": "YoY growth: +275.6% vs prior quarter YoY: +58.9% (accel: +216.7%)",
      "severity": "HIGH"
    },
    {
      "quarter": "2022-06 (Q2)",
      "signal": "FCF MARGIN EXPANSION",
      "detail": "FCF margin: -307.7% -> -115.5% (+192.2%)",
      "severity": "MEDIUM"
    },
    {
      "quarter": "2022-06 (Q2)",
      "signal": "OPERATING LEVERAGE",
      "detail": "Rev growth +35.6% vs OpEx growth +7.2% (leverage: 4.9x)",
      "severity": "MEDIUM"
    },
    {
      "quarter": "2022-03 (Q1)",
      "signal": "FCF MARGIN EXPANSION",
      "detail": "FCF margin: -1056.4% -> -307.7% (+748.7%)",
      "severity": "MEDIUM"
    }
  ],
  "data_quality": {
    "n_quarters": 20,
    "coverage": {
      "revenue": [
        20,
        20
      ],
      "gross_profit": [
        0,
        20
      ],
      "op_income": [
        20,
        20
      ],
      "fcf": [
        20,
        20
      ]
    },
    "gaps": [],
    "warnings": [
      "gross_profit: no data"
    ]
  },
  "market_cap": null,
  "source": "SEC EDGAR",
  "last_updated": "2026-02-02T21:02:40.733594",
  "sector": "Healthcare",
  "industry": "Biotechnology"
}