{
  "ticker": "MITK",
  "name": "MITEK SYSTEMS, INC.",
  "quarters": [
    {
      "date": "2020-12-31T00:00:00",
      "quarter_label": "2020-12 (Q4)",
      "revenue": 25976000,
      "gross_profit": 21838000,
      "operating_income": 1537000,
      "net_income": 2167000,
      "opex": 20301000,
      "cogs": 4138000,
      "rd": 6165000,
      "sga": null,
      "fcf": 8330000,
      "ocf": 8730000,
      "capex": -400000,
      "gross_margin": 0.8406991068678781,
      "op_margin": 0.059170003079765936,
      "fcf_margin": 0.3206806282722513
    },
    {
      "date": "2021-03-31T00:00:00",
      "quarter_label": "2021-03 (Q1)",
      "revenue": 28773000,
      "gross_profit": 24981000,
      "operating_income": 2383000,
      "net_income": 1019000,
      "opex": 22598000,
      "cogs": 3792000,
      "rd": 6691000,
      "sga": null,
      "fcf": 7071000,
      "ocf": 7331000,
      "capex": -260000,
      "gross_margin": 0.8682097800020853,
      "op_margin": 0.08282069996176972,
      "fcf_margin": 0.24575122510687103,
      "op_leverage_ratio": 0.951648630080692,
      "fcf_margin_change": -0.07492940316538027
    },
    {
      "date": "2021-06-30T00:00:00",
      "quarter_label": "2021-06 (Q2)",
      "revenue": 31778000,
      "gross_profit": 28368000,
      "operating_income": 5432000,
      "net_income": 2985000,
      "opex": 22936000,
      "cogs": 3410000,
      "rd": 6946000,
      "sga": null,
      "fcf": 8649000,
      "ocf": 8955000,
      "capex": -306000,
      "gross_margin": 0.8926930580905028,
      "op_margin": 0.17093586758134557,
      "fcf_margin": 0.27216942538863365,
      "op_leverage_ratio": 6.982527176098072,
      "fcf_margin_change": 0.026418200281762616
    },
    {
      "date": "2021-09-30T00:00:00",
      "quarter_label": "2021-09 (Q3)",
      "revenue": 33270000,
      "gross_profit": 30070000,
      "operating_income": 3925000,
      "net_income": 1807000,
      "opex": 26145000,
      "cogs": 3200000,
      "rd": 8241000,
      "sga": null,
      "fcf": 11904000,
      "ocf": 12325000,
      "capex": -421000,
      "gross_margin": 0.9038172527802826,
      "op_margin": 0.1179741508866847,
      "fcf_margin": 0.35779981965734897,
      "op_leverage_ratio": 0.33557548402607124,
      "fcf_margin_change": 0.08563039426871533
    },
    {
      "date": "2021-12-31T00:00:00",
      "quarter_label": "2021-12 (Q4)",
      "revenue": 32473000,
      "gross_profit": 27917000,
      "operating_income": 4829000,
      "net_income": 3124000,
      "opex": 23089000,
      "cogs": 4556000,
      "rd": 7606000,
      "sga": null,
      "fcf": 1956000,
      "ocf": 2251000,
      "capex": -295000,
      "gross_margin": 0.8596988267175808,
      "op_margin": 0.1487081575462692,
      "fcf_margin": 0.06023465648384812,
      "incr_op_margin_yoy": 0.5066953978759428,
      "rev_growth_yoy": 0.2501154912226671,
      "fcf_margin_change": -0.29756516317350085
    },
    {
      "date": "2022-03-31T00:00:00",
      "quarter_label": "2022-03 (Q1)",
      "revenue": 34714000,
      "gross_profit": 30263000,
      "operating_income": 4833000,
      "net_income": 1911000,
      "opex": 26379000,
      "cogs": 4451000,
      "rd": 8236000,
      "sga": null,
      "fcf": 7096000,
      "ocf": 7435000,
      "capex": -339000,
      "gross_margin": 0.8717808377023679,
      "op_margin": 0.13922336809356456,
      "fcf_margin": 0.20441320504695512,
      "incr_op_margin_yoy": 0.41238848678673623,
      "rev_growth_yoy": 0.20647829562437006,
      "rev_growth_yoy_accel": -0.04363719559829701,
      "op_leverage_ratio": 0.4843158361068166,
      "fcf_margin_change": 0.144178548563107
    },
    {
      "date": "2022-06-30T00:00:00",
      "quarter_label": "2022-06 (Q2)",
      "revenue": 39333000,
      "gross_profit": 33549000,
      "operating_income": 2243000,
      "net_income": 811000,
      "opex": 32518000,
      "cogs": 5784000,
      "rd": 9614000,
      "sga": null,
      "fcf": 6032000,
      "ocf": 6327000,
      "capex": -295000,
      "gross_margin": 0.8529479063381893,
      "op_margin": 0.05702590699921186,
      "fcf_margin": 0.1533572318409478,
      "incr_op_margin_yoy": -0.42210456651224354,
      "rev_growth_yoy": 0.23774309270564542,
      "rev_growth_yoy_accel": 0.03126479708127536,
      "op_leverage_ratio": 0.5717471357390096,
      "fcf_margin_change": -0.05105597320600733
    },
    {
      "date": "2022-09-30T00:00:00",
      "quarter_label": "2022-09 (Q3)",
      "revenue": 38765000,
      "gross_profit": 33548000,
      "operating_income": 2938000,
      "net_income": -311000,
      "opex": 30610000,
      "cogs": 5217000,
      "rd": 4735000,
      "sga": null,
      "fcf": 4909000,
      "ocf": 5106000,
      "capex": -197000,
      "gross_margin": 0.8654198374822649,
      "op_margin": 0.07579001676770282,
      "fcf_margin": 0.12663485102540953,
      "incr_op_margin_yoy": -0.17961783439490445,
      "rev_growth_yoy": 0.1651638112413586,
      "rev_growth_yoy_accel": -0.07257928146428683,
      "fcf_margin_change": -0.026722380815538266
    },
    {
      "date": "2022-12-31T00:00:00",
      "quarter_label": "2022-12 (Q4)",
      "revenue": 45703000,
      "gross_profit": 40634000,
      "operating_income": 8373000,
      "net_income": 4730000,
      "opex": 32261000,
      "cogs": 5069000,
      "rd": 7670000,
      "sga": null,
      "fcf": 5106000,
      "ocf": 5260000,
      "capex": -154000,
      "gross_margin": 0.8890882436601536,
      "op_margin": 0.18320460363652277,
      "fcf_margin": 0.1117213312036409,
      "incr_op_margin_yoy": 0.26787603930461074,
      "rev_growth_yoy": 0.4074153912481138,
      "rev_growth_yoy_accel": 0.24225158000675523,
      "op_leverage_ratio": 3.3182626869276994,
      "fcf_margin_change": -0.014913519821768625
    },
    {
      "date": "2023-03-31T00:00:00",
      "quarter_label": "2023-03 (Q1)",
      "revenue": 46123000,
      "gross_profit": 40225000,
      "operating_income": 8686000,
      "net_income": 5169000,
      "opex": 31539000,
      "cogs": 5898000,
      "rd": 7373000,
      "sga": null,
      "fcf": 6083000,
      "ocf": 6301000,
      "capex": -218000,
      "gross_margin": 0.8721245365652711,
      "op_margin": 0.1883225288901416,
      "fcf_margin": 0.1318864774624374,
      "incr_op_margin_yoy": 0.3377158383732141,
      "rev_growth_yoy": 0.32865702598375296,
      "rev_growth_yoy_accel": -0.07875836526436086,
      "fcf_margin_change": 0.020165146258796493
    },
    {
      "date": "2023-06-30T00:00:00",
      "quarter_label": "2023-06 (Q2)",
      "revenue": 43070000,
      "gross_profit": 37358000,
      "operating_income": 1792000,
      "net_income": -428000,
      "opex": 35566000,
      "cogs": 5712000,
      "rd": 7461000,
      "sga": null,
      "fcf": 16268000,
      "ocf": 16552000,
      "capex": -284000,
      "gross_margin": 0.8673786858602275,
      "op_margin": 0.04160668678894822,
      "fcf_margin": 0.3777107035059206,
      "incr_op_margin_yoy": -0.12068504147712068,
      "rev_growth_yoy": 0.09500927973965881,
      "rev_growth_yoy_accel": -0.23364774624409415,
      "fcf_margin_change": 0.24582422604348322
    },
    {
      "date": "2023-09-30T00:00:00",
      "quarter_label": "2023-09 (Q3)",
      "revenue": 37656000,
      "gross_profit": 31384000,
      "operating_income": -3287000,
      "net_income": -1444000,
      "opex": 34671000,
      "cogs": 6272000,
      "rd": 6484000,
      "sga": null,
      "fcf": 3095000,
      "ocf": 3473000,
      "capex": -378000,
      "gross_margin": 0.8334395581049501,
      "op_margin": -0.08729020607605693,
      "fcf_margin": 0.08219141703845337,
      "incr_op_margin_yoy": 5.613165013525699,
      "rev_growth_yoy": -0.02860828066554882,
      "rev_growth_yoy_accel": -0.12361756040520763,
      "fcf_margin_change": -0.2955192864674673
    },
    {
      "date": "2023-12-31T00:00:00",
      "quarter_label": "2023-12 (Q4)",
      "revenue": 36917000,
      "gross_profit": null,
      "operating_income": -6916000,
      "net_income": -5793000,
      "opex": 43833000,
      "cogs": null,
      "rd": 8874000,
      "sga": null,
      "fcf": -9704000,
      "ocf": -9463000,
      "capex": -241000,
      "gross_margin": null,
      "op_margin": -0.18733916623777663,
      "fcf_margin": -0.2628599290299862,
      "incr_op_margin_yoy": 1.7401547917140907,
      "rev_growth_yoy": -0.19224120954860732,
      "rev_growth_yoy_accel": -0.1636329288830585,
      "fcf_margin_change": -0.34505134606843957
    },
    {
      "date": "2024-03-31T00:00:00",
      "quarter_label": "2024-03 (Q1)",
      "revenue": 46968000,
      "gross_profit": null,
      "operating_income": 698000,
      "net_income": 282000,
      "opex": 46270000,
      "cogs": null,
      "rd": 9713000,
      "sga": null,
      "fcf": 6581000,
      "ocf": 7064000,
      "capex": -483000,
      "gross_margin": null,
      "op_margin": 0.014861182081417136,
      "fcf_margin": 0.1401166751831034,
      "rev_growth_yoy": 0.01832057758601999,
      "rev_growth_yoy_accel": 0.2105617871346273,
      "op_leverage_ratio": 4.896982338882188,
      "fcf_margin_change": 0.40297660421308956
    },
    {
      "date": "2024-06-30T00:00:00",
      "quarter_label": "2024-06 (Q2)",
      "revenue": 44976000,
      "gross_profit": null,
      "operating_income": 734000,
      "net_income": 216000,
      "opex": 44242000,
      "cogs": null,
      "rd": 9982000,
      "sga": null,
      "fcf": 12554000,
      "ocf": 12985000,
      "capex": -431000,
      "gross_margin": null,
      "op_margin": 0.016319815012451087,
      "fcf_margin": 0.2791266453219495,
      "incr_op_margin_yoy": -0.5550891920251836,
      "rev_growth_yoy": 0.044253540747620154,
      "rev_growth_yoy_accel": 0.025932963161600164,
      "fcf_margin_change": 0.13900997013884608
    },
    {
      "date": "2024-09-30T00:00:00",
      "quarter_label": "2024-09 (Q3)",
      "revenue": 43222000,
      "gross_profit": null,
      "operating_income": 7715000,
      "net_income": 8573000,
      "opex": 35507000,
      "cogs": null,
      "rd": 6073000,
      "sga": null,
      "fcf": 20819000,
      "ocf": 21102000,
      "capex": -283000,
      "gross_margin": null,
      "op_margin": 0.17849706168155105,
      "fcf_margin": 0.4816759983341817,
      "incr_op_margin_yoy": 1.9766439094502335,
      "rev_growth_yoy": 0.14781176970469515,
      "rev_growth_yoy_accel": 0.10355822895707499,
      "fcf_margin_change": 0.2025493530122322
    },
    {
      "date": "2024-12-31T00:00:00",
      "quarter_label": "2024-12 (Q4)",
      "revenue": 37254000,
      "gross_profit": null,
      "operating_income": -3074000,
      "net_income": -4612000,
      "opex": 40328000,
      "cogs": null,
      "rd": 8323000,
      "sga": null,
      "fcf": 230000,
      "ocf": 565000,
      "capex": -335000,
      "gross_margin": null,
      "op_margin": -0.08251462930155151,
      "fcf_margin": 0.00617383368228915,
      "rev_growth_yoy": 0.009128585746404096,
      "rev_growth_yoy_accel": -0.13868318395829105,
      "fcf_margin_change": -0.47550216465189254
    },
    {
      "date": "2025-03-31T00:00:00",
      "quarter_label": "2025-03 (Q1)",
      "revenue": 51929000,
      "gross_profit": null,
      "operating_income": 11365000,
      "net_income": 9152000,
      "opex": 40564000,
      "cogs": null,
      "rd": 9766000,
      "sga": null,
      "fcf": 13511000,
      "ocf": 13743000,
      "capex": -232000,
      "gross_margin": null,
      "op_margin": 0.21885651562710623,
      "fcf_margin": 0.2601821718115119,
      "incr_op_margin_yoy": 2.150171336424108,
      "rev_growth_yoy": 0.10562510645545904,
      "rev_growth_yoy_accel": 0.09649652070905494,
      "op_leverage_ratio": 67.31314485169605,
      "fcf_margin_change": 0.25400833812922274
    },
    {
      "date": "2025-06-30T00:00:00",
      "quarter_label": "2025-06 (Q2)",
      "revenue": 45729000,
      "gross_profit": null,
      "operating_income": 3809000,
      "net_income": 2396000,
      "opex": 41920000,
      "cogs": null,
      "rd": 8960000,
      "sga": null,
      "fcf": 21242000,
      "ocf": 21571000,
      "capex": -329000,
      "gross_margin": null,
      "op_margin": 0.08329506440114588,
      "fcf_margin": 0.4645192328719194,
      "rev_growth_yoy": 0.016742262540021344,
      "rev_growth_yoy_accel": -0.0888828439154377,
      "fcf_margin_change": 0.2043370610604075
    },
    {
      "date": "2025-09-30T00:00:00",
      "quarter_label": "2025-09 (Q3)",
      "revenue": 44779000,
      "gross_profit": null,
      "operating_income": 4690000,
      "net_income": 1860000,
      "opex": 40089000,
      "cogs": null,
      "rd": 8235000,
      "sga": null,
      "fcf": 19202000,
      "ocf": 19461000,
      "capex": -259000,
      "gross_margin": null,
      "op_margin": 0.10473659527903705,
      "fcf_margin": 0.4288170794345564,
      "incr_op_margin_yoy": -1.9428387925497752,
      "rev_growth_yoy": 0.036023321456665584,
      "rev_growth_yoy_accel": 0.01928105891664424,
      "fcf_margin_change": -0.03570215343736299
    }
  ],
  "signals": [
    {
      "quarter": "2025-06 (Q2)",
      "signal": "FCF MARGIN EXPANSION",
      "detail": "FCF margin: +26.0% -> +46.5% (+20.4%)",
      "severity": "MEDIUM"
    },
    {
      "quarter": "2025-06 (Q2)",
      "signal": "YoY REVENUE GROWTH DECELERATION",
      "detail": "YoY growth: +1.7% vs prior quarter YoY: +10.6% (decel: -8.9%)",
      "severity": "WARNING"
    },
    {
      "quarter": "2025-03 (Q1)",
      "signal": "FCF MARGIN EXPANSION",
      "detail": "FCF margin: +0.6% -> +26.0% (+25.4%)",
      "severity": "MEDIUM"
    },
    {
      "quarter": "2025-03 (Q1)",
      "signal": "OPERATING LEVERAGE",
      "detail": "Rev growth +39.4% vs OpEx growth +0.6% (leverage: 67.3x)",
      "severity": "MEDIUM"
    },
    {
      "quarter": "2025-03 (Q1)",
      "signal": "YoY REVENUE GROWTH ACCELERATION",
      "detail": "YoY growth: +10.6% vs prior quarter YoY: +0.9% (accel: +9.6%)",
      "severity": "MEDIUM"
    },
    {
      "quarter": "2025-03 (Q1)",
      "signal": "INCREMENTAL MARGIN (YoY)",
      "detail": "YoY Incr OPM: +215.0% vs year-ago OPM: +1.5%",
      "severity": "HIGH"
    },
    {
      "quarter": "2025-03 (Q1)",
      "signal": "OP MARGIN TURNED POSITIVE (QoQ)",
      "detail": "Op margin: -8.3% -> +21.9%",
      "severity": "HIGH"
    },
    {
      "quarter": "2024-12 (Q4)",
      "signal": "YoY REVENUE GROWTH DECELERATION",
      "detail": "YoY growth: +0.9% vs prior quarter YoY: +14.8% (decel: -13.9%)",
      "severity": "WARNING"
    },
    {
      "quarter": "2024-09 (Q3)",
      "signal": "FCF MARGIN EXPANSION",
      "detail": "FCF margin: +27.9% -> +48.2% (+20.3%)",
      "severity": "MEDIUM"
    },
    {
      "quarter": "2024-09 (Q3)",
      "signal": "YoY REVENUE GROWTH ACCELERATION",
      "detail": "YoY growth: +14.8% vs prior quarter YoY: +4.4% (accel: +10.4%)",
      "severity": "MEDIUM"
    },
    {
      "quarter": "2024-09 (Q3)",
      "signal": "OP MARGIN TURNED POSITIVE (YoY)",
      "detail": "Op margin: -8.7% (year-ago) -> +17.8%",
      "severity": "HIGH"
    },
    {
      "quarter": "2024-06 (Q2)",
      "signal": "FCF MARGIN EXPANSION",
      "detail": "FCF margin: +14.0% -> +27.9% (+13.9%)",
      "severity": "MEDIUM"
    },
    {
      "quarter": "2024-03 (Q1)",
      "signal": "FCF TURNED POSITIVE",
      "detail": "FCF margin: -26.3% -> +14.0%",
      "severity": "HIGH"
    },
    {
      "quarter": "2024-03 (Q1)",
      "signal": "OPERATING LEVERAGE",
      "detail": "Rev growth +27.2% vs OpEx growth +5.6% (leverage: 4.9x)",
      "severity": "MEDIUM"
    },
    {
      "quarter": "2024-03 (Q1)",
      "signal": "YoY REVENUE GROWTH ACCELERATION",
      "detail": "YoY growth: +1.8% vs prior quarter YoY: -19.2% (accel: +21.1%)",
      "severity": "HIGH"
    },
    {
      "quarter": "2024-03 (Q1)",
      "signal": "OP MARGIN TURNED POSITIVE (QoQ)",
      "detail": "Op margin: -18.7% -> +1.5%",
      "severity": "HIGH"
    },
    {
      "quarter": "2023-12 (Q4)",
      "signal": "YoY REVENUE GROWTH DECELERATION",
      "detail": "YoY growth: -19.2% vs prior quarter YoY: -2.9% (decel: -16.4%)",
      "severity": "WARNING"
    },
    {
      "quarter": "2023-09 (Q3)",
      "signal": "YoY REVENUE GROWTH DECELERATION",
      "detail": "YoY growth: -2.9% vs prior quarter YoY: +9.5% (decel: -12.4%)",
      "severity": "WARNING"
    },
    {
      "quarter": "2023-06 (Q2)",
      "signal": "FCF MARGIN EXPANSION",
      "detail": "FCF margin: +13.2% -> +37.8% (+24.6%)",
      "severity": "MEDIUM"
    },
    {
      "quarter": "2023-06 (Q2)",
      "signal": "YoY REVENUE GROWTH DECELERATION",
      "detail": "YoY growth: +9.5% vs prior quarter YoY: +32.9% (decel: -23.4%)",
      "severity": "WARNING"
    },
    {
      "quarter": "2023-03 (Q1)",
      "signal": "YoY REVENUE GROWTH DECELERATION",
      "detail": "YoY growth: +32.9% vs prior quarter YoY: +40.7% (decel: -7.9%)",
      "severity": "WARNING"
    },
    {
      "quarter": "2023-03 (Q1)",
      "signal": "INCREMENTAL MARGIN (YoY)",
      "detail": "YoY Incr OPM: +33.8% vs year-ago OPM: +13.9%",
      "severity": "MEDIUM"
    },
    {
      "quarter": "2022-12 (Q4)",
      "signal": "OPERATING LEVERAGE",
      "detail": "Rev growth +17.9% vs OpEx growth +5.4% (leverage: 3.3x)",
      "severity": "MEDIUM"
    },
    {
      "quarter": "2022-12 (Q4)",
      "signal": "YoY REVENUE GROWTH ACCELERATION",
      "detail": "YoY growth: +40.7% vs prior quarter YoY: +16.5% (accel: +24.2%)",
      "severity": "HIGH"
    },
    {
      "quarter": "2022-12 (Q4)",
      "signal": "INCREMENTAL MARGIN (YoY)",
      "detail": "YoY Incr OPM: +26.8% vs year-ago OPM: +14.9%",
      "severity": "MEDIUM"
    },
    {
      "quarter": "2022-09 (Q3)",
      "signal": "YoY REVENUE GROWTH DECELERATION",
      "detail": "YoY growth: +16.5% vs prior quarter YoY: +23.8% (decel: -7.3%)",
      "severity": "WARNING"
    },
    {
      "quarter": "2022-03 (Q1)",
      "signal": "FCF MARGIN EXPANSION",
      "detail": "FCF margin: +6.0% -> +20.4% (+14.4%)",
      "severity": "MEDIUM"
    },
    {
      "quarter": "2022-03 (Q1)",
      "signal": "INCREMENTAL MARGIN (YoY)",
      "detail": "YoY Incr OPM: +41.2% vs year-ago OPM: +8.3%",
      "severity": "HIGH"
    },
    {
      "quarter": "2021-12 (Q4)",
      "signal": "INCREMENTAL MARGIN (YoY)",
      "detail": "YoY Incr OPM: +50.7% vs year-ago OPM: +5.9%",
      "severity": "HIGH"
    },
    {
      "quarter": "2021-09 (Q3)",
      "signal": "FCF MARGIN EXPANSION",
      "detail": "FCF margin: +27.2% -> +35.8% (+8.6%)",
      "severity": "MEDIUM"
    },
    {
      "quarter": "2021-06 (Q2)",
      "signal": "OPERATING LEVERAGE",
      "detail": "Rev growth +10.4% vs OpEx growth +1.5% (leverage: 7.0x)",
      "severity": "MEDIUM"
    }
  ],
  "data_quality": {
    "n_quarters": 20,
    "coverage": {
      "revenue": [
        20,
        20
      ],
      "gross_profit": [
        12,
        20
      ],
      "op_income": [
        20,
        20
      ],
      "fcf": [
        20,
        20
      ]
    },
    "gaps": [],
    "warnings": [
      "gross_profit: 12/20Q"
    ]
  },
  "market_cap": null,
  "source": "SEC EDGAR",
  "last_updated": "2026-02-02T22:26:25.175609",
  "sector": "Technology",
  "industry": "Software - Application"
}