{
  "ticker": "MITQ",
  "name": "MOVING iMAGE TECHNOLOGIES INC.",
  "quarters": [
    {
      "date": "2020-12-31T00:00:00",
      "quarter_label": "2020-12 (Q4)",
      "revenue": 1609000,
      "gross_profit": 421000,
      "operating_income": -356000,
      "net_income": -157000,
      "opex": 777000,
      "cogs": 1188000,
      "rd": 34000,
      "sga": null,
      "fcf": -510000,
      "ocf": -510000,
      "capex": null,
      "gross_margin": 0.26165320074580484,
      "op_margin": -0.22125543816034804,
      "fcf_margin": -0.31696706028589183
    },
    {
      "date": "2021-03-31T00:00:00",
      "quarter_label": "2021-03 (Q1)",
      "revenue": 1710000,
      "gross_profit": 416000,
      "operating_income": -292000,
      "net_income": -164000,
      "opex": 708000,
      "cogs": 1294000,
      "rd": 42000,
      "sga": null,
      "fcf": -515000,
      "ocf": -515000,
      "capex": null,
      "gross_margin": 0.2432748538011696,
      "op_margin": -0.17076023391812867,
      "fcf_margin": -0.30116959064327486,
      "op_leverage_ratio": Infinity,
      "fcf_margin_change": 0.015797469642616968
    },
    {
      "date": "2021-06-30T00:00:00",
      "quarter_label": "2021-06 (Q2)",
      "revenue": 2171000,
      "gross_profit": 399000,
      "operating_income": -605000,
      "net_income": 46000,
      "opex": 1006000,
      "cogs": 1772000,
      "rd": 49000,
      "sga": null,
      "fcf": 177000,
      "ocf": 177000,
      "capex": null,
      "gross_margin": 0.18378627360663288,
      "op_margin": -0.27867342238599724,
      "fcf_margin": 0.08152924919391985,
      "op_leverage_ratio": 0.6405039444248205,
      "fcf_margin_change": 0.3826988398371947
    },
    {
      "date": "2021-09-30T00:00:00",
      "quarter_label": "2021-09 (Q3)",
      "revenue": 3474000,
      "gross_profit": 722000,
      "operating_income": -539000,
      "net_income": -576000,
      "opex": 1261000,
      "cogs": 2752000,
      "rd": 54000,
      "sga": null,
      "fcf": -769000,
      "ocf": -769000,
      "capex": null,
      "gross_margin": 0.20782959124928038,
      "op_margin": -0.1551525618883132,
      "fcf_margin": -0.22135866436384571,
      "op_leverage_ratio": 2.3677856955771714,
      "fcf_margin_change": -0.30288791355776556
    },
    {
      "date": "2021-12-31T00:00:00",
      "quarter_label": "2021-12 (Q4)",
      "revenue": 3419000,
      "gross_profit": 896000,
      "operating_income": -642000,
      "net_income": -644000,
      "opex": 1538000,
      "cogs": 2523000,
      "rd": 65000,
      "sga": null,
      "fcf": -2076000,
      "ocf": -2076000,
      "capex": null,
      "gross_margin": 0.2620649312664522,
      "op_margin": -0.18777420298332845,
      "fcf_margin": -0.6071950862825387,
      "incr_op_margin_yoy": -0.1580110497237569,
      "rev_growth_yoy": 1.124922311995028,
      "fcf_margin_change": -0.385836421918693
    },
    {
      "date": "2022-03-31T00:00:00",
      "quarter_label": "2022-03 (Q1)",
      "revenue": 5835000,
      "gross_profit": 1367000,
      "operating_income": -131000,
      "net_income": 593000,
      "opex": 1498000,
      "cogs": 4468000,
      "rd": 53000,
      "sga": null,
      "fcf": 1913000,
      "ocf": 1929000,
      "capex": -16000,
      "gross_margin": 0.23427592116538132,
      "op_margin": -0.022450728363324766,
      "fcf_margin": 0.32784918594687235,
      "incr_op_margin_yoy": 0.03903030303030303,
      "rev_growth_yoy": 2.412280701754386,
      "rev_growth_yoy_accel": 1.2873583897593581,
      "op_leverage_ratio": Infinity,
      "fcf_margin_change": 0.935044272229411
    },
    {
      "date": "2022-06-30T00:00:00",
      "quarter_label": "2022-06 (Q2)",
      "revenue": 5623000,
      "gross_profit": 1476000,
      "operating_income": -452000,
      "net_income": -719000,
      "opex": 1928000,
      "cogs": 4147000,
      "rd": 66000,
      "sga": null,
      "fcf": -2473000,
      "ocf": -2471000,
      "capex": -2000,
      "gross_margin": 0.26249333096211985,
      "op_margin": -0.08038413658189579,
      "fcf_margin": -0.4398008180686466,
      "incr_op_margin_yoy": 0.044322132097334876,
      "rev_growth_yoy": 1.5900506678949793,
      "rev_growth_yoy_accel": -0.8222300338594069,
      "fcf_margin_change": -0.767650004015519
    },
    {
      "date": "2022-09-30T00:00:00",
      "quarter_label": "2022-09 (Q3)",
      "revenue": 5852000,
      "gross_profit": 1559000,
      "operating_income": 48000,
      "net_income": -95000,
      "opex": 1511000,
      "cogs": 4293000,
      "rd": 66000,
      "sga": null,
      "fcf": -22000,
      "ocf": -20000,
      "capex": -2000,
      "gross_margin": 0.26640464798359537,
      "op_margin": 0.008202323991797676,
      "fcf_margin": -0.0037593984962406013,
      "incr_op_margin_yoy": 0.24684608915054668,
      "rev_growth_yoy": 0.6845135290731146,
      "rev_growth_yoy_accel": -0.9055371388218647,
      "op_leverage_ratio": Infinity,
      "fcf_margin_change": 0.43604141957240605
    },
    {
      "date": "2022-12-31T00:00:00",
      "quarter_label": "2022-12 (Q4)",
      "revenue": 4843000,
      "gross_profit": 1312000,
      "operating_income": -138000,
      "net_income": 46000,
      "opex": 1450000,
      "cogs": 3531000,
      "rd": 61000,
      "sga": null,
      "fcf": -687000,
      "ocf": -685000,
      "capex": -2000,
      "gross_margin": 0.2709064629361966,
      "op_margin": -0.028494734668593848,
      "fcf_margin": -0.14185422258930416,
      "incr_op_margin_yoy": 0.3539325842696629,
      "rev_growth_yoy": 0.41649605147704005,
      "rev_growth_yoy_accel": -0.2680174775960745,
      "fcf_margin_change": -0.13809482409306356
    },
    {
      "date": "2023-03-31T00:00:00",
      "quarter_label": "2023-03 (Q1)",
      "revenue": 3741000,
      "gross_profit": 1042000,
      "operating_income": -526000,
      "net_income": -424000,
      "opex": 1568000,
      "cogs": 2699000,
      "rd": 66000,
      "sga": null,
      "fcf": 17000,
      "ocf": 20000,
      "capex": -3000,
      "gross_margin": 0.2785351510291366,
      "op_margin": -0.14060411654637797,
      "fcf_margin": 0.0045442395081529,
      "incr_op_margin_yoy": 0.1886341929321872,
      "rev_growth_yoy": -0.3588688946015424,
      "rev_growth_yoy_accel": -0.7753649460785825,
      "fcf_margin_change": 0.14639846209745705
    },
    {
      "date": "2023-06-30T00:00:00",
      "quarter_label": "2023-06 (Q2)",
      "revenue": 5772000,
      "gross_profit": 1398000,
      "operating_income": -1361000,
      "net_income": null,
      "opex": 2759000,
      "cogs": 4374000,
      "rd": 66000,
      "sga": null,
      "fcf": 946000,
      "ocf": 954000,
      "capex": -8000,
      "gross_margin": 0.24220374220374222,
      "op_margin": -0.2357934857934858,
      "fcf_margin": 0.1638946638946639,
      "rev_growth_yoy": 0.0264983105104037,
      "rev_growth_yoy_accel": 0.3853672051119461,
      "op_leverage_ratio": 0.7147538643542151,
      "fcf_margin_change": 0.15935042438651098
    },
    {
      "date": "2023-09-30T00:00:00",
      "quarter_label": "2023-09 (Q3)",
      "revenue": 6635000,
      "gross_profit": 1819000,
      "operating_income": 384000,
      "net_income": 439000,
      "opex": 1435000,
      "cogs": 4816000,
      "rd": 67000,
      "sga": null,
      "fcf": -208000,
      "ocf": -207000,
      "capex": -1000,
      "gross_margin": 0.2741522230595328,
      "op_margin": 0.057874905802562174,
      "fcf_margin": -0.031348907309721175,
      "rev_growth_yoy": 0.1338004101161996,
      "rev_growth_yoy_accel": 0.10730209960579588,
      "op_leverage_ratio": Infinity,
      "fcf_margin_change": -0.19524357120438507
    },
    {
      "date": "2023-12-31T00:00:00",
      "quarter_label": "2023-12 (Q4)",
      "revenue": 3265000,
      "gross_profit": 759000,
      "operating_income": -830000,
      "net_income": -794000,
      "opex": 1589000,
      "cogs": 2506000,
      "rd": 72000,
      "sga": null,
      "fcf": -1168000,
      "ocf": -1157000,
      "capex": -11000,
      "gross_margin": 0.2324655436447167,
      "op_margin": -0.2542113323124043,
      "fcf_margin": -0.35773353751914244,
      "incr_op_margin_yoy": 0.4385297845373891,
      "rev_growth_yoy": -0.325831096427834,
      "rev_growth_yoy_accel": -0.45963150654403356,
      "fcf_margin_change": -0.32638463020942127
    },
    {
      "date": "2024-03-31T00:00:00",
      "quarter_label": "2024-03 (Q1)",
      "revenue": 3890000,
      "gross_profit": 676000,
      "operating_income": -649000,
      "net_income": -601000,
      "opex": 1325000,
      "cogs": 3214000,
      "rd": 73000,
      "sga": null,
      "fcf": 1040000,
      "ocf": 1040000,
      "capex": null,
      "gross_margin": 0.1737789203084833,
      "op_margin": -0.16683804627249357,
      "fcf_margin": 0.26735218508997427,
      "rev_growth_yoy": 0.03982892274792836,
      "rev_growth_yoy_accel": 0.36566001917576235,
      "op_leverage_ratio": Infinity,
      "fcf_margin_change": 0.6250857226091167
    },
    {
      "date": "2024-06-30T00:00:00",
      "quarter_label": "2024-06 (Q2)",
      "revenue": 6349000,
      "gross_profit": 1429000,
      "operating_income": -461000,
      "net_income": null,
      "opex": 1890000,
      "cogs": 4920000,
      "rd": 65000,
      "sga": null,
      "fcf": -472000,
      "ocf": -472000,
      "capex": null,
      "gross_margin": 0.22507481493148526,
      "op_margin": -0.07260985982044417,
      "fcf_margin": -0.07434241612852417,
      "rev_growth_yoy": 0.09996534996534996,
      "rev_growth_yoy_accel": 0.0601364272174216,
      "op_leverage_ratio": 1.4824373819869419,
      "fcf_margin_change": -0.34169460121849843
    },
    {
      "date": "2024-09-30T00:00:00",
      "quarter_label": "2024-09 (Q3)",
      "revenue": 5252000,
      "gross_profit": 1372000,
      "operating_income": -68000,
      "net_income": -25000,
      "opex": 1440000,
      "cogs": 3880000,
      "rd": 61000,
      "sga": null,
      "fcf": -32000,
      "ocf": -32000,
      "capex": null,
      "gross_margin": 0.26123381568926124,
      "op_margin": -0.012947448591012947,
      "fcf_margin": -0.006092916984006093,
      "incr_op_margin_yoy": 0.32682574114244395,
      "rev_growth_yoy": -0.20844009042954031,
      "rev_growth_yoy_accel": -0.30840544039489026,
      "fcf_margin_change": 0.06824949914451808
    },
    {
      "date": "2024-12-31T00:00:00",
      "quarter_label": "2024-12 (Q4)",
      "revenue": 3441000,
      "gross_profit": 936000,
      "operating_income": -561000,
      "net_income": -527000,
      "opex": 1497000,
      "cogs": 2505000,
      "rd": 47000,
      "sga": null,
      "fcf": 70000,
      "ocf": 70000,
      "capex": null,
      "gross_margin": 0.27201394943330426,
      "op_margin": -0.16303400174367916,
      "fcf_margin": 0.02034292356873002,
      "rev_growth_yoy": 0.053905053598774885,
      "rev_growth_yoy_accel": 0.2623451440283152,
      "fcf_margin_change": 0.026435840552736112
    },
    {
      "date": "2025-03-31T00:00:00",
      "quarter_label": "2025-03 (Q1)",
      "revenue": 3571000,
      "gross_profit": 1063000,
      "operating_income": -270000,
      "net_income": -240000,
      "opex": 1333000,
      "cogs": 2508000,
      "rd": 49000,
      "sga": null,
      "fcf": 53000,
      "ocf": 53000,
      "capex": null,
      "gross_margin": 0.2976757210865304,
      "op_margin": -0.07560907308877066,
      "fcf_margin": 0.014841781013721647,
      "rev_growth_yoy": -0.0820051413881748,
      "rev_growth_yoy_accel": -0.13591019498694967,
      "op_leverage_ratio": Infinity,
      "fcf_margin_change": -0.005501142555008373
    },
    {
      "date": "2025-06-30T00:00:00",
      "quarter_label": "2025-06 (Q2)",
      "revenue": 5883000,
      "gross_profit": 1203000,
      "operating_income": -187000,
      "net_income": null,
      "opex": 1390000,
      "cogs": 4680000,
      "rd": 46000,
      "sga": null,
      "fcf": 346000,
      "ocf": 346000,
      "capex": null,
      "gross_margin": 0.20448750637429883,
      "op_margin": -0.031786503484616695,
      "fcf_margin": 0.058813530511643716,
      "rev_growth_yoy": -0.073397385415026,
      "rev_growth_yoy_accel": 0.008607755973148806,
      "op_leverage_ratio": 15.140955160233263,
      "fcf_margin_change": 0.04397174949792207
    },
    {
      "date": "2025-09-30T00:00:00",
      "quarter_label": "2025-09 (Q3)",
      "revenue": 5582000,
      "gross_profit": 1674000,
      "operating_income": 350000,
      "net_income": 509000,
      "opex": 1324000,
      "cogs": 3908000,
      "rd": 48000,
      "sga": null,
      "fcf": -167000,
      "ocf": -167000,
      "capex": null,
      "gross_margin": 0.2998925116445718,
      "op_margin": 0.0627015406664278,
      "fcf_margin": -0.02991759226083841,
      "rev_growth_yoy": 0.06283320639756283,
      "rev_growth_yoy_accel": 0.13623059181258884,
      "fcf_margin_change": -0.08873112277248213
    }
  ],
  "signals": [
    {
      "quarter": "2025-09 (Q3)",
      "signal": "GROSS MARGIN INFLECTION",
      "detail": "GM: +29.8% -> +20.4% -> +30.0% (reversal +9.5%)",
      "severity": "HIGH"
    },
    {
      "quarter": "2025-09 (Q3)",
      "signal": "YoY REVENUE GROWTH ACCELERATION",
      "detail": "YoY growth: +6.3% vs prior quarter YoY: -7.3% (accel: +13.6%)",
      "severity": "MEDIUM"
    },
    {
      "quarter": "2025-09 (Q3)",
      "signal": "OP MARGIN TURNED POSITIVE (YoY)",
      "detail": "Op margin: -1.3% (year-ago) -> +6.3%",
      "severity": "HIGH"
    },
    {
      "quarter": "2025-09 (Q3)",
      "signal": "OP MARGIN TURNED POSITIVE (QoQ)",
      "detail": "Op margin: -3.2% -> +6.3%",
      "severity": "HIGH"
    },
    {
      "quarter": "2025-06 (Q2)",
      "signal": "OPERATING LEVERAGE",
      "detail": "Rev growth +64.7% vs OpEx growth +4.3% (leverage: 15.1x)",
      "severity": "MEDIUM"
    },
    {
      "quarter": "2025-03 (Q1)",
      "signal": "YoY REVENUE GROWTH DECELERATION",
      "detail": "YoY growth: -8.2% vs prior quarter YoY: +5.4% (decel: -13.6%)",
      "severity": "WARNING"
    },
    {
      "quarter": "2024-12 (Q4)",
      "signal": "FCF TURNED POSITIVE",
      "detail": "FCF margin: -0.6% -> +2.0%",
      "severity": "HIGH"
    },
    {
      "quarter": "2024-12 (Q4)",
      "signal": "YoY REVENUE GROWTH ACCELERATION",
      "detail": "YoY growth: +5.4% vs prior quarter YoY: -20.8% (accel: +26.2%)",
      "severity": "HIGH"
    },
    {
      "quarter": "2024-09 (Q3)",
      "signal": "FCF MARGIN EXPANSION",
      "detail": "FCF margin: -7.4% -> -0.6% (+6.8%)",
      "severity": "MEDIUM"
    },
    {
      "quarter": "2024-09 (Q3)",
      "signal": "YoY REVENUE GROWTH DECELERATION",
      "detail": "YoY growth: -20.8% vs prior quarter YoY: +10.0% (decel: -30.8%)",
      "severity": "WARNING"
    },
    {
      "quarter": "2024-06 (Q2)",
      "signal": "GROSS MARGIN INFLECTION",
      "detail": "GM: +23.2% -> +17.4% -> +22.5% (reversal +5.1%)",
      "severity": "HIGH"
    },
    {
      "quarter": "2024-06 (Q2)",
      "signal": "YoY REVENUE GROWTH ACCELERATION",
      "detail": "YoY growth: +10.0% vs prior quarter YoY: +4.0% (accel: +6.0%)",
      "severity": "MEDIUM"
    },
    {
      "quarter": "2024-03 (Q1)",
      "signal": "FCF TURNED POSITIVE",
      "detail": "FCF margin: -35.8% -> +26.7%",
      "severity": "HIGH"
    },
    {
      "quarter": "2024-03 (Q1)",
      "signal": "YoY REVENUE GROWTH ACCELERATION",
      "detail": "YoY growth: +4.0% vs prior quarter YoY: -32.6% (accel: +36.6%)",
      "severity": "HIGH"
    },
    {
      "quarter": "2023-12 (Q4)",
      "signal": "YoY REVENUE GROWTH DECELERATION",
      "detail": "YoY growth: -32.6% vs prior quarter YoY: +13.4% (decel: -46.0%)",
      "severity": "WARNING"
    },
    {
      "quarter": "2023-09 (Q3)",
      "signal": "GROSS MARGIN INFLECTION",
      "detail": "GM: +27.9% -> +24.2% -> +27.4% (reversal +3.2%)",
      "severity": "MEDIUM"
    },
    {
      "quarter": "2023-09 (Q3)",
      "signal": "YoY REVENUE GROWTH ACCELERATION",
      "detail": "YoY growth: +13.4% vs prior quarter YoY: +2.6% (accel: +10.7%)",
      "severity": "MEDIUM"
    },
    {
      "quarter": "2023-09 (Q3)",
      "signal": "OP MARGIN TURNED POSITIVE (QoQ)",
      "detail": "Op margin: -23.6% -> +5.8%",
      "severity": "HIGH"
    },
    {
      "quarter": "2023-06 (Q2)",
      "signal": "FCF MARGIN EXPANSION",
      "detail": "FCF margin: +0.5% -> +16.4% (+15.9%)",
      "severity": "MEDIUM"
    },
    {
      "quarter": "2023-06 (Q2)",
      "signal": "YoY REVENUE GROWTH ACCELERATION",
      "detail": "YoY growth: +2.6% vs prior quarter YoY: -35.9% (accel: +38.5%)",
      "severity": "HIGH"
    },
    {
      "quarter": "2023-03 (Q1)",
      "signal": "FCF TURNED POSITIVE",
      "detail": "FCF margin: -14.2% -> +0.5%",
      "severity": "HIGH"
    },
    {
      "quarter": "2023-03 (Q1)",
      "signal": "YoY REVENUE GROWTH DECELERATION",
      "detail": "YoY growth: -35.9% vs prior quarter YoY: +41.6% (decel: -77.5%)",
      "severity": "WARNING"
    },
    {
      "quarter": "2022-12 (Q4)",
      "signal": "YoY REVENUE GROWTH DECELERATION",
      "detail": "YoY growth: +41.6% vs prior quarter YoY: +68.5% (decel: -26.8%)",
      "severity": "WARNING"
    },
    {
      "quarter": "2022-09 (Q3)",
      "signal": "FCF MARGIN EXPANSION",
      "detail": "FCF margin: -44.0% -> -0.4% (+43.6%)",
      "severity": "MEDIUM"
    },
    {
      "quarter": "2022-09 (Q3)",
      "signal": "YoY REVENUE GROWTH DECELERATION",
      "detail": "YoY growth: +68.5% vs prior quarter YoY: +159.0% (decel: -90.6%)",
      "severity": "WARNING"
    },
    {
      "quarter": "2022-09 (Q3)",
      "signal": "OP MARGIN TURNED POSITIVE (YoY)",
      "detail": "Op margin: -15.5% (year-ago) -> +0.8%",
      "severity": "HIGH"
    },
    {
      "quarter": "2022-09 (Q3)",
      "signal": "OP MARGIN TURNED POSITIVE (QoQ)",
      "detail": "Op margin: -8.0% -> +0.8%",
      "severity": "HIGH"
    },
    {
      "quarter": "2022-06 (Q2)",
      "signal": "GROSS MARGIN INFLECTION",
      "detail": "GM: +26.2% -> +23.4% -> +26.2% (reversal +2.8%)",
      "severity": "MEDIUM"
    },
    {
      "quarter": "2022-06 (Q2)",
      "signal": "YoY REVENUE GROWTH DECELERATION",
      "detail": "YoY growth: +159.0% vs prior quarter YoY: +241.2% (decel: -82.2%)",
      "severity": "WARNING"
    },
    {
      "quarter": "2022-03 (Q1)",
      "signal": "FCF TURNED POSITIVE",
      "detail": "FCF margin: -60.7% -> +32.8%",
      "severity": "HIGH"
    },
    {
      "quarter": "2022-03 (Q1)",
      "signal": "YoY REVENUE GROWTH ACCELERATION",
      "detail": "YoY growth: +241.2% vs prior quarter YoY: +112.5% (accel: +128.7%)",
      "severity": "HIGH"
    },
    {
      "quarter": "2021-09 (Q3)",
      "signal": "OPERATING LEVERAGE",
      "detail": "Rev growth +60.0% vs OpEx growth +25.3% (leverage: 2.4x)",
      "severity": "MEDIUM"
    },
    {
      "quarter": "2021-09 (Q3)",
      "signal": "GROSS MARGIN INFLECTION",
      "detail": "GM: +24.3% -> +18.4% -> +20.8% (reversal +2.4%)",
      "severity": "MEDIUM"
    },
    {
      "quarter": "2021-06 (Q2)",
      "signal": "FCF TURNED POSITIVE",
      "detail": "FCF margin: -30.1% -> +8.2%",
      "severity": "HIGH"
    }
  ],
  "data_quality": {
    "n_quarters": 20,
    "coverage": {
      "revenue": [
        20,
        20
      ],
      "gross_profit": [
        20,
        20
      ],
      "op_income": [
        20,
        20
      ],
      "fcf": [
        20,
        20
      ]
    },
    "gaps": [],
    "warnings": []
  },
  "market_cap": null,
  "source": "SEC EDGAR",
  "last_updated": "2026-02-03T00:15:00.673149"
}