{
  "ticker": "MKC",
  "name": "McCORMICK\u00a0& COMPANY, INCORPORATED",
  "quarters": [
    {
      "date": "2021-02-28T00:00:00",
      "quarter_label": "2021-02 (Q1)",
      "revenue": 1481500000,
      "gross_profit": 577500000,
      "operating_income": 236300000,
      "net_income": 161800000,
      "opex": 341200000,
      "cogs": 904000000,
      "rd": null,
      "sga": 321300000,
      "fcf": -80800000,
      "ocf": -32200000,
      "capex": -48600000,
      "gross_margin": 0.38980762740465746,
      "op_margin": 0.15950050624367196,
      "fcf_margin": -0.05453931825852177
    },
    {
      "date": "2021-05-31T00:00:00",
      "quarter_label": "2021-05 (Q2)",
      "revenue": 1556700000,
      "gross_profit": 614600000,
      "operating_income": 237400000,
      "net_income": 183700000,
      "opex": 377200000,
      "cogs": 942100000,
      "rd": null,
      "sga": 356600000,
      "fcf": 196700000,
      "ocf": 260900000,
      "capex": -64200000,
      "gross_margin": 0.39480953298644567,
      "op_margin": 0.15250208774972698,
      "fcf_margin": 0.12635703732254128,
      "op_leverage_ratio": 0.48108598642516964,
      "fcf_margin_change": 0.18089635558106304
    },
    {
      "date": "2021-08-31T00:00:00",
      "quarter_label": "2021-08 (Q3)",
      "revenue": 1549400000,
      "gross_profit": 599600000,
      "operating_income": 265200000,
      "net_income": 212400000,
      "opex": 334400000,
      "cogs": 949800000,
      "rd": null,
      "sga": 327300000,
      "fcf": 67100000,
      "ocf": 144200000,
      "capex": -77100000,
      "gross_margin": 0.38698851168194137,
      "op_margin": 0.17116303085065188,
      "fcf_margin": 0.04330708661417323,
      "fcf_margin_change": -0.08304995070836804
    },
    {
      "date": "2021-11-30T00:00:00",
      "quarter_label": "2021-11 (Q4)",
      "revenue": 1730300000,
      "gross_profit": 702900000,
      "operating_income": 276200000,
      "net_income": 197400000,
      "opex": 426700000,
      "cogs": 1027400000,
      "rd": null,
      "sga": 398900000,
      "fcf": 367300000,
      "ocf": 455400000,
      "capex": -88100000,
      "gross_margin": 0.4062301335028608,
      "op_margin": 0.15962549846847368,
      "fcf_margin": 0.21227532797780732,
      "op_leverage_ratio": 0.4229992359954526,
      "fcf_margin_change": 0.1689682413636341
    },
    {
      "date": "2022-02-28T00:00:00",
      "quarter_label": "2022-02 (Q1)",
      "revenue": 1522400000,
      "gross_profit": 560400000,
      "operating_income": 206900000,
      "net_income": 154900000,
      "opex": 353500000,
      "cogs": 962000000,
      "rd": null,
      "sga": 333300000,
      "fcf": -25800000,
      "ocf": 17900000,
      "capex": -43700000,
      "gross_margin": 0.36810299527062534,
      "op_margin": 0.13590383604834472,
      "fcf_margin": -0.01694692590646348,
      "incr_op_margin_yoy": -0.7188264058679706,
      "rev_growth_yoy": 0.02760715491056362,
      "fcf_margin_change": -0.2292222538842708
    },
    {
      "date": "2022-05-31T00:00:00",
      "quarter_label": "2022-05 (Q2)",
      "revenue": 1536800000,
      "gross_profit": 523000000,
      "operating_income": 157200000,
      "net_income": 118500000,
      "opex": 365800000,
      "cogs": 1013800000,
      "rd": null,
      "sga": 349200000,
      "fcf": 78600000,
      "ocf": 136500000,
      "capex": -57900000,
      "gross_margin": 0.3403175429463821,
      "op_margin": 0.10229047371160854,
      "fcf_margin": 0.05114523685580427,
      "incr_op_margin_yoy": 4.030150753768845,
      "rev_growth_yoy": -0.01278345217447164,
      "rev_growth_yoy_accel": -0.04039060708503526,
      "fcf_margin_change": 0.06809216276226775
    },
    {
      "date": "2022-08-31T00:00:00",
      "quarter_label": "2022-08 (Q3)",
      "revenue": 1595600000,
      "gross_profit": 566700000,
      "operating_income": 235200000,
      "net_income": 222900000,
      "opex": 331500000,
      "cogs": 1028900000,
      "rd": null,
      "sga": 328100000,
      "fcf": 30500000,
      "ocf": 95700000,
      "capex": -65200000,
      "gross_margin": 0.35516420155427425,
      "op_margin": 0.14740536475307095,
      "fcf_margin": 0.019115066432689898,
      "incr_op_margin_yoy": -0.6493506493506493,
      "rev_growth_yoy": 0.029817994062217634,
      "rev_growth_yoy_accel": 0.042601446236689273,
      "op_leverage_ratio": Infinity,
      "fcf_margin_change": -0.032030170423114374
    },
    {
      "date": "2022-11-30T00:00:00",
      "quarter_label": "2022-11 (Q4)",
      "revenue": 1695700000,
      "gross_profit": 624400000,
      "operating_income": 264300000,
      "net_income": 185700000,
      "opex": 360100000,
      "cogs": 1071300000,
      "rd": null,
      "sga": 346500000,
      "fcf": 306200000,
      "ocf": 401400000,
      "capex": -95200000,
      "gross_margin": 0.3682255115881347,
      "op_margin": 0.15586483458158873,
      "fcf_margin": 0.18057439405555228,
      "incr_op_margin_yoy": 0.3439306358381503,
      "rev_growth_yoy": -0.01999653239322661,
      "rev_growth_yoy_accel": -0.04981452645544424,
      "op_leverage_ratio": 0.7271559288042116,
      "fcf_margin_change": 0.1614593276228624
    },
    {
      "date": "2023-02-28T00:00:00",
      "quarter_label": "2023-02 (Q1)",
      "revenue": 1565500000,
      "gross_profit": 562900000,
      "operating_income": 199000000,
      "net_income": 139100000,
      "opex": 363900000,
      "cogs": 1002600000,
      "rd": null,
      "sga": 336100000,
      "fcf": 41900000,
      "ocf": 103400000,
      "capex": -61500000,
      "gross_margin": 0.3595656339827531,
      "op_margin": 0.12711593740019164,
      "fcf_margin": 0.026764611945065474,
      "incr_op_margin_yoy": -0.18329466357308585,
      "rev_growth_yoy": 0.028310562270099843,
      "rev_growth_yoy_accel": 0.04830709466332645,
      "fcf_margin_change": -0.15380978211048682
    },
    {
      "date": "2023-05-31T00:00:00",
      "quarter_label": "2023-05 (Q2)",
      "revenue": 1659200000,
      "gross_profit": 615500000,
      "operating_income": 221800000,
      "net_income": 152100000,
      "opex": 393700000,
      "cogs": 1043700000,
      "rd": null,
      "sga": 380500000,
      "fcf": 233700000,
      "ocf": 290800000,
      "capex": -57100000,
      "gross_margin": 0.3709619093539055,
      "op_margin": 0.13367888138862102,
      "fcf_margin": 0.140851012536162,
      "incr_op_margin_yoy": 0.5277777777777778,
      "rev_growth_yoy": 0.07964601769911504,
      "rev_growth_yoy_accel": 0.0513354554290152,
      "op_leverage_ratio": 0.7308904889189937,
      "fcf_margin_change": 0.11408640059109652
    },
    {
      "date": "2023-08-31T00:00:00",
      "quarter_label": "2023-08 (Q3)",
      "revenue": 1684700000,
      "gross_profit": 622800000,
      "operating_income": 245000000,
      "net_income": 170100000,
      "opex": 377800000,
      "cogs": 1061900000,
      "rd": null,
      "sga": 371700000,
      "fcf": 197300000,
      "ocf": 265900000,
      "capex": -68600000,
      "gross_margin": 0.36968006173205914,
      "op_margin": 0.14542648542767259,
      "fcf_margin": 0.11711283908114205,
      "incr_op_margin_yoy": 0.10998877665544332,
      "rev_growth_yoy": 0.05584106292303836,
      "rev_growth_yoy_accel": -0.023804954776076685,
      "op_leverage_ratio": Infinity,
      "fcf_margin_change": -0.023738173455019954
    },
    {
      "date": "2023-11-30T00:00:00",
      "quarter_label": "2023-11 (Q4)",
      "revenue": 1752800000,
      "gross_profit": 701300000,
      "operating_income": 297200000,
      "net_income": 219300000,
      "opex": 404100000,
      "cogs": 1051500000,
      "rd": null,
      "sga": 390000000,
      "fcf": 577200000,
      "ocf": 577200000,
      "capex": null,
      "gross_margin": 0.4001026928343222,
      "op_margin": 0.16955727978092194,
      "fcf_margin": 0.32930168872660887,
      "incr_op_margin_yoy": 0.5761821366024519,
      "rev_growth_yoy": 0.03367340921153506,
      "rev_growth_yoy_accel": -0.022167653711503296,
      "op_leverage_ratio": 0.5806718078451986,
      "fcf_margin_change": 0.2121888496454668
    },
    {
      "date": "2024-02-29T00:00:00",
      "quarter_label": "2024-02 (Q1)",
      "revenue": 1602700000,
      "gross_profit": 599300000,
      "operating_income": 233500000,
      "net_income": 166000000,
      "opex": 365800000,
      "cogs": 1003400000,
      "rd": null,
      "sga": 361600000,
      "fcf": 76400000,
      "ocf": 138400000,
      "capex": -62000000,
      "gross_margin": 0.3739314906095963,
      "op_margin": 0.14569164534847445,
      "fcf_margin": 0.047669557621513696,
      "incr_op_margin_yoy": 0.9274193548387096,
      "rev_growth_yoy": 0.023762376237623763,
      "rev_growth_yoy_accel": -0.009911032973911299,
      "fcf_margin_change": -0.28163213110509516
    },
    {
      "date": "2024-05-31T00:00:00",
      "quarter_label": "2024-05 (Q2)",
      "revenue": 1643200000,
      "gross_profit": 619600000,
      "operating_income": 234100000,
      "net_income": 184200000,
      "opex": 385500000,
      "cogs": 1023600000,
      "rd": null,
      "sga": 383700000,
      "fcf": 94800000,
      "ocf": 163100000,
      "capex": -68300000,
      "gross_margin": 0.3770691333982473,
      "op_margin": 0.14246592015579357,
      "fcf_margin": 0.057692307692307696,
      "incr_op_margin_yoy": -0.76875,
      "rev_growth_yoy": -0.009643201542912247,
      "rev_growth_yoy_accel": -0.03340557778053601,
      "op_leverage_ratio": 0.46922404736423534,
      "fcf_margin_change": 0.010022750070794
    },
    {
      "date": "2024-08-31T00:00:00",
      "quarter_label": "2024-08 (Q3)",
      "revenue": 1679800000,
      "gross_profit": 649900000,
      "operating_income": 286500000,
      "net_income": 223100000,
      "opex": 363400000,
      "cogs": 1029900000,
      "rd": null,
      "sga": 361500000,
      "fcf": 102700000,
      "ocf": 161700000,
      "capex": -59000000,
      "gross_margin": 0.38689129658292654,
      "op_margin": 0.17055601857363972,
      "fcf_margin": 0.06113823074175497,
      "incr_op_margin_yoy": -8.46938775510204,
      "rev_growth_yoy": -0.0029085297085534516,
      "rev_growth_yoy_accel": 0.006734671834358795,
      "op_leverage_ratio": Infinity,
      "fcf_margin_change": 0.003445923049447276
    },
    {
      "date": "2024-11-30T00:00:00",
      "quarter_label": "2024-11 (Q4)",
      "revenue": 1798000000,
      "gross_profit": 722200000,
      "operating_income": 306200000,
      "net_income": 215200000,
      "opex": 416000000,
      "cogs": 1075800000,
      "rd": null,
      "sga": 414400000,
      "fcf": 458700000,
      "ocf": 458700000,
      "capex": null,
      "gross_margin": 0.40166852057842045,
      "op_margin": 0.17030033370411568,
      "fcf_margin": 0.25511679644048946,
      "incr_op_margin_yoy": 0.19911504424778761,
      "rev_growth_yoy": 0.025787311729803742,
      "rev_growth_yoy_accel": 0.028695841438357194,
      "op_leverage_ratio": 0.48613744982315016,
      "fcf_margin_change": 0.19397856569873448
    },
    {
      "date": "2025-02-28T00:00:00",
      "quarter_label": "2025-02 (Q1)",
      "revenue": 1605500000,
      "gross_profit": 604000000,
      "operating_income": 225200000,
      "net_income": 162300000,
      "opex": 378800000,
      "cogs": 1001500000,
      "rd": null,
      "sga": 378800000,
      "fcf": 78400000,
      "ocf": 115500000,
      "capex": -37100000,
      "gross_margin": 0.37620678916225475,
      "op_margin": 0.14026782933665524,
      "fcf_margin": 0.04883213952039863,
      "incr_op_margin_yoy": -2.9642857142857144,
      "rev_growth_yoy": 0.0017470518500031197,
      "rev_growth_yoy_accel": -0.024040259879800623,
      "fcf_margin_change": -0.20628465692009082
    },
    {
      "date": "2025-05-31T00:00:00",
      "quarter_label": "2025-05 (Q2)",
      "revenue": 1659500000,
      "gross_profit": 622800000,
      "operating_income": 245800000,
      "net_income": 175000000,
      "opex": 377000000,
      "cogs": 1036700000,
      "rd": null,
      "sga": 364200000,
      "fcf": -2400000,
      "ocf": 45900000,
      "capex": -48300000,
      "gross_margin": 0.37529376318168123,
      "op_margin": 0.14811690268153058,
      "fcf_margin": -0.0014462187405845134,
      "incr_op_margin_yoy": 0.7177914110429447,
      "rev_growth_yoy": 0.00991966893865628,
      "rev_growth_yoy_accel": 0.008172617088653161,
      "op_leverage_ratio": Infinity,
      "fcf_margin_change": -0.05027835826098315
    },
    {
      "date": "2025-08-31T00:00:00",
      "quarter_label": "2025-08 (Q3)",
      "revenue": 1724900000,
      "gross_profit": 645100000,
      "operating_income": 288700000,
      "net_income": 225500000,
      "opex": 356400000,
      "cogs": 1079800000,
      "rd": null,
      "sga": 352500000,
      "fcf": 206100000,
      "ocf": 258800000,
      "capex": -52700000,
      "gross_margin": 0.3739926952287089,
      "op_margin": 0.16737202156646763,
      "fcf_margin": 0.11948518754710417,
      "incr_op_margin_yoy": 0.04878048780487805,
      "rev_growth_yoy": 0.026848434337421123,
      "rev_growth_yoy_accel": 0.016928765398764842,
      "op_leverage_ratio": Infinity,
      "fcf_margin_change": 0.12093140628768868
    },
    {
      "date": "2025-11-30T00:00:00",
      "quarter_label": "2025-11 (Q4)",
      "revenue": 1850400000,
      "gross_profit": 720300000,
      "operating_income": 311100000,
      "net_income": 226600000,
      "opex": 409200000,
      "cogs": 1130100000,
      "rd": null,
      "sga": 404800000,
      "fcf": 542000000,
      "ocf": 542000000,
      "capex": null,
      "gross_margin": 0.38926718547341116,
      "op_margin": 0.16812581063553828,
      "fcf_margin": 0.2929096411586684,
      "incr_op_margin_yoy": 0.09351145038167939,
      "rev_growth_yoy": 0.02914349276974416,
      "rev_growth_yoy_accel": 0.0022950584323230376,
      "op_leverage_ratio": 0.4911154269812743,
      "fcf_margin_change": 0.17342445361156422
    }
  ],
  "signals": [
    {
      "quarter": "2025-11 (Q4)",
      "signal": "FCF MARGIN EXPANSION",
      "detail": "FCF margin: +11.9% -> +29.3% (+17.3%)",
      "severity": "MEDIUM"
    },
    {
      "quarter": "2025-08 (Q3)",
      "signal": "FCF TURNED POSITIVE",
      "detail": "FCF margin: -0.1% -> +11.9%",
      "severity": "HIGH"
    },
    {
      "quarter": "2025-05 (Q2)",
      "signal": "INCREMENTAL MARGIN (YoY)",
      "detail": "YoY Incr OPM: +71.8% vs year-ago OPM: +14.2%",
      "severity": "HIGH"
    },
    {
      "quarter": "2024-11 (Q4)",
      "signal": "FCF MARGIN EXPANSION",
      "detail": "FCF margin: +6.1% -> +25.5% (+19.4%)",
      "severity": "MEDIUM"
    },
    {
      "quarter": "2024-02 (Q1)",
      "signal": "INCREMENTAL MARGIN (YoY)",
      "detail": "YoY Incr OPM: +92.7% vs year-ago OPM: +12.7%",
      "severity": "HIGH"
    },
    {
      "quarter": "2023-11 (Q4)",
      "signal": "FCF MARGIN EXPANSION",
      "detail": "FCF margin: +11.7% -> +32.9% (+21.2%)",
      "severity": "MEDIUM"
    },
    {
      "quarter": "2023-11 (Q4)",
      "signal": "GROSS MARGIN INFLECTION",
      "detail": "GM: +37.1% -> +37.0% -> +40.0% (reversal +3.0%)",
      "severity": "MEDIUM"
    },
    {
      "quarter": "2023-11 (Q4)",
      "signal": "INCREMENTAL MARGIN (YoY)",
      "detail": "YoY Incr OPM: +57.6% vs year-ago OPM: +15.6%",
      "severity": "HIGH"
    },
    {
      "quarter": "2023-05 (Q2)",
      "signal": "FCF MARGIN EXPANSION",
      "detail": "FCF margin: +2.7% -> +14.1% (+11.4%)",
      "severity": "MEDIUM"
    },
    {
      "quarter": "2023-05 (Q2)",
      "signal": "YoY REVENUE GROWTH ACCELERATION",
      "detail": "YoY growth: +8.0% vs prior quarter YoY: +2.8% (accel: +5.1%)",
      "severity": "MEDIUM"
    },
    {
      "quarter": "2023-05 (Q2)",
      "signal": "INCREMENTAL MARGIN (YoY)",
      "detail": "YoY Incr OPM: +52.8% vs year-ago OPM: +10.2%",
      "severity": "HIGH"
    },
    {
      "quarter": "2022-11 (Q4)",
      "signal": "FCF MARGIN EXPANSION",
      "detail": "FCF margin: +1.9% -> +18.1% (+16.1%)",
      "severity": "MEDIUM"
    },
    {
      "quarter": "2022-11 (Q4)",
      "signal": "INCREMENTAL MARGIN (YoY)",
      "detail": "YoY Incr OPM: +34.4% vs year-ago OPM: +16.0%",
      "severity": "MEDIUM"
    },
    {
      "quarter": "2022-05 (Q2)",
      "signal": "FCF TURNED POSITIVE",
      "detail": "FCF margin: -1.7% -> +5.1%",
      "severity": "HIGH"
    },
    {
      "quarter": "2022-05 (Q2)",
      "signal": "INCREMENTAL MARGIN (YoY)",
      "detail": "YoY Incr OPM: +403.0% vs year-ago OPM: +15.3%",
      "severity": "HIGH"
    },
    {
      "quarter": "2021-11 (Q4)",
      "signal": "FCF MARGIN EXPANSION",
      "detail": "FCF margin: +4.3% -> +21.2% (+16.9%)",
      "severity": "MEDIUM"
    },
    {
      "quarter": "2021-05 (Q2)",
      "signal": "FCF TURNED POSITIVE",
      "detail": "FCF margin: -5.5% -> +12.6%",
      "severity": "HIGH"
    }
  ],
  "data_quality": {
    "n_quarters": 20,
    "coverage": {
      "revenue": [
        20,
        20
      ],
      "gross_profit": [
        20,
        20
      ],
      "op_income": [
        20,
        20
      ],
      "fcf": [
        20,
        20
      ]
    },
    "gaps": [],
    "warnings": []
  },
  "market_cap": null,
  "source": "SEC EDGAR",
  "last_updated": "2026-02-02T20:22:27.850887",
  "sector": "Consumer Defensive",
  "industry": "Packaged Foods"
}