{
  "ticker": "MKSI",
  "name": "MKS INC",
  "quarters": [
    {
      "date": "2020-12-31T00:00:00",
      "quarter_label": "2020-12 (Q4)",
      "revenue": 660200000,
      "gross_profit": 301600000,
      "operating_income": 146700000,
      "net_income": 115600000,
      "opex": 154900000,
      "cogs": 358600000,
      "rd": 45400000,
      "sga": 92800000,
      "fcf": 121900000,
      "ocf": 147000000,
      "capex": -25100000,
      "gross_margin": 0.45683126325355955,
      "op_margin": 0.22220539230536202,
      "fcf_margin": 0.1846410178733717
    },
    {
      "date": "2021-03-31T00:00:00",
      "quarter_label": "2021-03 (Q1)",
      "revenue": 693900000,
      "gross_profit": 322100000,
      "operating_income": 155500000,
      "net_income": 122300000,
      "opex": 166600000,
      "cogs": 371800000,
      "rd": 47200000,
      "sga": 95900000,
      "fcf": 100000000,
      "ocf": 127000000,
      "capex": -27000000,
      "gross_margin": 0.4641879233318922,
      "op_margin": 0.22409569102176105,
      "fcf_margin": 0.14411298457991065,
      "op_leverage_ratio": 0.6758027223037826,
      "fcf_margin_change": -0.04052803329346105
    },
    {
      "date": "2021-06-30T00:00:00",
      "quarter_label": "2021-06 (Q2)",
      "revenue": 749900000,
      "gross_profit": 355200000,
      "operating_income": 186300000,
      "net_income": 146500000,
      "opex": 168900000,
      "cogs": 394700000,
      "rd": 50000000,
      "sga": 97200000,
      "fcf": 149000000,
      "ocf": 165000000,
      "capex": -16000000,
      "gross_margin": 0.47366315508734497,
      "op_margin": 0.24843312441658888,
      "fcf_margin": 0.19869315908787838,
      "op_leverage_ratio": 5.845723917116236,
      "fcf_margin_change": 0.05458017450796773
    },
    {
      "date": "2021-09-30T00:00:00",
      "quarter_label": "2021-09 (Q3)",
      "revenue": 741900000,
      "gross_profit": 348400000,
      "operating_income": 175300000,
      "net_income": 132400000,
      "opex": 173100000,
      "cogs": 393500000,
      "rd": 51700000,
      "sga": 95800000,
      "fcf": 132500000,
      "ocf": 153000000,
      "capex": -20500000,
      "gross_margin": 0.46960506806847285,
      "op_margin": 0.2362852136406524,
      "fcf_margin": 0.1785954980455587,
      "fcf_margin_change": -0.020097661042319692
    },
    {
      "date": "2021-12-31T00:00:00",
      "quarter_label": "2021-12 (Q4)",
      "revenue": 763900000,
      "gross_profit": 354500000,
      "operating_income": 181800000,
      "net_income": 150200000,
      "opex": 172700000,
      "cogs": 409400000,
      "rd": 51100000,
      "sga": 96200000,
      "fcf": 171000000,
      "ocf": 195000000,
      "capex": -24000000,
      "gross_margin": 0.4640659772221495,
      "op_margin": 0.23798926561068204,
      "fcf_margin": 0.22385128943579002,
      "incr_op_margin_yoy": 0.33847637415621984,
      "rev_growth_yoy": 0.15707361405634657,
      "op_leverage_ratio": Infinity,
      "fcf_margin_change": 0.04525579139023134
    },
    {
      "date": "2022-03-31T00:00:00",
      "quarter_label": "2022-03 (Q1)",
      "revenue": 742000000,
      "gross_profit": 334000000,
      "operating_income": 172000000,
      "net_income": 143000000,
      "opex": 162000000,
      "cogs": 408000000,
      "rd": 52000000,
      "sga": 92000000,
      "fcf": 22000000,
      "ocf": 41000000,
      "capex": -19000000,
      "gross_margin": 0.4501347708894879,
      "op_margin": 0.23180592991913745,
      "fcf_margin": 0.029649595687331536,
      "incr_op_margin_yoy": 0.34303534303534305,
      "rev_growth_yoy": 0.06931834558293702,
      "rev_growth_yoy_accel": -0.08775526847340955,
      "fcf_margin_change": -0.1942016937484585
    },
    {
      "date": "2022-06-30T00:00:00",
      "quarter_label": "2022-06 (Q2)",
      "revenue": 765000000,
      "gross_profit": 338000000,
      "operating_income": 164000000,
      "net_income": 130000000,
      "opex": 174000000,
      "cogs": 427000000,
      "rd": 53000000,
      "sga": 101000000,
      "fcf": 41000000,
      "ocf": 105000000,
      "capex": -64000000,
      "gross_margin": 0.4418300653594771,
      "op_margin": 0.21437908496732025,
      "fcf_margin": 0.05359477124183006,
      "incr_op_margin_yoy": -1.4768211920529801,
      "rev_growth_yoy": 0.020136018135751433,
      "rev_growth_yoy_accel": -0.04918232744718559,
      "op_leverage_ratio": 0.41846361185983827,
      "fcf_margin_change": 0.023945175554498526
    },
    {
      "date": "2022-09-30T00:00:00",
      "quarter_label": "2022-09 (Q3)",
      "revenue": 954000000,
      "gross_profit": 390000000,
      "operating_income": 118000000,
      "net_income": 6000000,
      "opex": 272000000,
      "cogs": 564000000,
      "rd": 63000000,
      "sga": 126000000,
      "fcf": 173000000,
      "ocf": 199000000,
      "capex": -26000000,
      "gross_margin": 0.4088050314465409,
      "op_margin": 0.12368972746331237,
      "fcf_margin": 0.18134171907756813,
      "incr_op_margin_yoy": -0.27015558698727016,
      "rev_growth_yoy": 0.28588758592802266,
      "rev_growth_yoy_accel": 0.2657515677922712,
      "op_leverage_ratio": 0.438655462184874,
      "fcf_margin_change": 0.12774694783573806
    },
    {
      "date": "2022-12-31T00:00:00",
      "quarter_label": "2022-12 (Q4)",
      "revenue": 1086000000,
      "gross_profit": 485000000,
      "operating_income": 163000000,
      "net_income": 54000000,
      "opex": 322000000,
      "cogs": 601000000,
      "rd": 73000000,
      "sga": 169000000,
      "fcf": 129000000,
      "ocf": 184000000,
      "capex": -55000000,
      "gross_margin": 0.44659300184162065,
      "op_margin": 0.15009208103130756,
      "fcf_margin": 0.11878453038674033,
      "incr_op_margin_yoy": -0.058366966780502946,
      "rev_growth_yoy": 0.42165204869747347,
      "rev_growth_yoy_accel": 0.1357644627694508,
      "op_leverage_ratio": 0.7527044025157232,
      "fcf_margin_change": -0.0625571886908278
    },
    {
      "date": "2023-03-31T00:00:00",
      "quarter_label": "2023-03 (Q1)",
      "revenue": 794000000,
      "gross_profit": 335000000,
      "operating_income": 1000000,
      "net_income": -42000000,
      "opex": 334000000,
      "cogs": 459000000,
      "rd": 72000000,
      "sga": 174000000,
      "fcf": 20000000,
      "ocf": 37000000,
      "capex": -17000000,
      "gross_margin": 0.42191435768261965,
      "op_margin": 0.0012594458438287153,
      "fcf_margin": 0.02518891687657431,
      "incr_op_margin_yoy": -3.2884615384615383,
      "rev_growth_yoy": 0.07008086253369272,
      "rev_growth_yoy_accel": -0.35157118616378075,
      "fcf_margin_change": -0.09359561351016603
    },
    {
      "date": "2023-06-30T00:00:00",
      "quarter_label": "2023-06 (Q2)",
      "revenue": 1003000000,
      "gross_profit": 470000000,
      "operating_income": -1696000000,
      "net_income": -1769000000,
      "opex": 2166000000,
      "cogs": 533000000,
      "rd": 75000000,
      "sga": 172000000,
      "fcf": -77000000,
      "ocf": -59000000,
      "capex": -18000000,
      "gross_margin": 0.46859421734795614,
      "op_margin": -1.690927218344965,
      "fcf_margin": -0.07676969092721835,
      "incr_op_margin_yoy": -7.815126050420168,
      "rev_growth_yoy": 0.3111111111111111,
      "rev_growth_yoy_accel": 0.2410302485774184,
      "op_leverage_ratio": 0.0479895614488577,
      "fcf_margin_change": -0.10195860780379265
    },
    {
      "date": "2023-09-30T00:00:00",
      "quarter_label": "2023-09 (Q3)",
      "revenue": 932000000,
      "gross_profit": 426000000,
      "operating_income": 118000000,
      "net_income": 39000000,
      "opex": 308000000,
      "cogs": 506000000,
      "rd": 71000000,
      "sga": 167000000,
      "fcf": 142000000,
      "ocf": 160000000,
      "capex": -18000000,
      "gross_margin": 0.4570815450643777,
      "op_margin": 0.12660944206008584,
      "fcf_margin": 0.15236051502145923,
      "incr_op_margin_yoy": -0.0,
      "rev_growth_yoy": -0.023060796645702306,
      "rev_growth_yoy_accel": -0.33417190775681344,
      "fcf_margin_change": 0.22913020594867756
    },
    {
      "date": "2023-12-31T00:00:00",
      "quarter_label": "2023-12 (Q4)",
      "revenue": 892000000,
      "gross_profit": 411000000,
      "operating_income": 24000000,
      "net_income": -69000000,
      "opex": 387000000,
      "cogs": 481000000,
      "rd": 70000000,
      "sga": 161000000,
      "fcf": 147000000,
      "ocf": 181000000,
      "capex": -34000000,
      "gross_margin": 0.460762331838565,
      "op_margin": 0.026905829596412557,
      "fcf_margin": 0.1647982062780269,
      "incr_op_margin_yoy": 0.7164948453608248,
      "rev_growth_yoy": -0.17863720073664824,
      "rev_growth_yoy_accel": -0.15557640409094592,
      "fcf_margin_change": 0.012437691256567684
    },
    {
      "date": "2024-03-31T00:00:00",
      "quarter_label": "2024-03 (Q1)",
      "revenue": 868000000,
      "gross_profit": 415000000,
      "operating_income": 106000000,
      "net_income": 15000000,
      "opex": 309000000,
      "cogs": 453000000,
      "rd": 70000000,
      "sga": 170000000,
      "fcf": 49000000,
      "ocf": 67000000,
      "capex": -18000000,
      "gross_margin": 0.478110599078341,
      "op_margin": 0.12211981566820276,
      "fcf_margin": 0.056451612903225805,
      "incr_op_margin_yoy": 1.4189189189189189,
      "rev_growth_yoy": 0.09319899244332494,
      "rev_growth_yoy_accel": 0.2718361931799732,
      "fcf_margin_change": -0.1083465933748011
    },
    {
      "date": "2024-06-30T00:00:00",
      "quarter_label": "2024-06 (Q2)",
      "revenue": 887000000,
      "gross_profit": 419000000,
      "operating_income": 127000000,
      "net_income": 23000000,
      "opex": 292000000,
      "cogs": 468000000,
      "rd": 66000000,
      "sga": 161000000,
      "fcf": 95000000,
      "ocf": 122000000,
      "capex": -27000000,
      "gross_margin": 0.47237880496054113,
      "op_margin": 0.14317925591882752,
      "fcf_margin": 0.10710259301014656,
      "incr_op_margin_yoy": -15.71551724137931,
      "rev_growth_yoy": -0.1156530408773679,
      "rev_growth_yoy_accel": -0.20885203332069285,
      "op_leverage_ratio": Infinity,
      "fcf_margin_change": 0.050650980106920755
    },
    {
      "date": "2024-09-30T00:00:00",
      "quarter_label": "2024-09 (Q3)",
      "revenue": 896000000,
      "gross_profit": 432000000,
      "operating_income": 128000000,
      "net_income": 62000000,
      "opex": 304000000,
      "cogs": 464000000,
      "rd": 70000000,
      "sga": 167000000,
      "fcf": 141000000,
      "ocf": 163000000,
      "capex": -22000000,
      "gross_margin": 0.48214285714285715,
      "op_margin": 0.14285714285714285,
      "fcf_margin": 0.15736607142857142,
      "incr_op_margin_yoy": -0.2777777777777778,
      "rev_growth_yoy": -0.03862660944206009,
      "rev_growth_yoy_accel": 0.07702643143530781,
      "op_leverage_ratio": 0.24689966178128522,
      "fcf_margin_change": 0.050263478418424865
    },
    {
      "date": "2024-12-31T00:00:00",
      "quarter_label": "2024-12 (Q4)",
      "revenue": 934000000,
      "gross_profit": 441000000,
      "operating_income": 136000000,
      "net_income": 91000000,
      "opex": 305000000,
      "cogs": 493000000,
      "rd": 65000000,
      "sga": 176000000,
      "fcf": 125000000,
      "ocf": 176000000,
      "capex": -51000000,
      "gross_margin": 0.4721627408993576,
      "op_margin": 0.145610278372591,
      "fcf_margin": 0.13383297644539616,
      "incr_op_margin_yoy": 2.6666666666666665,
      "rev_growth_yoy": 0.04708520179372197,
      "rev_growth_yoy_accel": 0.08571181123578206,
      "op_leverage_ratio": 12.892857142857144,
      "fcf_margin_change": -0.023533094983175268
    },
    {
      "date": "2025-03-31T00:00:00",
      "quarter_label": "2025-03 (Q1)",
      "revenue": 936000000,
      "gross_profit": 444000000,
      "operating_income": 111000000,
      "net_income": 52000000,
      "opex": 333000000,
      "cogs": 492000000,
      "rd": 70000000,
      "sga": 185000000,
      "fcf": 123000000,
      "ocf": 141000000,
      "capex": -18000000,
      "gross_margin": 0.47435897435897434,
      "op_margin": 0.11858974358974358,
      "fcf_margin": 0.13141025641025642,
      "incr_op_margin_yoy": 0.07352941176470588,
      "rev_growth_yoy": 0.07834101382488479,
      "rev_growth_yoy_accel": 0.031255812031162816,
      "fcf_margin_change": -0.0024227200351397415
    },
    {
      "date": "2025-06-30T00:00:00",
      "quarter_label": "2025-06 (Q2)",
      "revenue": 973000000,
      "gross_profit": 453000000,
      "operating_income": 135000000,
      "net_income": 62000000,
      "opex": 318000000,
      "cogs": 520000000,
      "rd": 76000000,
      "sga": 175000000,
      "fcf": 136000000,
      "ocf": 165000000,
      "capex": -29000000,
      "gross_margin": 0.46557040082219936,
      "op_margin": 0.13874614594039056,
      "fcf_margin": 0.1397738951695786,
      "incr_op_margin_yoy": 0.09302325581395349,
      "rev_growth_yoy": 0.09695603156708005,
      "rev_growth_yoy_accel": 0.01861501774219526,
      "op_leverage_ratio": Infinity,
      "fcf_margin_change": 0.008363638759322195
    },
    {
      "date": "2025-09-30T00:00:00",
      "quarter_label": "2025-09 (Q3)",
      "revenue": 988000000,
      "gross_profit": 461000000,
      "operating_income": 138000000,
      "net_income": 74000000,
      "opex": 323000000,
      "cogs": 527000000,
      "rd": 76000000,
      "sga": 180000000,
      "fcf": 146000000,
      "ocf": 197000000,
      "capex": -51000000,
      "gross_margin": 0.4665991902834008,
      "op_margin": 0.1396761133603239,
      "fcf_margin": 0.14777327935222673,
      "incr_op_margin_yoy": 0.10869565217391304,
      "rev_growth_yoy": 0.10267857142857142,
      "rev_growth_yoy_accel": 0.005722539861491377,
      "op_leverage_ratio": 0.9804727646454265,
      "fcf_margin_change": 0.007999384182648117
    }
  ],
  "signals": [
    {
      "quarter": "2024-12 (Q4)",
      "signal": "OPERATING LEVERAGE",
      "detail": "Rev growth +4.2% vs OpEx growth +0.3% (leverage: 12.9x)",
      "severity": "MEDIUM"
    },
    {
      "quarter": "2024-12 (Q4)",
      "signal": "YoY REVENUE GROWTH ACCELERATION",
      "detail": "YoY growth: +4.7% vs prior quarter YoY: -3.9% (accel: +8.6%)",
      "severity": "MEDIUM"
    },
    {
      "quarter": "2024-12 (Q4)",
      "signal": "INCREMENTAL MARGIN (YoY)",
      "detail": "YoY Incr OPM: +266.7% vs year-ago OPM: +2.7%",
      "severity": "HIGH"
    },
    {
      "quarter": "2024-09 (Q3)",
      "signal": "FCF MARGIN EXPANSION",
      "detail": "FCF margin: +10.7% -> +15.7% (+5.0%)",
      "severity": "MEDIUM"
    },
    {
      "quarter": "2024-09 (Q3)",
      "signal": "YoY REVENUE GROWTH ACCELERATION",
      "detail": "YoY growth: -3.9% vs prior quarter YoY: -11.6% (accel: +7.7%)",
      "severity": "MEDIUM"
    },
    {
      "quarter": "2024-06 (Q2)",
      "signal": "FCF MARGIN EXPANSION",
      "detail": "FCF margin: +5.6% -> +10.7% (+5.1%)",
      "severity": "MEDIUM"
    },
    {
      "quarter": "2024-06 (Q2)",
      "signal": "YoY REVENUE GROWTH DECELERATION",
      "detail": "YoY growth: -11.6% vs prior quarter YoY: +9.3% (decel: -20.9%)",
      "severity": "WARNING"
    },
    {
      "quarter": "2024-06 (Q2)",
      "signal": "OP MARGIN TURNED POSITIVE (YoY)",
      "detail": "Op margin: -169.1% (year-ago) -> +14.3%",
      "severity": "HIGH"
    },
    {
      "quarter": "2024-03 (Q1)",
      "signal": "YoY REVENUE GROWTH ACCELERATION",
      "detail": "YoY growth: +9.3% vs prior quarter YoY: -17.9% (accel: +27.2%)",
      "severity": "HIGH"
    },
    {
      "quarter": "2024-03 (Q1)",
      "signal": "INCREMENTAL MARGIN (YoY)",
      "detail": "YoY Incr OPM: +141.9% vs year-ago OPM: +0.1%",
      "severity": "HIGH"
    },
    {
      "quarter": "2023-12 (Q4)",
      "signal": "YoY REVENUE GROWTH DECELERATION",
      "detail": "YoY growth: -17.9% vs prior quarter YoY: -2.3% (decel: -15.6%)",
      "severity": "WARNING"
    },
    {
      "quarter": "2023-12 (Q4)",
      "signal": "INCREMENTAL MARGIN (YoY)",
      "detail": "YoY Incr OPM: +71.6% vs year-ago OPM: +15.0%",
      "severity": "HIGH"
    },
    {
      "quarter": "2023-09 (Q3)",
      "signal": "FCF TURNED POSITIVE",
      "detail": "FCF margin: -7.7% -> +15.2%",
      "severity": "HIGH"
    },
    {
      "quarter": "2023-09 (Q3)",
      "signal": "YoY REVENUE GROWTH DECELERATION",
      "detail": "YoY growth: -2.3% vs prior quarter YoY: +31.1% (decel: -33.4%)",
      "severity": "WARNING"
    },
    {
      "quarter": "2023-09 (Q3)",
      "signal": "OP MARGIN TURNED POSITIVE (QoQ)",
      "detail": "Op margin: -169.1% -> +12.7%",
      "severity": "HIGH"
    },
    {
      "quarter": "2023-06 (Q2)",
      "signal": "GROSS MARGIN INFLECTION",
      "detail": "GM: +44.7% -> +42.2% -> +46.9% (reversal +4.7%)",
      "severity": "MEDIUM"
    },
    {
      "quarter": "2023-06 (Q2)",
      "signal": "YoY REVENUE GROWTH ACCELERATION",
      "detail": "YoY growth: +31.1% vs prior quarter YoY: +7.0% (accel: +24.1%)",
      "severity": "HIGH"
    },
    {
      "quarter": "2023-03 (Q1)",
      "signal": "YoY REVENUE GROWTH DECELERATION",
      "detail": "YoY growth: +7.0% vs prior quarter YoY: +42.2% (decel: -35.2%)",
      "severity": "WARNING"
    },
    {
      "quarter": "2022-12 (Q4)",
      "signal": "GROSS MARGIN INFLECTION",
      "detail": "GM: +44.2% -> +40.9% -> +44.7% (reversal +3.8%)",
      "severity": "MEDIUM"
    },
    {
      "quarter": "2022-12 (Q4)",
      "signal": "YoY REVENUE GROWTH ACCELERATION",
      "detail": "YoY growth: +42.2% vs prior quarter YoY: +28.6% (accel: +13.6%)",
      "severity": "MEDIUM"
    },
    {
      "quarter": "2022-09 (Q3)",
      "signal": "FCF MARGIN EXPANSION",
      "detail": "FCF margin: +5.4% -> +18.1% (+12.8%)",
      "severity": "MEDIUM"
    },
    {
      "quarter": "2022-09 (Q3)",
      "signal": "YoY REVENUE GROWTH ACCELERATION",
      "detail": "YoY growth: +28.6% vs prior quarter YoY: +2.0% (accel: +26.6%)",
      "severity": "HIGH"
    },
    {
      "quarter": "2022-03 (Q1)",
      "signal": "YoY REVENUE GROWTH DECELERATION",
      "detail": "YoY growth: +6.9% vs prior quarter YoY: +15.7% (decel: -8.8%)",
      "severity": "WARNING"
    },
    {
      "quarter": "2022-03 (Q1)",
      "signal": "INCREMENTAL MARGIN (YoY)",
      "detail": "YoY Incr OPM: +34.3% vs year-ago OPM: +22.4%",
      "severity": "MEDIUM"
    },
    {
      "quarter": "2021-12 (Q4)",
      "signal": "INCREMENTAL MARGIN (YoY)",
      "detail": "YoY Incr OPM: +33.8% vs year-ago OPM: +22.2%",
      "severity": "MEDIUM"
    },
    {
      "quarter": "2021-06 (Q2)",
      "signal": "FCF MARGIN EXPANSION",
      "detail": "FCF margin: +14.4% -> +19.9% (+5.5%)",
      "severity": "MEDIUM"
    },
    {
      "quarter": "2021-06 (Q2)",
      "signal": "OPERATING LEVERAGE",
      "detail": "Rev growth +8.1% vs OpEx growth +1.4% (leverage: 5.8x)",
      "severity": "MEDIUM"
    }
  ],
  "data_quality": {
    "n_quarters": 20,
    "coverage": {
      "revenue": [
        20,
        20
      ],
      "gross_profit": [
        20,
        20
      ],
      "op_income": [
        20,
        20
      ],
      "fcf": [
        20,
        20
      ]
    },
    "gaps": [],
    "warnings": []
  },
  "market_cap": null,
  "source": "SEC EDGAR",
  "last_updated": "2026-02-02T20:25:30.190870"
}