{
  "ticker": "MKTW",
  "name": "MarketWise, Inc.",
  "quarters": [
    {
      "date": "2020-12-31T00:00:00",
      "quarter_label": "2020-12 (Q4)",
      "revenue": 106843000,
      "gross_profit": 21145000,
      "operating_income": -374345000,
      "net_income": -374228000,
      "opex": 481188000,
      "cogs": 85698000,
      "rd": 1298000,
      "sga": null,
      "fcf": -17170000,
      "ocf": -17109000,
      "capex": -61000,
      "gross_margin": 0.19790720964405717,
      "op_margin": -3.5036923336109993,
      "fcf_margin": -0.1607030877081325
    },
    {
      "date": "2021-03-31T00:00:00",
      "quarter_label": "2021-03 (Q1)",
      "revenue": 119714000,
      "gross_profit": -13098000,
      "operating_income": -476425,
      "net_income": 21710100,
      "opex": 734575000,
      "cogs": 132812000,
      "rd": 1778000,
      "sga": null,
      "fcf": 92291000,
      "ocf": 92304000,
      "capex": -13000,
      "gross_margin": -0.10941076231685518,
      "op_margin": -0.003979693268957683,
      "fcf_margin": 0.7709290475633593,
      "op_leverage_ratio": 0.22876873725134744,
      "fcf_margin_change": 0.9316321352714918
    },
    {
      "date": "2021-06-30T00:00:00",
      "quarter_label": "2021-06 (Q2)",
      "revenue": 142130000,
      "gross_profit": 115304000,
      "operating_income": -2993134,
      "net_income": -21816965,
      "opex": 151063000,
      "cogs": 26826000,
      "rd": 1927000,
      "sga": null,
      "fcf": 58865000,
      "ocf": 58914000,
      "capex": -49000,
      "gross_margin": 0.8112572996552452,
      "op_margin": -0.021059128966439175,
      "fcf_margin": 0.41416309012875535,
      "op_leverage_ratio": Infinity,
      "fcf_margin_change": -0.356765957434604
    },
    {
      "date": "2021-09-30T00:00:00",
      "quarter_label": "2021-09 (Q3)",
      "revenue": 140667000,
      "gross_profit": 78643000,
      "operating_income": -373064000,
      "net_income": -399533000,
      "opex": 513731000,
      "cogs": 62024000,
      "rd": 2137000,
      "sga": null,
      "fcf": -92609000,
      "ocf": -92598000,
      "capex": -11000,
      "gross_margin": 0.5590721349001543,
      "op_margin": -2.6521074594609964,
      "fcf_margin": -0.6583562598192896,
      "fcf_margin_change": -1.072519349948045
    },
    {
      "date": "2021-12-31T00:00:00",
      "quarter_label": "2021-12 (Q4)",
      "revenue": 146672000,
      "gross_profit": 129083000,
      "operating_income": 29265000,
      "net_income": 8572000,
      "opex": 117407000,
      "cogs": 17589000,
      "rd": 1645000,
      "sga": null,
      "fcf": 4928000,
      "ocf": 5012000,
      "capex": -84000,
      "gross_margin": 0.8800793607505182,
      "op_margin": 0.19952683538780408,
      "fcf_margin": 0.033598778226246316,
      "incr_op_margin_yoy": 10.133571016093802,
      "rev_growth_yoy": 0.3727806220341997,
      "op_leverage_ratio": Infinity,
      "fcf_margin_change": 0.6919550380455359
    },
    {
      "date": "2022-03-31T00:00:00",
      "quarter_label": "2022-03 (Q1)",
      "revenue": 136798000,
      "gross_profit": 119181000,
      "operating_income": 17420000,
      "net_income": 5825000,
      "opex": 119378000,
      "cogs": 17617000,
      "rd": 2278000,
      "sga": null,
      "fcf": 1054000,
      "ocf": 1068000,
      "capex": -14000,
      "gross_margin": 0.8712188774689689,
      "op_margin": 0.12734104299770466,
      "fcf_margin": 0.007704791005716458,
      "incr_op_margin_yoy": 1.0475547295715288,
      "rev_growth_yoy": 0.14270678450306565,
      "rev_growth_yoy_accel": -0.23007383753113406,
      "fcf_margin_change": -0.02589398722052986
    },
    {
      "date": "2022-06-30T00:00:00",
      "quarter_label": "2022-06 (Q2)",
      "revenue": 128014000,
      "gross_profit": 111785000,
      "operating_income": 23372000,
      "net_income": 11881000,
      "opex": 104642000,
      "cogs": 16229000,
      "rd": 2289000,
      "sga": null,
      "fcf": 26782000,
      "ocf": 26794000,
      "capex": -12000,
      "gross_margin": 0.8732248035371132,
      "op_margin": 0.1825737809927039,
      "fcf_margin": 0.20921149249300858,
      "incr_op_margin_yoy": -1.8677482289600453,
      "rev_growth_yoy": -0.09931752620840076,
      "rev_growth_yoy_accel": -0.2420243107114664,
      "fcf_margin_change": 0.2015067014872921
    },
    {
      "date": "2022-09-30T00:00:00",
      "quarter_label": "2022-09 (Q3)",
      "revenue": 119934000,
      "gross_profit": 105452000,
      "operating_income": 21726000,
      "net_income": -4012000,
      "opex": 98208000,
      "cogs": 14482000,
      "rd": 2173000,
      "sga": null,
      "fcf": 9892000,
      "ocf": 9901000,
      "capex": -9000,
      "gross_margin": 0.8792502543065353,
      "op_margin": 0.18114963229776376,
      "fcf_margin": 0.08247869661647239,
      "incr_op_margin_yoy": -19.04162446341581,
      "rev_growth_yoy": -0.14739064599372986,
      "rev_growth_yoy_accel": -0.048073119785329105,
      "fcf_margin_change": -0.1267327958765362
    },
    {
      "date": "2022-12-31T00:00:00",
      "quarter_label": "2022-12 (Q4)",
      "revenue": 127657000,
      "gross_profit": 113288000,
      "operating_income": 24765000,
      "net_income": 4296000,
      "opex": 102892000,
      "cogs": 14369000,
      "rd": 2077000,
      "sga": null,
      "fcf": 10611000,
      "ocf": 10611000,
      "capex": null,
      "gross_margin": 0.8874405633846949,
      "op_margin": 0.1939964122609806,
      "fcf_margin": 0.08312117627705493,
      "incr_op_margin_yoy": 0.23665527215356297,
      "rev_growth_yoy": -0.12964301298134615,
      "rev_growth_yoy_accel": 0.017747633012383718,
      "op_leverage_ratio": 1.3501241224945282,
      "fcf_margin_change": 0.0006424796605825345
    },
    {
      "date": "2023-03-31T00:00:00",
      "quarter_label": "2023-03 (Q1)",
      "revenue": 126233000,
      "gross_profit": 110943000,
      "operating_income": 30608000,
      "net_income": 1467000,
      "opex": 95625000,
      "cogs": 15290000,
      "rd": 2463000,
      "sga": null,
      "fcf": 3855000,
      "ocf": 3868000,
      "capex": -13000,
      "gross_margin": 0.8788747791781863,
      "op_margin": 0.24247225368960573,
      "fcf_margin": 0.03053876561596413,
      "incr_op_margin_yoy": -1.2482725982016092,
      "rev_growth_yoy": -0.07723066126697758,
      "rev_growth_yoy_accel": 0.05241235171436856,
      "fcf_margin_change": -0.052582410661090796
    },
    {
      "date": "2023-06-30T00:00:00",
      "quarter_label": "2023-06 (Q2)",
      "revenue": 103644000,
      "gross_profit": 89009000,
      "operating_income": 8919000,
      "net_income": 36000,
      "opex": 94725000,
      "cogs": 14635000,
      "rd": 2230000,
      "sga": null,
      "fcf": 28945000,
      "ocf": 28978000,
      "capex": -33000,
      "gross_margin": 0.8587954922619737,
      "op_margin": 0.08605418548106981,
      "fcf_margin": 0.2792732816178457,
      "incr_op_margin_yoy": 0.5930652441526467,
      "rev_growth_yoy": -0.19036980330276376,
      "rev_growth_yoy_accel": -0.11313914203578618,
      "fcf_margin_change": 0.24873451600188157
    },
    {
      "date": "2023-09-30T00:00:00",
      "quarter_label": "2023-09 (Q3)",
      "revenue": 106150000,
      "gross_profit": 92338000,
      "operating_income": 11042000,
      "net_income": 140000,
      "opex": 95108000,
      "cogs": 13812000,
      "rd": 2085000,
      "sga": null,
      "fcf": 12041000,
      "ocf": 12055000,
      "capex": -14000,
      "gross_margin": 0.8698822421102214,
      "op_margin": 0.1040226095148375,
      "fcf_margin": 0.11343382006594442,
      "incr_op_margin_yoy": 0.7751015670342426,
      "rev_growth_yoy": -0.11492987809962146,
      "rev_growth_yoy_accel": 0.0754399252031423,
      "op_leverage_ratio": 5.9800214391238615,
      "fcf_margin_change": -0.16583946155190127
    },
    {
      "date": "2023-12-31T00:00:00",
      "quarter_label": "2023-12 (Q4)",
      "revenue": 112155000,
      "gross_profit": 99090000,
      "operating_income": 1236000,
      "net_income": 139000,
      "opex": 110919000,
      "cogs": 13065000,
      "rd": 2053000,
      "sga": null,
      "fcf": 17522000,
      "ocf": 17527000,
      "capex": -5000,
      "gross_margin": 0.8835094289153403,
      "op_margin": 0.011020462752440818,
      "fcf_margin": 0.1562302171102492,
      "incr_op_margin_yoy": 1.5178041543026706,
      "rev_growth_yoy": -0.12143478226810907,
      "rev_growth_yoy_accel": -0.006504904168487605,
      "op_leverage_ratio": 0.3402912042162672,
      "fcf_margin_change": 0.04279639704430478
    },
    {
      "date": "2024-03-31T00:00:00",
      "quarter_label": "2024-03 (Q1)",
      "revenue": 108991000,
      "gross_profit": 95623000,
      "operating_income": 21555000,
      "net_income": 1657000,
      "opex": 87436000,
      "cogs": 13368000,
      "rd": 2149000,
      "sga": null,
      "fcf": -18511000,
      "ocf": -18511000,
      "capex": null,
      "gross_margin": 0.8773476709086071,
      "op_margin": 0.19776862309731996,
      "fcf_margin": -0.1698397115358149,
      "incr_op_margin_yoy": 0.5250550980164714,
      "rev_growth_yoy": -0.13658868917002687,
      "rev_growth_yoy_accel": -0.015153906901917799,
      "fcf_margin_change": -0.3260699286460641
    },
    {
      "date": "2024-06-30T00:00:00",
      "quarter_label": "2024-06 (Q2)",
      "revenue": 105046000,
      "gross_profit": 91667000,
      "operating_income": 21334000,
      "net_income": 1544000,
      "opex": 83712000,
      "cogs": 13379000,
      "rd": 2171000,
      "sga": null,
      "fcf": -3824000,
      "ocf": -3795000,
      "capex": -29000,
      "gross_margin": 0.8726367496144546,
      "op_margin": 0.20309197875216572,
      "fcf_margin": -0.036403099594463376,
      "incr_op_margin_yoy": 8.855206847360913,
      "rev_growth_yoy": 0.013527073443711166,
      "rev_growth_yoy_accel": 0.15011576261373805,
      "fcf_margin_change": 0.13343661194135154
    },
    {
      "date": "2024-09-30T00:00:00",
      "quarter_label": "2024-09 (Q3)",
      "revenue": 97186000,
      "gross_profit": 84284000,
      "operating_income": 21902000,
      "net_income": 1720000,
      "opex": 75284000,
      "cogs": 12902000,
      "rd": 2614000,
      "sga": null,
      "fcf": -5852000,
      "ocf": -5829000,
      "capex": -23000,
      "gross_margin": 0.8672442532875105,
      "op_margin": 0.22536167760788592,
      "fcf_margin": -0.060214434177762226,
      "incr_op_margin_yoy": -1.2115127175368139,
      "rev_growth_yoy": -0.0844465379180405,
      "rev_growth_yoy_accel": -0.09797361136175167,
      "fcf_margin_change": -0.02381133458329885
    },
    {
      "date": "2024-12-31T00:00:00",
      "quarter_label": "2024-12 (Q4)",
      "revenue": 97478000,
      "gross_profit": 86464000,
      "operating_income": 24197000,
      "net_income": 2138000,
      "opex": 73281000,
      "cogs": 11014000,
      "rd": 2974000,
      "sga": null,
      "fcf": 5904000,
      "ocf": 5985000,
      "capex": -81000,
      "gross_margin": 0.8870104023471963,
      "op_margin": 0.24823036992962513,
      "fcf_margin": 0.06056751266952543,
      "incr_op_margin_yoy": -1.5644205219050216,
      "rev_growth_yoy": -0.13086353706923454,
      "rev_growth_yoy_accel": -0.04641699915119403,
      "fcf_margin_change": 0.12078194684728766
    },
    {
      "date": "2025-03-31T00:00:00",
      "quarter_label": "2025-03 (Q1)",
      "revenue": 83507000,
      "gross_profit": 71572000,
      "operating_income": 16780000,
      "net_income": 890000,
      "opex": 66727000,
      "cogs": 11935000,
      "rd": 2346000,
      "sga": null,
      "fcf": 1688000,
      "ocf": 1733000,
      "capex": -45000,
      "gross_margin": 0.8570778497610979,
      "op_margin": 0.20094123845905135,
      "fcf_margin": 0.020213874285988,
      "incr_op_margin_yoy": 0.18737246900015697,
      "rev_growth_yoy": -0.23381747116734408,
      "rev_growth_yoy_accel": -0.10295393409810955,
      "fcf_margin_change": -0.040353638383537435
    },
    {
      "date": "2025-06-30T00:00:00",
      "quarter_label": "2025-06 (Q2)",
      "revenue": 79950000,
      "gross_profit": 69000000,
      "operating_income": 14811000,
      "net_income": 1297000,
      "opex": 65139000,
      "cogs": 10950000,
      "rd": 2141000,
      "sga": null,
      "fcf": 17724000,
      "ocf": 17842000,
      "capex": -118000,
      "gross_margin": 0.8630393996247655,
      "op_margin": 0.18525328330206378,
      "fcf_margin": 0.22168855534709192,
      "incr_op_margin_yoy": 0.2599218999043672,
      "rev_growth_yoy": -0.23890486072768122,
      "rev_growth_yoy_accel": -0.0050873895603371355,
      "fcf_margin_change": 0.20147468106110392
    },
    {
      "date": "2025-09-30T00:00:00",
      "quarter_label": "2025-09 (Q3)",
      "revenue": 81271000,
      "gross_profit": 70672000,
      "operating_income": 17820000,
      "net_income": 1505000,
      "opex": 63451000,
      "cogs": 10599000,
      "rd": 2141000,
      "sga": null,
      "fcf": 2154000,
      "ocf": 2169000,
      "capex": -15000,
      "gross_margin": 0.8695844766275793,
      "op_margin": 0.2192664049907101,
      "fcf_margin": 0.026503918987092565,
      "incr_op_margin_yoy": 0.2564875903235941,
      "rev_growth_yoy": -0.16375815446669273,
      "rev_growth_yoy_accel": 0.07514670626098849,
      "op_leverage_ratio": Infinity,
      "fcf_margin_change": -0.19518463635999936
    }
  ],
  "signals": [
    {
      "quarter": "2025-09 (Q3)",
      "signal": "YoY REVENUE GROWTH ACCELERATION",
      "detail": "YoY growth: -16.4% vs prior quarter YoY: -23.9% (accel: +7.5%)",
      "severity": "MEDIUM"
    },
    {
      "quarter": "2025-06 (Q2)",
      "signal": "FCF MARGIN EXPANSION",
      "detail": "FCF margin: +2.0% -> +22.2% (+20.1%)",
      "severity": "MEDIUM"
    },
    {
      "quarter": "2025-03 (Q1)",
      "signal": "YoY REVENUE GROWTH DECELERATION",
      "detail": "YoY growth: -23.4% vs prior quarter YoY: -13.1% (decel: -10.3%)",
      "severity": "WARNING"
    },
    {
      "quarter": "2024-12 (Q4)",
      "signal": "FCF TURNED POSITIVE",
      "detail": "FCF margin: -6.0% -> +6.1%",
      "severity": "HIGH"
    },
    {
      "quarter": "2024-09 (Q3)",
      "signal": "YoY REVENUE GROWTH DECELERATION",
      "detail": "YoY growth: -8.4% vs prior quarter YoY: +1.4% (decel: -9.8%)",
      "severity": "WARNING"
    },
    {
      "quarter": "2024-06 (Q2)",
      "signal": "FCF MARGIN EXPANSION",
      "detail": "FCF margin: -17.0% -> -3.6% (+13.3%)",
      "severity": "MEDIUM"
    },
    {
      "quarter": "2024-06 (Q2)",
      "signal": "YoY REVENUE GROWTH ACCELERATION",
      "detail": "YoY growth: +1.4% vs prior quarter YoY: -13.7% (accel: +15.0%)",
      "severity": "HIGH"
    },
    {
      "quarter": "2024-06 (Q2)",
      "signal": "INCREMENTAL MARGIN (YoY)",
      "detail": "YoY Incr OPM: +885.5% vs year-ago OPM: +8.6%",
      "severity": "HIGH"
    },
    {
      "quarter": "2024-03 (Q1)",
      "signal": "INCREMENTAL MARGIN (YoY)",
      "detail": "YoY Incr OPM: +52.5% vs year-ago OPM: +24.2%",
      "severity": "HIGH"
    },
    {
      "quarter": "2023-12 (Q4)",
      "signal": "INCREMENTAL MARGIN (YoY)",
      "detail": "YoY Incr OPM: +151.8% vs year-ago OPM: +19.4%",
      "severity": "HIGH"
    },
    {
      "quarter": "2023-09 (Q3)",
      "signal": "OPERATING LEVERAGE",
      "detail": "Rev growth +2.4% vs OpEx growth +0.4% (leverage: 6.0x)",
      "severity": "MEDIUM"
    },
    {
      "quarter": "2023-09 (Q3)",
      "signal": "YoY REVENUE GROWTH ACCELERATION",
      "detail": "YoY growth: -11.5% vs prior quarter YoY: -19.0% (accel: +7.5%)",
      "severity": "MEDIUM"
    },
    {
      "quarter": "2023-09 (Q3)",
      "signal": "INCREMENTAL MARGIN (YoY)",
      "detail": "YoY Incr OPM: +77.5% vs year-ago OPM: +18.1%",
      "severity": "HIGH"
    },
    {
      "quarter": "2023-06 (Q2)",
      "signal": "FCF MARGIN EXPANSION",
      "detail": "FCF margin: +3.1% -> +27.9% (+24.9%)",
      "severity": "MEDIUM"
    },
    {
      "quarter": "2023-06 (Q2)",
      "signal": "YoY REVENUE GROWTH DECELERATION",
      "detail": "YoY growth: -19.0% vs prior quarter YoY: -7.7% (decel: -11.3%)",
      "severity": "WARNING"
    },
    {
      "quarter": "2023-06 (Q2)",
      "signal": "INCREMENTAL MARGIN (YoY)",
      "detail": "YoY Incr OPM: +59.3% vs year-ago OPM: +18.3%",
      "severity": "HIGH"
    },
    {
      "quarter": "2023-03 (Q1)",
      "signal": "YoY REVENUE GROWTH ACCELERATION",
      "detail": "YoY growth: -7.7% vs prior quarter YoY: -13.0% (accel: +5.2%)",
      "severity": "MEDIUM"
    },
    {
      "quarter": "2022-09 (Q3)",
      "signal": "OP MARGIN TURNED POSITIVE (YoY)",
      "detail": "Op margin: -265.2% (year-ago) -> +18.1%",
      "severity": "HIGH"
    },
    {
      "quarter": "2022-06 (Q2)",
      "signal": "FCF MARGIN EXPANSION",
      "detail": "FCF margin: +0.8% -> +20.9% (+20.2%)",
      "severity": "MEDIUM"
    },
    {
      "quarter": "2022-06 (Q2)",
      "signal": "YoY REVENUE GROWTH DECELERATION",
      "detail": "YoY growth: -9.9% vs prior quarter YoY: +14.3% (decel: -24.2%)",
      "severity": "WARNING"
    },
    {
      "quarter": "2022-06 (Q2)",
      "signal": "OP MARGIN TURNED POSITIVE (YoY)",
      "detail": "Op margin: -2.1% (year-ago) -> +18.3%",
      "severity": "HIGH"
    },
    {
      "quarter": "2022-03 (Q1)",
      "signal": "YoY REVENUE GROWTH DECELERATION",
      "detail": "YoY growth: +14.3% vs prior quarter YoY: +37.3% (decel: -23.0%)",
      "severity": "WARNING"
    },
    {
      "quarter": "2022-03 (Q1)",
      "signal": "OP MARGIN TURNED POSITIVE (YoY)",
      "detail": "Op margin: -0.4% (year-ago) -> +12.7%",
      "severity": "HIGH"
    },
    {
      "quarter": "2021-12 (Q4)",
      "signal": "FCF TURNED POSITIVE",
      "detail": "FCF margin: -65.8% -> +3.4%",
      "severity": "HIGH"
    },
    {
      "quarter": "2021-12 (Q4)",
      "signal": "GROSS MARGIN INFLECTION",
      "detail": "GM: +81.1% -> +55.9% -> +88.0% (reversal +32.1%)",
      "severity": "HIGH"
    },
    {
      "quarter": "2021-12 (Q4)",
      "signal": "OP MARGIN TURNED POSITIVE (YoY)",
      "detail": "Op margin: -350.4% (year-ago) -> +20.0%",
      "severity": "HIGH"
    },
    {
      "quarter": "2021-12 (Q4)",
      "signal": "OP MARGIN TURNED POSITIVE (QoQ)",
      "detail": "Op margin: -265.2% -> +20.0%",
      "severity": "HIGH"
    },
    {
      "quarter": "2021-06 (Q2)",
      "signal": "GROSS MARGIN INFLECTION",
      "detail": "GM: +19.8% -> -10.9% -> +81.1% (reversal +92.1%)",
      "severity": "HIGH"
    },
    {
      "quarter": "2021-03 (Q1)",
      "signal": "FCF TURNED POSITIVE",
      "detail": "FCF margin: -16.1% -> +77.1%",
      "severity": "HIGH"
    }
  ],
  "data_quality": {
    "n_quarters": 20,
    "coverage": {
      "revenue": [
        20,
        20
      ],
      "gross_profit": [
        20,
        20
      ],
      "op_income": [
        20,
        20
      ],
      "fcf": [
        20,
        20
      ]
    },
    "gaps": [],
    "warnings": []
  },
  "market_cap": null,
  "source": "SEC EDGAR",
  "last_updated": "2026-02-02T23:44:50.902855",
  "sector": "Financial Services",
  "industry": "Financial Data & Stock Exchanges"
}