{
  "ticker": "MLAB",
  "name": "MESA LABORATORIES INC /CO",
  "quarters": [
    {
      "date": "2021-03-31T00:00:00",
      "quarter_label": "2021-03 (Q1)",
      "revenue": 37964000,
      "gross_profit": 24736000,
      "operating_income": 4296000,
      "net_income": 3920000,
      "opex": 20440000,
      "cogs": 13228000,
      "rd": 2673000,
      "sga": null,
      "fcf": 12482000,
      "ocf": 13520000,
      "capex": -1038000,
      "gross_margin": 0.6515646401854388,
      "op_margin": 0.1131598356337583,
      "fcf_margin": 0.3287851648930566
    },
    {
      "date": "2021-06-30T00:00:00",
      "quarter_label": "2021-06 (Q2)",
      "revenue": 34920000,
      "gross_profit": 22211000,
      "operating_income": 3123000,
      "net_income": 1995000,
      "opex": 19088000,
      "cogs": 12709000,
      "rd": 2811000,
      "sga": null,
      "fcf": 8936000,
      "ocf": 9589000,
      "capex": -653000,
      "gross_margin": 0.6360538373424971,
      "op_margin": 0.08943298969072165,
      "fcf_margin": 0.2558991981672394,
      "fcf_margin_change": -0.07288596672581721
    },
    {
      "date": "2021-09-30T00:00:00",
      "quarter_label": "2021-09 (Q3)",
      "revenue": 35840000,
      "gross_profit": 23140000,
      "operating_income": 4201000,
      "net_income": 3720000,
      "opex": 18939000,
      "cogs": 12700000,
      "rd": 2613000,
      "sga": null,
      "fcf": 3496000,
      "ocf": 4434000,
      "capex": -938000,
      "gross_margin": 0.6456473214285714,
      "op_margin": 0.11721540178571428,
      "fcf_margin": 0.09754464285714286,
      "op_leverage_ratio": null,
      "fcf_margin_change": -0.1583545553100965
    },
    {
      "date": "2021-12-31T00:00:00",
      "quarter_label": "2021-12 (Q4)",
      "revenue": 54696000,
      "gross_profit": 28627000,
      "operating_income": -2512000,
      "net_income": -2060000,
      "opex": 31139000,
      "cogs": 26069000,
      "rd": 5164000,
      "sga": null,
      "fcf": 13839000,
      "ocf": 15898000,
      "capex": -2059000,
      "gross_margin": 0.523383794061723,
      "op_margin": -0.045926575983618545,
      "fcf_margin": 0.2530166739798157,
      "op_leverage_ratio": 0.8167305144906323,
      "fcf_margin_change": 0.15547203112267283
    },
    {
      "date": "2022-03-31T00:00:00",
      "quarter_label": "2022-03 (Q1)",
      "revenue": 58879000,
      "gross_profit": 35112000,
      "operating_income": -110000,
      "net_income": -1784000,
      "opex": 35222000,
      "cogs": 23767000,
      "rd": 5179000,
      "sga": null,
      "fcf": 8520000,
      "ocf": 9302000,
      "capex": -782000,
      "gross_margin": 0.5963416498242158,
      "op_margin": -0.0018682382513289968,
      "fcf_margin": 0.1447035445574823,
      "incr_op_margin_yoy": -0.210662204159694,
      "rev_growth_yoy": 0.5509166578864187,
      "op_leverage_ratio": 0.5832538030613921,
      "fcf_margin_change": -0.1083131294223334
    },
    {
      "date": "2022-06-30T00:00:00",
      "quarter_label": "2022-06 (Q2)",
      "revenue": 50453000,
      "gross_profit": 31341000,
      "operating_income": -4594000,
      "net_income": -1438000,
      "opex": 35935000,
      "cogs": 19112000,
      "rd": 5700000,
      "sga": null,
      "fcf": -3036000,
      "ocf": -2811000,
      "capex": -225000,
      "gross_margin": 0.6211920004756902,
      "op_margin": -0.09105504132559016,
      "fcf_margin": -0.060174816165540206,
      "incr_op_margin_yoy": -0.4968132363355437,
      "rev_growth_yoy": 0.44481672394043525,
      "rev_growth_yoy_accel": -0.1060999339459835,
      "fcf_margin_change": -0.2048783607230225
    },
    {
      "date": "2022-09-30T00:00:00",
      "quarter_label": "2022-09 (Q3)",
      "revenue": 58749000,
      "gross_profit": 36386000,
      "operating_income": 3995000,
      "net_income": 1306000,
      "opex": 32391000,
      "cogs": 22363000,
      "rd": 4989000,
      "sga": null,
      "fcf": 8918000,
      "ocf": 10557000,
      "capex": -1639000,
      "gross_margin": 0.6193467122844644,
      "op_margin": 0.06800115746651007,
      "fcf_margin": 0.15179832848218694,
      "incr_op_margin_yoy": -0.008992099174996725,
      "rev_growth_yoy": 0.6392020089285714,
      "rev_growth_yoy_accel": 0.19438528498813612,
      "op_leverage_ratio": null,
      "fcf_margin_change": 0.21197314464772715
    },
    {
      "date": "2022-12-31T00:00:00",
      "quarter_label": "2022-12 (Q4)",
      "revenue": 54287000,
      "gross_profit": 32765000,
      "operating_income": 3402000,
      "net_income": 451000,
      "opex": 29363000,
      "cogs": 21522000,
      "rd": 4797000,
      "sga": null,
      "fcf": 6064000,
      "ocf": 7718000,
      "capex": -1654000,
      "gross_margin": 0.6035514948330171,
      "op_margin": 0.06266693683570652,
      "fcf_margin": 0.11170261756958388,
      "rev_growth_yoy": -0.007477694895421968,
      "rev_growth_yoy_accel": -0.6466797038239933,
      "fcf_margin_change": -0.040095710912603055
    },
    {
      "date": "2023-03-31T00:00:00",
      "quarter_label": "2023-03 (Q1)",
      "revenue": 55591000,
      "gross_profit": 33201000,
      "operating_income": 517000,
      "net_income": 611000,
      "opex": 32684000,
      "cogs": 22390000,
      "rd": 5004000,
      "sga": null,
      "fcf": 11493000,
      "ocf": 12519000,
      "capex": -1026000,
      "gross_margin": 0.5972369628177223,
      "op_margin": 0.009300066557536292,
      "fcf_margin": 0.20674209854113076,
      "incr_op_margin_yoy": -0.1906934306569343,
      "rev_growth_yoy": -0.05584333973063401,
      "rev_growth_yoy_accel": -0.048365644835212045,
      "op_leverage_ratio": 0.21237984451324693,
      "fcf_margin_change": 0.09503948097154688
    },
    {
      "date": "2023-06-30T00:00:00",
      "quarter_label": "2023-06 (Q2)",
      "revenue": 50645000,
      "gross_profit": 31183000,
      "operating_income": -664000,
      "net_income": -549000,
      "opex": 31847000,
      "cogs": 19462000,
      "rd": 4811000,
      "sga": null,
      "fcf": 9669000,
      "ocf": 9939000,
      "capex": -270000,
      "gross_margin": 0.6157172475071576,
      "op_margin": -0.013110869779840063,
      "fcf_margin": 0.19091716852601442,
      "rev_growth_yoy": 0.0038055219709432543,
      "rev_growth_yoy_accel": 0.059648861701577266,
      "fcf_margin_change": -0.01582493001511634
    },
    {
      "date": "2023-09-30T00:00:00",
      "quarter_label": "2023-09 (Q3)",
      "revenue": 53165000,
      "gross_profit": 32109000,
      "operating_income": -60000,
      "net_income": -1230000,
      "opex": 32169000,
      "cogs": 21056000,
      "rd": 4993000,
      "sga": null,
      "fcf": 9142000,
      "ocf": 9776000,
      "capex": -634000,
      "gross_margin": 0.6039499670836076,
      "op_margin": -0.0011285620238878963,
      "fcf_margin": 0.17195523370638577,
      "incr_op_margin_yoy": 0.7261819484240688,
      "rev_growth_yoy": -0.0950484263561933,
      "rev_growth_yoy_accel": -0.09885394832713655,
      "op_leverage_ratio": 4.921263526593895,
      "fcf_margin_change": -0.018961934819628656
    },
    {
      "date": "2023-12-31T00:00:00",
      "quarter_label": "2023-12 (Q4)",
      "revenue": 53473000,
      "gross_profit": 33402000,
      "operating_income": -67000,
      "net_income": 2116000,
      "opex": 33469000,
      "cogs": 20071000,
      "rd": 4294000,
      "sga": null,
      "fcf": 10407000,
      "ocf": 11535000,
      "capex": -1128000,
      "gross_margin": 0.6246516933779664,
      "op_margin": -0.0012529687879864605,
      "fcf_margin": 0.1946215847250014,
      "rev_growth_yoy": -0.014994381712012084,
      "rev_growth_yoy_accel": 0.08005404464418121,
      "fcf_margin_change": 0.022666351018615638
    },
    {
      "date": "2024-03-31T00:00:00",
      "quarter_label": "2024-03 (Q1)",
      "revenue": 58904000,
      "gross_profit": 36556000,
      "operating_income": -271284000,
      "net_income": -254583000,
      "opex": 307840000,
      "cogs": 22348000,
      "rd": 5202000,
      "sga": null,
      "fcf": 12348000,
      "ocf": 12883000,
      "capex": -535000,
      "gross_margin": 0.6206030150753769,
      "op_margin": -4.605527638190955,
      "fcf_margin": 0.20962922721716692,
      "incr_op_margin_yoy": -82.04074856625415,
      "rev_growth_yoy": 0.05959597776618517,
      "rev_growth_yoy_accel": 0.07459035947819725,
      "op_leverage_ratio": 0.012389385978194816,
      "fcf_margin_change": 0.015007642492165518
    },
    {
      "date": "2024-06-30T00:00:00",
      "quarter_label": "2024-06 (Q2)",
      "revenue": 58170000,
      "gross_profit": 37249000,
      "operating_income": 5580000,
      "net_income": 3388000,
      "opex": 31669000,
      "cogs": 20921000,
      "rd": 4735000,
      "sga": null,
      "fcf": 9852000,
      "ocf": 10743000,
      "capex": -891000,
      "gross_margin": 0.6403472580367887,
      "op_margin": 0.0959257349149046,
      "fcf_margin": 0.16936565239814338,
      "incr_op_margin_yoy": 0.8297674418604651,
      "rev_growth_yoy": 0.14858327574291638,
      "rev_growth_yoy_accel": 0.08898729797673122,
      "fcf_margin_change": -0.04026357481902354
    },
    {
      "date": "2024-09-30T00:00:00",
      "quarter_label": "2024-09 (Q3)",
      "revenue": 57833000,
      "gross_profit": 35455000,
      "operating_income": 3508000,
      "net_income": 3428000,
      "opex": 31947000,
      "cogs": 22378000,
      "rd": 4634000,
      "sga": null,
      "fcf": 3483000,
      "ocf": 5271000,
      "capex": -1788000,
      "gross_margin": 0.6130582885203949,
      "op_margin": 0.06065741012916501,
      "fcf_margin": 0.06022513098058202,
      "incr_op_margin_yoy": 0.7643530419880035,
      "rev_growth_yoy": 0.08780212545847832,
      "rev_growth_yoy_accel": -0.06078115028443806,
      "fcf_margin_change": -0.10914052141756136
    },
    {
      "date": "2024-12-31T00:00:00",
      "quarter_label": "2024-12 (Q4)",
      "revenue": 62840000,
      "gross_profit": 39754000,
      "operating_income": 5779000,
      "net_income": -1676000,
      "opex": 33975000,
      "cogs": 23086000,
      "rd": 5053000,
      "sga": null,
      "fcf": 17316000,
      "ocf": 18129000,
      "capex": -813000,
      "gross_margin": 0.632622533418205,
      "op_margin": 0.09196371737746659,
      "fcf_margin": 0.2755569700827498,
      "incr_op_margin_yoy": 0.6241059037044945,
      "rev_growth_yoy": 0.17517251697118172,
      "rev_growth_yoy_accel": 0.0873703915127034,
      "op_leverage_ratio": 1.3638418136611874,
      "fcf_margin_change": 0.2153318391021678
    },
    {
      "date": "2025-03-31T00:00:00",
      "quarter_label": "2025-03 (Q1)",
      "revenue": 62135000,
      "gross_profit": 38412000,
      "operating_income": 1469000,
      "net_income": -7114000,
      "opex": 36943000,
      "cogs": 23723000,
      "rd": 5096000,
      "sga": null,
      "fcf": 11908000,
      "ocf": 12665000,
      "capex": -757000,
      "gross_margin": 0.618202301440412,
      "op_margin": 0.023642069686971915,
      "fcf_margin": 0.19164721976341836,
      "incr_op_margin_yoy": 84.41751779634788,
      "rev_growth_yoy": 0.0548519625152791,
      "rev_growth_yoy_accel": -0.12032055445590262,
      "fcf_margin_change": -0.08390975031933146
    },
    {
      "date": "2025-06-30T00:00:00",
      "quarter_label": "2025-06 (Q2)",
      "revenue": 59543000,
      "gross_profit": 36939000,
      "operating_income": 3064000,
      "net_income": 4742000,
      "opex": 33875000,
      "cogs": 22604000,
      "rd": 4984000,
      "sga": null,
      "fcf": 884000,
      "ocf": 1893000,
      "capex": -1009000,
      "gross_margin": 0.6203751910384092,
      "op_margin": 0.05145860974421847,
      "fcf_margin": 0.014846413516282351,
      "incr_op_margin_yoy": -1.8324836125273125,
      "rev_growth_yoy": 0.023603231906481004,
      "rev_growth_yoy_accel": -0.031248730608798098,
      "fcf_margin_change": -0.176800806247136
    },
    {
      "date": "2025-09-30T00:00:00",
      "quarter_label": "2025-09 (Q3)",
      "revenue": 60737000,
      "gross_profit": 37331000,
      "operating_income": 4724000,
      "net_income": 2476000,
      "opex": 32607000,
      "cogs": 23406000,
      "rd": 5048000,
      "sga": null,
      "fcf": 7130000,
      "ocf": 8222000,
      "capex": -1092000,
      "gross_margin": 0.6146335841414624,
      "op_margin": 0.07777796071587335,
      "fcf_margin": 0.11739137593229827,
      "incr_op_margin_yoy": 0.418732782369146,
      "rev_growth_yoy": 0.0502135458994,
      "rev_growth_yoy_accel": 0.026610313992918994,
      "op_leverage_ratio": null,
      "fcf_margin_change": 0.10254496241601592
    },
    {
      "date": "2025-12-31T00:00:00",
      "quarter_label": "2025-12 (Q4)",
      "revenue": 65126000,
      "gross_profit": 41795000,
      "operating_income": 7975000,
      "net_income": 3630000,
      "opex": 33820000,
      "cogs": 23331000,
      "rd": 5029000,
      "sga": null,
      "fcf": 18022000,
      "ocf": 18754000,
      "capex": -732000,
      "gross_margin": 0.6417559807143076,
      "op_margin": 0.12245493351349691,
      "fcf_margin": 0.2767251174646071,
      "incr_op_margin_yoy": 0.9606299212598425,
      "rev_growth_yoy": 0.036378103119032466,
      "rev_growth_yoy_accel": -0.013835442780367531,
      "op_leverage_ratio": 1.9425056316693405,
      "fcf_margin_change": 0.15933374153230884
    }
  ],
  "signals": [
    {
      "quarter": "2025-12 (Q4)",
      "signal": "FCF MARGIN EXPANSION",
      "detail": "FCF margin: +11.7% -> +27.7% (+15.9%)",
      "severity": "MEDIUM"
    },
    {
      "quarter": "2025-12 (Q4)",
      "signal": "OPERATING LEVERAGE",
      "detail": "Rev growth +7.2% vs OpEx growth +3.7% (leverage: 1.9x)",
      "severity": "MEDIUM"
    },
    {
      "quarter": "2025-12 (Q4)",
      "signal": "GROSS MARGIN INFLECTION",
      "detail": "GM: +62.0% -> +61.5% -> +64.2% (reversal +2.7%)",
      "severity": "MEDIUM"
    },
    {
      "quarter": "2025-12 (Q4)",
      "signal": "INCREMENTAL MARGIN (YoY)",
      "detail": "YoY Incr OPM: +96.1% vs year-ago OPM: +9.2%",
      "severity": "HIGH"
    },
    {
      "quarter": "2025-09 (Q3)",
      "signal": "FCF MARGIN EXPANSION",
      "detail": "FCF margin: +1.5% -> +11.7% (+10.3%)",
      "severity": "MEDIUM"
    },
    {
      "quarter": "2025-09 (Q3)",
      "signal": "INCREMENTAL MARGIN (YoY)",
      "detail": "YoY Incr OPM: +41.9% vs year-ago OPM: +6.1%",
      "severity": "HIGH"
    },
    {
      "quarter": "2025-03 (Q1)",
      "signal": "YoY REVENUE GROWTH DECELERATION",
      "detail": "YoY growth: +5.5% vs prior quarter YoY: +17.5% (decel: -12.0%)",
      "severity": "WARNING"
    },
    {
      "quarter": "2025-03 (Q1)",
      "signal": "OP MARGIN TURNED POSITIVE (YoY)",
      "detail": "Op margin: -460.6% (year-ago) -> +2.4%",
      "severity": "HIGH"
    },
    {
      "quarter": "2024-12 (Q4)",
      "signal": "FCF MARGIN EXPANSION",
      "detail": "FCF margin: +6.0% -> +27.6% (+21.5%)",
      "severity": "MEDIUM"
    },
    {
      "quarter": "2024-12 (Q4)",
      "signal": "YoY REVENUE GROWTH ACCELERATION",
      "detail": "YoY growth: +17.5% vs prior quarter YoY: +8.8% (accel: +8.7%)",
      "severity": "MEDIUM"
    },
    {
      "quarter": "2024-12 (Q4)",
      "signal": "OP MARGIN TURNED POSITIVE (YoY)",
      "detail": "Op margin: -0.1% (year-ago) -> +9.2%",
      "severity": "HIGH"
    },
    {
      "quarter": "2024-09 (Q3)",
      "signal": "YoY REVENUE GROWTH DECELERATION",
      "detail": "YoY growth: +8.8% vs prior quarter YoY: +14.9% (decel: -6.1%)",
      "severity": "WARNING"
    },
    {
      "quarter": "2024-09 (Q3)",
      "signal": "OP MARGIN TURNED POSITIVE (YoY)",
      "detail": "Op margin: -0.1% (year-ago) -> +6.1%",
      "severity": "HIGH"
    },
    {
      "quarter": "2024-06 (Q2)",
      "signal": "YoY REVENUE GROWTH ACCELERATION",
      "detail": "YoY growth: +14.9% vs prior quarter YoY: +6.0% (accel: +8.9%)",
      "severity": "MEDIUM"
    },
    {
      "quarter": "2024-06 (Q2)",
      "signal": "OP MARGIN TURNED POSITIVE (YoY)",
      "detail": "Op margin: -1.3% (year-ago) -> +9.6%",
      "severity": "HIGH"
    },
    {
      "quarter": "2024-06 (Q2)",
      "signal": "OP MARGIN TURNED POSITIVE (QoQ)",
      "detail": "Op margin: -460.6% -> +9.6%",
      "severity": "HIGH"
    },
    {
      "quarter": "2024-03 (Q1)",
      "signal": "YoY REVENUE GROWTH ACCELERATION",
      "detail": "YoY growth: +6.0% vs prior quarter YoY: -1.5% (accel: +7.5%)",
      "severity": "MEDIUM"
    },
    {
      "quarter": "2023-12 (Q4)",
      "signal": "GROSS MARGIN INFLECTION",
      "detail": "GM: +61.6% -> +60.4% -> +62.5% (reversal +2.1%)",
      "severity": "MEDIUM"
    },
    {
      "quarter": "2023-12 (Q4)",
      "signal": "YoY REVENUE GROWTH ACCELERATION",
      "detail": "YoY growth: -1.5% vs prior quarter YoY: -9.5% (accel: +8.0%)",
      "severity": "MEDIUM"
    },
    {
      "quarter": "2023-09 (Q3)",
      "signal": "OPERATING LEVERAGE",
      "detail": "Rev growth +5.0% vs OpEx growth +1.0% (leverage: 4.9x)",
      "severity": "MEDIUM"
    },
    {
      "quarter": "2023-09 (Q3)",
      "signal": "YoY REVENUE GROWTH DECELERATION",
      "detail": "YoY growth: -9.5% vs prior quarter YoY: +0.4% (decel: -9.9%)",
      "severity": "WARNING"
    },
    {
      "quarter": "2023-06 (Q2)",
      "signal": "YoY REVENUE GROWTH ACCELERATION",
      "detail": "YoY growth: +0.4% vs prior quarter YoY: -5.6% (accel: +6.0%)",
      "severity": "MEDIUM"
    },
    {
      "quarter": "2023-03 (Q1)",
      "signal": "FCF MARGIN EXPANSION",
      "detail": "FCF margin: +11.2% -> +20.7% (+9.5%)",
      "severity": "MEDIUM"
    },
    {
      "quarter": "2023-03 (Q1)",
      "signal": "OP MARGIN TURNED POSITIVE (YoY)",
      "detail": "Op margin: -0.2% (year-ago) -> +0.9%",
      "severity": "HIGH"
    },
    {
      "quarter": "2022-12 (Q4)",
      "signal": "YoY REVENUE GROWTH DECELERATION",
      "detail": "YoY growth: -0.7% vs prior quarter YoY: +63.9% (decel: -64.7%)",
      "severity": "WARNING"
    },
    {
      "quarter": "2022-12 (Q4)",
      "signal": "OP MARGIN TURNED POSITIVE (YoY)",
      "detail": "Op margin: -4.6% (year-ago) -> +6.3%",
      "severity": "HIGH"
    },
    {
      "quarter": "2022-09 (Q3)",
      "signal": "FCF TURNED POSITIVE",
      "detail": "FCF margin: -6.0% -> +15.2%",
      "severity": "HIGH"
    },
    {
      "quarter": "2022-09 (Q3)",
      "signal": "YoY REVENUE GROWTH ACCELERATION",
      "detail": "YoY growth: +63.9% vs prior quarter YoY: +44.5% (accel: +19.4%)",
      "severity": "HIGH"
    },
    {
      "quarter": "2022-09 (Q3)",
      "signal": "OP MARGIN TURNED POSITIVE (QoQ)",
      "detail": "Op margin: -9.1% -> +6.8%",
      "severity": "HIGH"
    },
    {
      "quarter": "2022-06 (Q2)",
      "signal": "YoY REVENUE GROWTH DECELERATION",
      "detail": "YoY growth: +44.5% vs prior quarter YoY: +55.1% (decel: -10.6%)",
      "severity": "WARNING"
    },
    {
      "quarter": "2022-03 (Q1)",
      "signal": "GROSS MARGIN INFLECTION",
      "detail": "GM: +64.6% -> +52.3% -> +59.6% (reversal +7.3%)",
      "severity": "HIGH"
    },
    {
      "quarter": "2021-12 (Q4)",
      "signal": "FCF MARGIN EXPANSION",
      "detail": "FCF margin: +9.8% -> +25.3% (+15.5%)",
      "severity": "MEDIUM"
    }
  ],
  "data_quality": {
    "n_quarters": 20,
    "coverage": {
      "revenue": [
        20,
        20
      ],
      "gross_profit": [
        20,
        20
      ],
      "op_income": [
        20,
        20
      ],
      "fcf": [
        20,
        20
      ]
    },
    "gaps": [],
    "warnings": []
  },
  "market_cap": null,
  "source": "SEC EDGAR",
  "last_updated": "2026-02-04T13:47:24.805142"
}