{
  "ticker": "MLI",
  "name": "MUELLER INDUSTRIES INC",
  "quarters": [
    {
      "date": "2020-12-26T00:00:00",
      "quarter_label": "2020-12 (Q4)",
      "revenue": 675851000,
      "gross_profit": 122344000,
      "operating_income": 65004000,
      "net_income": 36420000,
      "opex": 57340000,
      "cogs": 553507000,
      "rd": null,
      "sga": 44769000,
      "fcf": 48195000,
      "ocf": 48195000,
      "capex": null,
      "gross_margin": 0.1810221483729402,
      "op_margin": 0.09618096296373017,
      "fcf_margin": 0.07131009645617155
    },
    {
      "date": "2021-03-27T00:00:00",
      "quarter_label": "2021-03 (Q1)",
      "revenue": 818148000,
      "gross_profit": 149730000,
      "operating_income": 92540000,
      "net_income": 63107000,
      "opex": 57190000,
      "cogs": 668418000,
      "rd": null,
      "sga": 45435000,
      "fcf": -22581000,
      "ocf": -22581000,
      "capex": null,
      "gross_margin": 0.18301089778377505,
      "op_margin": 0.1131091196213888,
      "fcf_margin": -0.027600140805819975,
      "op_leverage_ratio": Infinity,
      "fcf_margin_change": -0.09891023726199152
    },
    {
      "date": "2021-06-26T00:00:00",
      "quarter_label": "2021-06 (Q2)",
      "revenue": 1012592000,
      "gross_profit": 212880000,
      "operating_income": 157814000,
      "net_income": 108832000,
      "opex": 55066000,
      "cogs": 799712000,
      "rd": null,
      "sga": 43932000,
      "fcf": 31861000,
      "ocf": 31861000,
      "capex": null,
      "gross_margin": 0.2102327492217991,
      "op_margin": 0.15585151768925687,
      "fcf_margin": 0.031464795297612466,
      "op_leverage_ratio": Infinity,
      "fcf_margin_change": 0.05906493610343244
    },
    {
      "date": "2021-09-25T00:00:00",
      "quarter_label": "2021-09 (Q3)",
      "revenue": 982248000,
      "gross_profit": 237983000,
      "operating_income": 233350000,
      "net_income": 170980000,
      "opex": 4633000,
      "cogs": 744265000,
      "rd": null,
      "sga": 48524000,
      "fcf": 172201000,
      "ocf": 172201000,
      "capex": null,
      "gross_margin": 0.24228402603008609,
      "op_margin": 0.2375672946139875,
      "fcf_margin": 0.17531315920215668,
      "fcf_margin_change": 0.1438483639045442
    },
    {
      "date": "2021-12-25T00:00:00",
      "quarter_label": "2021-12 (Q4)",
      "revenue": 956357000,
      "gross_profit": 229763000,
      "operating_income": 172141000,
      "net_income": 125601000,
      "opex": 57622000,
      "cogs": 726594000,
      "rd": null,
      "sga": 46161000,
      "fcf": 130220000,
      "ocf": 130220000,
      "capex": null,
      "gross_margin": 0.2402481500109269,
      "op_margin": 0.17999659123109885,
      "fcf_margin": 0.13616254181231485,
      "incr_op_margin_yoy": 0.3819419192459341,
      "rev_growth_yoy": 0.4150411851132868,
      "fcf_margin_change": -0.039150617389841824
    },
    {
      "date": "2022-03-26T00:00:00",
      "quarter_label": "2022-03 (Q1)",
      "revenue": 1010002000,
      "gross_profit": 265491000,
      "operating_income": 212701000,
      "net_income": 158316000,
      "opex": 52790000,
      "cogs": 744511000,
      "rd": null,
      "sga": 47456000,
      "fcf": 62859000,
      "ocf": 62859000,
      "capex": null,
      "gross_margin": 0.2628618557190976,
      "op_margin": 0.21059463248587626,
      "fcf_margin": 0.06223651042275164,
      "incr_op_margin_yoy": 0.6263148018805967,
      "rev_growth_yoy": 0.23449791480270074,
      "rev_growth_yoy_accel": -0.18054327031058606,
      "op_leverage_ratio": Infinity,
      "fcf_margin_change": -0.07392603138956322
    },
    {
      "date": "2022-06-25T00:00:00",
      "quarter_label": "2022-06 (Q2)",
      "revenue": 1150042000,
      "gross_profit": 329128000,
      "operating_income": 268870000,
      "net_income": 206552000,
      "opex": 60258000,
      "cogs": 820914000,
      "rd": null,
      "sga": 48956000,
      "fcf": 141675000,
      "ocf": 141675000,
      "capex": null,
      "gross_margin": 0.28618780879307015,
      "op_margin": 0.2337914615292311,
      "fcf_margin": 0.12319115301875931,
      "incr_op_margin_yoy": 0.8079738086576937,
      "rev_growth_yoy": 0.13574075244520992,
      "rev_growth_yoy_accel": -0.09875716235749082,
      "op_leverage_ratio": 0.9801154179941503,
      "fcf_margin_change": 0.06095464259600767
    },
    {
      "date": "2022-09-24T00:00:00",
      "quarter_label": "2022-09 (Q3)",
      "revenue": 944830000,
      "gross_profit": 266193000,
      "operating_income": 205165000,
      "net_income": 154542000,
      "opex": 61028000,
      "cogs": 678637000,
      "rd": null,
      "sga": 50178000,
      "fcf": 312378000,
      "ocf": 312378000,
      "capex": null,
      "gross_margin": 0.2817363970238032,
      "op_margin": 0.21714488320650277,
      "fcf_margin": 0.3306182064498375,
      "incr_op_margin_yoy": 0.7532471003260462,
      "rev_growth_yoy": -0.03809424911020435,
      "rev_growth_yoy_accel": -0.17383500155541426,
      "fcf_margin_change": 0.2074270534310782
    },
    {
      "date": "2022-12-31T00:00:00",
      "quarter_label": "2022-12 (Q4)",
      "revenue": 877581000,
      "gross_profit": 256781000,
      "operating_income": 190413000,
      "net_income": 138906000,
      "opex": 66368000,
      "cogs": 620800000,
      "rd": null,
      "sga": 56496000,
      "fcf": 207031000,
      "ocf": 207031000,
      "capex": null,
      "gross_margin": 0.2926009109130667,
      "op_margin": 0.21697484334779354,
      "fcf_margin": 0.23591098713395117,
      "incr_op_margin_yoy": -0.2319488168985478,
      "rev_growth_yoy": -0.08237091379056148,
      "rev_growth_yoy_accel": -0.04427666468035713,
      "fcf_margin_change": -0.09470721931588635
    },
    {
      "date": "2023-04-01T00:00:00",
      "quarter_label": "2023-04 (Q2)",
      "revenue": 971192000,
      "gross_profit": 292394000,
      "operating_income": 229106000,
      "net_income": 173239000,
      "opex": 63288000,
      "cogs": 678798000,
      "rd": null,
      "sga": 52631000,
      "fcf": 111618000,
      "ocf": 111618000,
      "capex": null,
      "gross_margin": 0.30106714223346154,
      "op_margin": 0.2359018608061022,
      "fcf_margin": 0.11492887091326946,
      "incr_op_margin_yoy": -0.42270033496521514,
      "rev_growth_yoy": -0.038425666483828745,
      "rev_growth_yoy_accel": 0.043945247306732736,
      "op_leverage_ratio": Infinity,
      "fcf_margin_change": -0.12098211622068171
    },
    {
      "date": "2023-07-01T00:00:00",
      "quarter_label": "2023-07 (Q3)",
      "revenue": 896984000,
      "gross_profit": 257712000,
      "operating_income": 210700000,
      "net_income": 177711000,
      "opex": 47012000,
      "cogs": 639272000,
      "rd": null,
      "sga": 56062000,
      "fcf": 139212000,
      "ocf": 139212000,
      "capex": null,
      "gross_margin": 0.2873094726327337,
      "op_margin": 0.2348982813517298,
      "fcf_margin": 0.15520009275527769,
      "incr_op_margin_yoy": 0.22986825154707616,
      "rev_growth_yoy": -0.2200423984515348,
      "rev_growth_yoy_accel": -0.18161673196770606,
      "fcf_margin_change": 0.04027122184200822
    },
    {
      "date": "2023-09-30T00:00:00",
      "quarter_label": "2023-09 (Q3)",
      "revenue": 819792000,
      "gross_profit": 240734000,
      "operating_income": 181011000,
      "net_income": 132709000,
      "opex": 59723000,
      "cogs": 579058000,
      "rd": null,
      "sga": 48295000,
      "fcf": 247660000,
      "ocf": 247660000,
      "capex": null,
      "gross_margin": 0.29365253625309834,
      "op_margin": 0.22080113004274254,
      "fcf_margin": 0.302101020746726,
      "incr_op_margin_yoy": 0.19317327532430142,
      "rev_growth_yoy": -0.13233915095837345,
      "rev_growth_yoy_accel": 0.08770324749316136,
      "fcf_margin_change": 0.14690092799144833
    },
    {
      "date": "2023-12-30T00:00:00",
      "quarter_label": "2023-12 (Q4)",
      "revenue": 732377000,
      "gross_profit": 195994000,
      "operating_income": 135236000,
      "net_income": 119238000,
      "opex": 60758000,
      "cogs": 536383000,
      "rd": null,
      "sga": 51184000,
      "fcf": 174276000,
      "ocf": 174276000,
      "capex": null,
      "gross_margin": 0.2676135378363875,
      "op_margin": 0.18465353226548623,
      "fcf_margin": 0.23795941161451,
      "incr_op_margin_yoy": 0.37999641883143714,
      "rev_growth_yoy": -0.1654593707019637,
      "rev_growth_yoy_accel": -0.03312021974359025,
      "fcf_margin_change": -0.064141609132216
    },
    {
      "date": "2024-03-30T00:00:00",
      "quarter_label": "2024-03 (Q1)",
      "revenue": 849654000,
      "gross_profit": 240951000,
      "operating_income": 183425000,
      "net_income": 138363000,
      "opex": 57526000,
      "cogs": 608703000,
      "rd": null,
      "sga": 48357000,
      "fcf": 173625000,
      "ocf": 173625000,
      "capex": null,
      "gross_margin": 0.28358720137844345,
      "op_margin": 0.21588199431768695,
      "fcf_margin": 0.20434788749302657,
      "incr_op_margin_yoy": 0.3758577564218598,
      "rev_growth_yoy": -0.12514312308997602,
      "rev_growth_yoy_accel": 0.04031624761198768,
      "op_leverage_ratio": Infinity,
      "fcf_margin_change": -0.03361152412148344
    },
    {
      "date": "2024-06-29T00:00:00",
      "quarter_label": "2024-06 (Q2)",
      "revenue": 997745000,
      "gross_profit": 272755000,
      "operating_income": 210006000,
      "net_income": 160165000,
      "opex": 62749000,
      "cogs": 724990000,
      "rd": null,
      "sga": 52731000,
      "fcf": 100750000,
      "ocf": 100750000,
      "capex": null,
      "gross_margin": 0.27337145262567086,
      "op_margin": 0.21048063382928503,
      "fcf_margin": 0.10097770472415296,
      "incr_op_margin_yoy": -0.00688758547453876,
      "rev_growth_yoy": 0.11233310739099026,
      "rev_growth_yoy_accel": 0.23747623048096628,
      "op_leverage_ratio": 1.9196882670561919,
      "fcf_margin_change": -0.10337018276887361
    },
    {
      "date": "2024-09-28T00:00:00",
      "quarter_label": "2024-09 (Q3)",
      "revenue": 997831000,
      "gross_profit": 275362000,
      "operating_income": 206700000,
      "net_income": 168699000,
      "opex": 68662000,
      "cogs": 722469000,
      "rd": null,
      "sga": 59619000,
      "fcf": 231412000,
      "ocf": 231412000,
      "capex": null,
      "gross_margin": 0.2759605584512808,
      "op_margin": 0.20714930684655017,
      "fcf_margin": 0.23191502368637576,
      "incr_op_margin_yoy": 0.144288610922326,
      "rev_growth_yoy": 0.21717582020805276,
      "rev_growth_yoy_accel": 0.1048427128170625,
      "fcf_margin_change": 0.1309373189622228
    },
    {
      "date": "2024-12-28T00:00:00",
      "quarter_label": "2024-12 (Q4)",
      "revenue": 923536000,
      "gross_profit": 255370000,
      "operating_income": 170258000,
      "net_income": 137652000,
      "opex": 85112000,
      "cogs": 668166000,
      "rd": null,
      "sga": 64703000,
      "fcf": 140121000,
      "ocf": 140121000,
      "capex": null,
      "gross_margin": 0.27651331404514823,
      "op_margin": 0.18435448103809704,
      "fcf_margin": 0.1517222934460595,
      "incr_op_margin_yoy": 0.18320874246046484,
      "rev_growth_yoy": 0.2610117466823781,
      "rev_growth_yoy_accel": 0.043835926474325326,
      "fcf_margin_change": -0.08019273024031626
    },
    {
      "date": "2025-03-29T00:00:00",
      "quarter_label": "2025-03 (Q1)",
      "revenue": 1000165000,
      "gross_profit": 271980000,
      "operating_income": 206262000,
      "net_income": 157432000,
      "opex": 65718000,
      "cogs": 728185000,
      "rd": null,
      "sga": 63060000,
      "fcf": 113559000,
      "ocf": 113559000,
      "capex": null,
      "gross_margin": 0.27193513070343395,
      "op_margin": 0.20622797238455653,
      "fcf_margin": 0.11354026585613373,
      "incr_op_margin_yoy": 0.1517297739035685,
      "rev_growth_yoy": 0.17714387268229184,
      "rev_growth_yoy_accel": -0.08386787400008625,
      "op_leverage_ratio": Infinity,
      "fcf_margin_change": -0.03818202758992577
    },
    {
      "date": "2025-06-28T00:00:00",
      "quarter_label": "2025-06 (Q2)",
      "revenue": 1138173000,
      "gross_profit": 352979000,
      "operating_income": 304168000,
      "net_income": 245924000,
      "opex": 48811000,
      "cogs": 785194000,
      "rd": null,
      "sga": 67521000,
      "fcf": 190602000,
      "ocf": 190602000,
      "capex": null,
      "gross_margin": 0.3101277222355477,
      "op_margin": 0.2672423260787244,
      "fcf_margin": 0.1674631185241611,
      "incr_op_margin_yoy": 0.6705357905830746,
      "rev_growth_yoy": 0.1407453808337802,
      "rev_growth_yoy_accel": -0.036398491848511655,
      "op_leverage_ratio": Infinity,
      "fcf_margin_change": 0.05392285266802736
    },
    {
      "date": "2025-09-27T00:00:00",
      "quarter_label": "2025-09 (Q3)",
      "revenue": 1077824000,
      "gross_profit": 339676000,
      "operating_income": 276115000,
      "net_income": 208123000,
      "opex": 63561000,
      "cogs": 738148000,
      "rd": null,
      "sga": 61657000,
      "fcf": 310072000,
      "ocf": 310072000,
      "capex": null,
      "gross_margin": 0.3151497832670269,
      "op_margin": 0.25617818864675496,
      "fcf_margin": 0.28768333234368504,
      "incr_op_margin_yoy": 0.8677634293000638,
      "rev_growth_yoy": 0.08016688196698639,
      "rev_growth_yoy_accel": -0.0605784988667938,
      "fcf_margin_change": 0.12022021381952394
    }
  ],
  "signals": [
    {
      "quarter": "2025-09 (Q3)",
      "signal": "FCF MARGIN EXPANSION",
      "detail": "FCF margin: +16.7% -> +28.8% (+12.0%)",
      "severity": "MEDIUM"
    },
    {
      "quarter": "2025-09 (Q3)",
      "signal": "YoY REVENUE GROWTH DECELERATION",
      "detail": "YoY growth: +8.0% vs prior quarter YoY: +14.1% (decel: -6.1%)",
      "severity": "WARNING"
    },
    {
      "quarter": "2025-09 (Q3)",
      "signal": "INCREMENTAL MARGIN (YoY)",
      "detail": "YoY Incr OPM: +86.8% vs year-ago OPM: +20.7%",
      "severity": "HIGH"
    },
    {
      "quarter": "2025-06 (Q2)",
      "signal": "FCF MARGIN EXPANSION",
      "detail": "FCF margin: +11.4% -> +16.7% (+5.4%)",
      "severity": "MEDIUM"
    },
    {
      "quarter": "2025-06 (Q2)",
      "signal": "GROSS MARGIN INFLECTION",
      "detail": "GM: +27.7% -> +27.2% -> +31.0% (reversal +3.8%)",
      "severity": "MEDIUM"
    },
    {
      "quarter": "2025-06 (Q2)",
      "signal": "INCREMENTAL MARGIN (YoY)",
      "detail": "YoY Incr OPM: +67.1% vs year-ago OPM: +21.0%",
      "severity": "HIGH"
    },
    {
      "quarter": "2025-03 (Q1)",
      "signal": "YoY REVENUE GROWTH DECELERATION",
      "detail": "YoY growth: +17.7% vs prior quarter YoY: +26.1% (decel: -8.4%)",
      "severity": "WARNING"
    },
    {
      "quarter": "2024-09 (Q3)",
      "signal": "FCF MARGIN EXPANSION",
      "detail": "FCF margin: +10.1% -> +23.2% (+13.1%)",
      "severity": "MEDIUM"
    },
    {
      "quarter": "2024-09 (Q3)",
      "signal": "YoY REVENUE GROWTH ACCELERATION",
      "detail": "YoY growth: +21.7% vs prior quarter YoY: +11.2% (accel: +10.5%)",
      "severity": "MEDIUM"
    },
    {
      "quarter": "2024-06 (Q2)",
      "signal": "OPERATING LEVERAGE",
      "detail": "Rev growth +17.4% vs OpEx growth +9.1% (leverage: 1.9x)",
      "severity": "MEDIUM"
    },
    {
      "quarter": "2024-06 (Q2)",
      "signal": "YoY REVENUE GROWTH ACCELERATION",
      "detail": "YoY growth: +11.2% vs prior quarter YoY: -12.5% (accel: +23.7%)",
      "severity": "HIGH"
    },
    {
      "quarter": "2024-03 (Q1)",
      "signal": "INCREMENTAL MARGIN (YoY)",
      "detail": "YoY Incr OPM: +37.6% vs year-ago OPM: +23.6%",
      "severity": "MEDIUM"
    },
    {
      "quarter": "2023-12 (Q4)",
      "signal": "INCREMENTAL MARGIN (YoY)",
      "detail": "YoY Incr OPM: +38.0% vs year-ago OPM: +21.7%",
      "severity": "MEDIUM"
    },
    {
      "quarter": "2023-09 (Q3)",
      "signal": "FCF MARGIN EXPANSION",
      "detail": "FCF margin: +15.5% -> +30.2% (+14.7%)",
      "severity": "MEDIUM"
    },
    {
      "quarter": "2023-09 (Q3)",
      "signal": "YoY REVENUE GROWTH ACCELERATION",
      "detail": "YoY growth: -13.2% vs prior quarter YoY: -22.0% (accel: +8.8%)",
      "severity": "MEDIUM"
    },
    {
      "quarter": "2023-07 (Q3)",
      "signal": "YoY REVENUE GROWTH DECELERATION",
      "detail": "YoY growth: -22.0% vs prior quarter YoY: -3.8% (decel: -18.2%)",
      "severity": "WARNING"
    },
    {
      "quarter": "2022-09 (Q3)",
      "signal": "FCF MARGIN EXPANSION",
      "detail": "FCF margin: +12.3% -> +33.1% (+20.7%)",
      "severity": "MEDIUM"
    },
    {
      "quarter": "2022-09 (Q3)",
      "signal": "YoY REVENUE GROWTH DECELERATION",
      "detail": "YoY growth: -3.8% vs prior quarter YoY: +13.6% (decel: -17.4%)",
      "severity": "WARNING"
    },
    {
      "quarter": "2022-09 (Q3)",
      "signal": "INCREMENTAL MARGIN (YoY)",
      "detail": "YoY Incr OPM: +75.3% vs year-ago OPM: +23.8%",
      "severity": "HIGH"
    },
    {
      "quarter": "2022-06 (Q2)",
      "signal": "FCF MARGIN EXPANSION",
      "detail": "FCF margin: +6.2% -> +12.3% (+6.1%)",
      "severity": "MEDIUM"
    },
    {
      "quarter": "2022-06 (Q2)",
      "signal": "YoY REVENUE GROWTH DECELERATION",
      "detail": "YoY growth: +13.6% vs prior quarter YoY: +23.4% (decel: -9.9%)",
      "severity": "WARNING"
    },
    {
      "quarter": "2022-06 (Q2)",
      "signal": "INCREMENTAL MARGIN (YoY)",
      "detail": "YoY Incr OPM: +80.8% vs year-ago OPM: +15.6%",
      "severity": "HIGH"
    },
    {
      "quarter": "2022-03 (Q1)",
      "signal": "GROSS MARGIN INFLECTION",
      "detail": "GM: +24.2% -> +24.0% -> +26.3% (reversal +2.3%)",
      "severity": "MEDIUM"
    },
    {
      "quarter": "2022-03 (Q1)",
      "signal": "YoY REVENUE GROWTH DECELERATION",
      "detail": "YoY growth: +23.4% vs prior quarter YoY: +41.5% (decel: -18.1%)",
      "severity": "WARNING"
    },
    {
      "quarter": "2022-03 (Q1)",
      "signal": "INCREMENTAL MARGIN (YoY)",
      "detail": "YoY Incr OPM: +62.6% vs year-ago OPM: +11.3%",
      "severity": "HIGH"
    },
    {
      "quarter": "2021-12 (Q4)",
      "signal": "INCREMENTAL MARGIN (YoY)",
      "detail": "YoY Incr OPM: +38.2% vs year-ago OPM: +9.6%",
      "severity": "HIGH"
    },
    {
      "quarter": "2021-09 (Q3)",
      "signal": "FCF MARGIN EXPANSION",
      "detail": "FCF margin: +3.1% -> +17.5% (+14.4%)",
      "severity": "MEDIUM"
    },
    {
      "quarter": "2021-06 (Q2)",
      "signal": "FCF TURNED POSITIVE",
      "detail": "FCF margin: -2.8% -> +3.1%",
      "severity": "HIGH"
    }
  ],
  "data_quality": {
    "n_quarters": 20,
    "coverage": {
      "revenue": [
        20,
        20
      ],
      "gross_profit": [
        20,
        20
      ],
      "op_income": [
        20,
        20
      ],
      "fcf": [
        20,
        20
      ]
    },
    "gaps": [],
    "warnings": []
  },
  "market_cap": null,
  "source": "SEC EDGAR",
  "last_updated": "2026-02-02T20:26:22.944356",
  "sector": "Industrials",
  "industry": "Metal Fabrication"
}