{
  "ticker": "MLKN",
  "name": "MillerKnoll, Inc.",
  "quarters": [
    {
      "date": "2021-02-27T00:00:00",
      "quarter_label": "2021-02 (Q1)",
      "revenue": 590500000,
      "gross_profit": 230900000,
      "operating_income": 55100000,
      "net_income": 41500000,
      "opex": 175800000,
      "cogs": 359600000,
      "rd": 18100000,
      "sga": 157400000,
      "fcf": 27100000,
      "ocf": 45500000,
      "capex": -18400000,
      "gross_margin": 0.39102455546147336,
      "op_margin": 0.09331075359864521,
      "fcf_margin": 0.04589331075359865
    },
    {
      "date": "2021-05-29T00:00:00",
      "quarter_label": "2021-05 (Q2)",
      "revenue": 621500000,
      "gross_profit": 224000000,
      "operating_income": 9100000,
      "net_income": 7400000,
      "opex": 214900000,
      "cogs": 397500000,
      "rd": -1200000,
      "sga": 193600000,
      "fcf": 55200000,
      "ocf": 72200000,
      "capex": -17000000,
      "gross_margin": 0.3604183427192277,
      "op_margin": 0.014641995172968623,
      "fcf_margin": 0.08881737731295253,
      "op_leverage_ratio": 0.23603907564572052,
      "fcf_margin_change": 0.04292406655935388
    },
    {
      "date": "2021-08-28T00:00:00",
      "quarter_label": "2021-08 (Q3)",
      "revenue": 789700000,
      "gross_profit": 277500000,
      "operating_income": -52800000,
      "net_income": -61500000,
      "opex": 330300000,
      "cogs": 512200000,
      "rd": 23500000,
      "sga": 306800000,
      "fcf": -70300000,
      "ocf": -51700000,
      "capex": -18600000,
      "gross_margin": 0.3513992655438774,
      "op_margin": -0.06686083322780803,
      "fcf_margin": -0.08902114727111561,
      "op_leverage_ratio": 0.5039825100284295,
      "fcf_margin_change": -0.17783852458406813
    },
    {
      "date": "2021-11-27T00:00:00",
      "quarter_label": "2021-11 (Q4)",
      "revenue": 1026300000,
      "gross_profit": 350600000,
      "operating_income": 3800000,
      "net_income": -3400000,
      "opex": 346800000,
      "cogs": 675700000,
      "rd": 28200000,
      "sga": 318600000,
      "fcf": -33600000,
      "ocf": -5900000,
      "capex": -27700000,
      "gross_margin": 0.3416155120335185,
      "op_margin": 0.0037026210659651176,
      "fcf_margin": -0.03273896521484946,
      "op_leverage_ratio": 5.997596325417017,
      "fcf_margin_change": 0.05628218205626615
    },
    {
      "date": "2022-02-26T00:00:00",
      "quarter_label": "2022-02 (Q1)",
      "revenue": 1029500000,
      "gross_profit": 336800000,
      "operating_income": 26500000,
      "net_income": 12600000,
      "opex": 310300000,
      "cogs": 692700000,
      "rd": 28000000,
      "sga": 282300000,
      "fcf": -19800000,
      "ocf": -300000,
      "capex": -19500000,
      "gross_margin": 0.32714910150558524,
      "op_margin": 0.025740650801359885,
      "fcf_margin": -0.019232637202525497,
      "incr_op_margin_yoy": -0.06514806378132118,
      "rev_growth_yoy": 0.7434377646062659,
      "fcf_margin_change": 0.013506328012323963
    },
    {
      "date": "2022-05-28T00:00:00",
      "quarter_label": "2022-05 (Q2)",
      "revenue": 1100500000,
      "gross_profit": 382500000,
      "operating_income": 62300000,
      "net_income": 21500000,
      "opex": 325500000,
      "cogs": 712700000,
      "rd": -8500000,
      "sga": 296400000,
      "fcf": 17100000,
      "ocf": 46000000,
      "capex": -28900000,
      "gross_margin": 0.34756928668786913,
      "op_margin": 0.05661063153112222,
      "fcf_margin": 0.015538391640163561,
      "incr_op_margin_yoy": 0.11106471816283925,
      "rev_growth_yoy": 0.7707160096540627,
      "rev_growth_yoy_accel": 0.027278245047796856,
      "op_leverage_ratio": 1.407894736842105,
      "fcf_margin_change": 0.03477102884268906
    },
    {
      "date": "2022-09-03T00:00:00",
      "quarter_label": "2022-09 (Q3)",
      "revenue": 1078800000,
      "gross_profit": 372100000,
      "operating_income": 50800000,
      "net_income": 25800000,
      "opex": 321300000,
      "cogs": 706700000,
      "rd": 23900000,
      "sga": 296900000,
      "fcf": -82100000,
      "ocf": -64800000,
      "capex": -17300000,
      "gross_margin": 0.34492028179458656,
      "op_margin": 0.047089358546533185,
      "fcf_margin": -0.0761030774935113,
      "incr_op_margin_yoy": 0.3583535108958838,
      "rev_growth_yoy": 0.3660883879954413,
      "rev_growth_yoy_accel": -0.40462762165862143,
      "fcf_margin_change": -0.09164146913367487
    },
    {
      "date": "2022-12-03T00:00:00",
      "quarter_label": "2022-12 (Q4)",
      "revenue": 1066900000,
      "gross_profit": 367600000,
      "operating_income": 38700000,
      "net_income": 16000000,
      "opex": 328900000,
      "cogs": 699300000,
      "rd": 23400000,
      "sga": 290800000,
      "fcf": 36500000,
      "ocf": 59500000,
      "capex": -23000000,
      "gross_margin": 0.34454962976848813,
      "op_margin": 0.03627331521229731,
      "fcf_margin": 0.034211266285500044,
      "incr_op_margin_yoy": 0.8596059113300493,
      "rev_growth_yoy": 0.0395595829679431,
      "rev_growth_yoy_accel": -0.3265288050274982,
      "fcf_margin_change": 0.11031434377901135
    },
    {
      "date": "2023-03-04T00:00:00",
      "quarter_label": "2023-03 (Q1)",
      "revenue": 984700000,
      "gross_profit": 335600000,
      "operating_income": 21200000,
      "net_income": 400000,
      "opex": 314400000,
      "cogs": 649100000,
      "rd": 23600000,
      "sga": 264700000,
      "fcf": 55400000,
      "ocf": 75700000,
      "capex": -20300000,
      "gross_margin": 0.3408144612572357,
      "op_margin": 0.02152939981720321,
      "fcf_margin": 0.05626079008835178,
      "incr_op_margin_yoy": 0.11830357142857142,
      "rev_growth_yoy": -0.043516270033997086,
      "rev_growth_yoy_accel": -0.08307585300194018,
      "fcf_margin_change": 0.022049523802851738
    },
    {
      "date": "2023-06-03T00:00:00",
      "quarter_label": "2023-06 (Q2)",
      "revenue": 956700000,
      "gross_profit": 354700000,
      "operating_income": 11600000,
      "net_income": -100000,
      "opex": 343100000,
      "cogs": 602000000,
      "rd": 34700000,
      "sga": 274100000,
      "fcf": 69800000,
      "ocf": 92500000,
      "capex": -22700000,
      "gross_margin": 0.370753632277621,
      "op_margin": 0.012125013065746837,
      "fcf_margin": 0.07295913034389045,
      "incr_op_margin_yoy": 0.3525730180806676,
      "rev_growth_yoy": -0.13066787823716491,
      "rev_growth_yoy_accel": -0.08715160820316784,
      "fcf_margin_change": 0.016698340255538673
    },
    {
      "date": "2023-09-02T00:00:00",
      "quarter_label": "2023-09 (Q3)",
      "revenue": 917700000,
      "gross_profit": 358100000,
      "operating_income": 40300000,
      "net_income": 16700000,
      "opex": 317800000,
      "cogs": 559600000,
      "rd": 22100000,
      "sga": 290500000,
      "fcf": 111000000,
      "ocf": 130900000,
      "capex": -19900000,
      "gross_margin": 0.39021466710253894,
      "op_margin": 0.04391413315898442,
      "fcf_margin": 0.12095456031382805,
      "incr_op_margin_yoy": 0.06517690875232775,
      "rev_growth_yoy": -0.1493325917686318,
      "rev_growth_yoy_accel": -0.018664713531466898,
      "fcf_margin_change": 0.047995429969937595
    },
    {
      "date": "2023-12-02T00:00:00",
      "quarter_label": "2023-12 (Q4)",
      "revenue": 949500000,
      "gross_profit": 372000000,
      "operating_income": 60400000,
      "net_income": 33500000,
      "opex": 311600000,
      "cogs": 577500000,
      "rd": 22200000,
      "sga": 287600000,
      "fcf": 62500000,
      "ocf": 82500000,
      "capex": -20000000,
      "gross_margin": 0.39178515007898895,
      "op_margin": 0.06361242759347024,
      "fcf_margin": 0.06582411795681938,
      "incr_op_margin_yoy": -0.1848381601362862,
      "rev_growth_yoy": -0.11003842909363577,
      "rev_growth_yoy_accel": 0.03929416267499604,
      "op_leverage_ratio": Infinity,
      "fcf_margin_change": -0.055130442357008674
    },
    {
      "date": "2024-03-02T00:00:00",
      "quarter_label": "2024-03 (Q1)",
      "revenue": 872300000,
      "gross_profit": 337000000,
      "operating_income": 42800000,
      "net_income": 22200000,
      "opex": 294200000,
      "cogs": 535300000,
      "rd": 21400000,
      "sga": 271100000,
      "fcf": 43900000,
      "ocf": 60500000,
      "capex": -16600000,
      "gross_margin": 0.3863349764989109,
      "op_margin": 0.04906568840995071,
      "fcf_margin": 0.050326722457869996,
      "incr_op_margin_yoy": -0.19217081850533807,
      "rev_growth_yoy": -0.11414644054026607,
      "rev_growth_yoy_accel": -0.004108011446630297,
      "fcf_margin_change": -0.015497395498949379
    },
    {
      "date": "2024-06-01T00:00:00",
      "quarter_label": "2024-06 (Q2)",
      "revenue": 888900000,
      "gross_profit": 352400000,
      "operating_income": 23700000,
      "net_income": 9900000,
      "opex": 328700000,
      "cogs": 536500000,
      "rd": 26900000,
      "sga": 262900000,
      "fcf": 56500000,
      "ocf": 78400000,
      "capex": -21900000,
      "gross_margin": 0.39644504443694456,
      "op_margin": 0.026662166722915964,
      "fcf_margin": 0.06356170547868152,
      "incr_op_margin_yoy": -0.17846607669616518,
      "rev_growth_yoy": -0.07086861084979618,
      "rev_growth_yoy_accel": 0.04327782969046989,
      "op_leverage_ratio": 0.16228029513845624,
      "fcf_margin_change": 0.013234983020811525
    },
    {
      "date": "2024-08-31T00:00:00",
      "quarter_label": "2024-08 (Q3)",
      "revenue": 861500000,
      "gross_profit": 336300000,
      "operating_income": 15200000,
      "net_income": -1200000,
      "opex": 321100000,
      "cogs": 525200000,
      "rd": 22700000,
      "sga": 298400000,
      "fcf": -1500000,
      "ocf": 21100000,
      "capex": -22600000,
      "gross_margin": 0.39036564132327334,
      "op_margin": 0.01764364480557168,
      "fcf_margin": -0.0017411491584445734,
      "incr_op_margin_yoy": 0.44661921708185054,
      "rev_growth_yoy": -0.06124005666339762,
      "rev_growth_yoy_accel": 0.009628554186398554,
      "fcf_margin_change": -0.0653028546371261
    },
    {
      "date": "2024-11-30T00:00:00",
      "quarter_label": "2024-11 (Q4)",
      "revenue": 970400000,
      "gross_profit": 377000000,
      "operating_income": 62500000,
      "net_income": 34100000,
      "opex": 314500000,
      "cogs": 593400000,
      "rd": 24600000,
      "sga": 289900000,
      "fcf": 33000000,
      "ocf": 55300000,
      "capex": -22300000,
      "gross_margin": 0.38849958779884586,
      "op_margin": 0.06440643033800494,
      "fcf_margin": 0.03400659521846661,
      "incr_op_margin_yoy": 0.10047846889952153,
      "rev_growth_yoy": 0.0220115850447604,
      "rev_growth_yoy_accel": 0.08325164170815802,
      "op_leverage_ratio": Infinity,
      "fcf_margin_change": 0.03574774437691119
    },
    {
      "date": "2025-03-01T00:00:00",
      "quarter_label": "2025-03 (Q1)",
      "revenue": 876200000,
      "gross_profit": 332400000,
      "operating_income": -82200000,
      "net_income": -12700000,
      "opex": 414600000,
      "cogs": 543800000,
      "rd": 22300000,
      "sga": 388100000,
      "fcf": 38800000,
      "ocf": 62000000,
      "capex": -23200000,
      "gross_margin": 0.37936544167998176,
      "op_margin": -0.09381419767176444,
      "fcf_margin": 0.04428212736818078,
      "incr_op_margin_yoy": -32.05128205128205,
      "rev_growth_yoy": 0.004470938897168405,
      "rev_growth_yoy_accel": -0.017540646147591994,
      "fcf_margin_change": 0.010275532149714169
    },
    {
      "date": "2025-05-31T00:00:00",
      "quarter_label": "2025-05 (Q2)",
      "revenue": 961800000,
      "gross_profit": 376900000,
      "operating_income": 55000000,
      "net_income": -57100000,
      "opex": 321900000,
      "cogs": 584900000,
      "rd": 24200000,
      "sga": 157100000,
      "fcf": 31400000,
      "ocf": 70900000,
      "capex": -39500000,
      "gross_margin": 0.39186941152006655,
      "op_margin": 0.05718444583073404,
      "fcf_margin": 0.032647119983364524,
      "incr_op_margin_yoy": 0.42935528120713307,
      "rev_growth_yoy": 0.08201147485656429,
      "rev_growth_yoy_accel": 0.07754053595939589,
      "op_leverage_ratio": Infinity,
      "fcf_margin_change": -0.011635007384816258
    },
    {
      "date": "2025-08-30T00:00:00",
      "quarter_label": "2025-08 (Q3)",
      "revenue": 955700000,
      "gross_profit": 368100000,
      "operating_income": 53500000,
      "net_income": 20200000,
      "opex": 314600000,
      "cogs": 587600000,
      "rd": 20300000,
      "sga": 293800000,
      "fcf": -21300000,
      "ocf": 9400000,
      "capex": -30700000,
      "gross_margin": 0.3851627079627498,
      "op_margin": 0.05597991001360259,
      "fcf_margin": -0.02228732865962122,
      "incr_op_margin_yoy": 0.40658174097664546,
      "rev_growth_yoy": 0.10934416715031921,
      "rev_growth_yoy_accel": 0.027332692293754915,
      "fcf_margin_change": -0.054934448642985745
    },
    {
      "date": "2025-11-29T00:00:00",
      "quarter_label": "2025-11 (Q4)",
      "revenue": 955200000,
      "gross_profit": 372200000,
      "operating_income": 48500000,
      "net_income": 24200000,
      "opex": 323700000,
      "cogs": 583000000,
      "rd": 24000000,
      "sga": 298300000,
      "fcf": 34000000,
      "ocf": 64600000,
      "capex": -30600000,
      "gross_margin": 0.3896566164154104,
      "op_margin": 0.050774706867671694,
      "fcf_margin": 0.03559463986599665,
      "incr_op_margin_yoy": 0.9210526315789473,
      "rev_growth_yoy": -0.015663643858202802,
      "rev_growth_yoy_accel": -0.125007811008522,
      "fcf_margin_change": 0.05788196852561787
    }
  ],
  "signals": [
    {
      "quarter": "2025-11 (Q4)",
      "signal": "FCF TURNED POSITIVE",
      "detail": "FCF margin: -2.2% -> +3.6%",
      "severity": "HIGH"
    },
    {
      "quarter": "2025-11 (Q4)",
      "signal": "YoY REVENUE GROWTH DECELERATION",
      "detail": "YoY growth: -1.6% vs prior quarter YoY: +10.9% (decel: -12.5%)",
      "severity": "WARNING"
    },
    {
      "quarter": "2025-11 (Q4)",
      "signal": "INCREMENTAL MARGIN (YoY)",
      "detail": "YoY Incr OPM: +92.1% vs year-ago OPM: +6.4%",
      "severity": "HIGH"
    },
    {
      "quarter": "2025-08 (Q3)",
      "signal": "INCREMENTAL MARGIN (YoY)",
      "detail": "YoY Incr OPM: +40.7% vs year-ago OPM: +1.8%",
      "severity": "HIGH"
    },
    {
      "quarter": "2025-05 (Q2)",
      "signal": "YoY REVENUE GROWTH ACCELERATION",
      "detail": "YoY growth: +8.2% vs prior quarter YoY: +0.4% (accel: +7.8%)",
      "severity": "MEDIUM"
    },
    {
      "quarter": "2025-05 (Q2)",
      "signal": "INCREMENTAL MARGIN (YoY)",
      "detail": "YoY Incr OPM: +42.9% vs year-ago OPM: +2.7%",
      "severity": "HIGH"
    },
    {
      "quarter": "2025-05 (Q2)",
      "signal": "OP MARGIN TURNED POSITIVE (QoQ)",
      "detail": "Op margin: -9.4% -> +5.7%",
      "severity": "HIGH"
    },
    {
      "quarter": "2024-11 (Q4)",
      "signal": "FCF TURNED POSITIVE",
      "detail": "FCF margin: -0.2% -> +3.4%",
      "severity": "HIGH"
    },
    {
      "quarter": "2024-11 (Q4)",
      "signal": "YoY REVENUE GROWTH ACCELERATION",
      "detail": "YoY growth: +2.2% vs prior quarter YoY: -6.1% (accel: +8.3%)",
      "severity": "MEDIUM"
    },
    {
      "quarter": "2024-08 (Q3)",
      "signal": "INCREMENTAL MARGIN (YoY)",
      "detail": "YoY Incr OPM: +44.7% vs year-ago OPM: +4.4%",
      "severity": "HIGH"
    },
    {
      "quarter": "2023-06 (Q2)",
      "signal": "GROSS MARGIN INFLECTION",
      "detail": "GM: +34.5% -> +34.1% -> +37.1% (reversal +3.0%)",
      "severity": "MEDIUM"
    },
    {
      "quarter": "2023-06 (Q2)",
      "signal": "YoY REVENUE GROWTH DECELERATION",
      "detail": "YoY growth: -13.1% vs prior quarter YoY: -4.4% (decel: -8.7%)",
      "severity": "WARNING"
    },
    {
      "quarter": "2023-06 (Q2)",
      "signal": "INCREMENTAL MARGIN (YoY)",
      "detail": "YoY Incr OPM: +35.3% vs year-ago OPM: +5.7%",
      "severity": "HIGH"
    },
    {
      "quarter": "2023-03 (Q1)",
      "signal": "YoY REVENUE GROWTH DECELERATION",
      "detail": "YoY growth: -4.4% vs prior quarter YoY: +4.0% (decel: -8.3%)",
      "severity": "WARNING"
    },
    {
      "quarter": "2022-12 (Q4)",
      "signal": "FCF TURNED POSITIVE",
      "detail": "FCF margin: -7.6% -> +3.4%",
      "severity": "HIGH"
    },
    {
      "quarter": "2022-12 (Q4)",
      "signal": "YoY REVENUE GROWTH DECELERATION",
      "detail": "YoY growth: +4.0% vs prior quarter YoY: +36.6% (decel: -32.7%)",
      "severity": "WARNING"
    },
    {
      "quarter": "2022-12 (Q4)",
      "signal": "INCREMENTAL MARGIN (YoY)",
      "detail": "YoY Incr OPM: +86.0% vs year-ago OPM: +0.4%",
      "severity": "HIGH"
    },
    {
      "quarter": "2022-09 (Q3)",
      "signal": "YoY REVENUE GROWTH DECELERATION",
      "detail": "YoY growth: +36.6% vs prior quarter YoY: +77.1% (decel: -40.5%)",
      "severity": "WARNING"
    },
    {
      "quarter": "2022-09 (Q3)",
      "signal": "OP MARGIN TURNED POSITIVE (YoY)",
      "detail": "Op margin: -6.7% (year-ago) -> +4.7%",
      "severity": "HIGH"
    },
    {
      "quarter": "2022-05 (Q2)",
      "signal": "FCF TURNED POSITIVE",
      "detail": "FCF margin: -1.9% -> +1.6%",
      "severity": "HIGH"
    },
    {
      "quarter": "2022-05 (Q2)",
      "signal": "GROSS MARGIN INFLECTION",
      "detail": "GM: +34.2% -> +32.7% -> +34.8% (reversal +2.0%)",
      "severity": "MEDIUM"
    },
    {
      "quarter": "2021-11 (Q4)",
      "signal": "FCF MARGIN EXPANSION",
      "detail": "FCF margin: -8.9% -> -3.3% (+5.6%)",
      "severity": "MEDIUM"
    },
    {
      "quarter": "2021-11 (Q4)",
      "signal": "OPERATING LEVERAGE",
      "detail": "Rev growth +30.0% vs OpEx growth +5.0% (leverage: 6.0x)",
      "severity": "MEDIUM"
    },
    {
      "quarter": "2021-11 (Q4)",
      "signal": "OP MARGIN TURNED POSITIVE (QoQ)",
      "detail": "Op margin: -6.7% -> +0.4%",
      "severity": "HIGH"
    }
  ],
  "data_quality": {
    "n_quarters": 20,
    "coverage": {
      "revenue": [
        20,
        20
      ],
      "gross_profit": [
        20,
        20
      ],
      "op_income": [
        20,
        20
      ],
      "fcf": [
        20,
        20
      ]
    },
    "gaps": [],
    "warnings": []
  },
  "market_cap": null,
  "source": "SEC EDGAR",
  "last_updated": "2026-02-02T21:52:44.041175"
}