{
  "ticker": "MLM",
  "name": "MARTIN MARIETTA MATERIALS, INC",
  "sector": "Basic Materials",
  "industry": "Building Materials",
  "quarters": [
    {
      "date": "2021-03-31T00:00:00",
      "quarter_label": "2021-03 (Q1)",
      "revenue": 982400000,
      "gross_profit": 174700000,
      "operating_income": 99300000,
      "net_income": 65300000,
      "opex": 75400000,
      "cogs": 807700000,
      "rd": null,
      "sga": 79800000,
      "fcf": 81600000,
      "ocf": 191900000,
      "capex": -110300000,
      "gross_margin": 0.1778298045602606,
      "op_margin": 0.10107899022801303,
      "fcf_margin": 0.08306188925081433
    },
    {
      "date": "2021-06-30T00:00:00",
      "quarter_label": "2021-06 (Q2)",
      "revenue": 1377900000,
      "gross_profit": 385100000,
      "operating_income": 307500000,
      "net_income": 225800000,
      "opex": 77600000,
      "cogs": 992800000,
      "rd": null,
      "sga": 82400000,
      "fcf": 146600000,
      "ocf": 249300000,
      "capex": -102700000,
      "gross_margin": 0.27948327164525727,
      "op_margin": 0.22316568691487046,
      "fcf_margin": 0.10639378764786994,
      "op_leverage_ratio": 13.797703212910868,
      "fcf_margin_change": 0.023331898397055614
    },
    {
      "date": "2021-09-30T00:00:00",
      "quarter_label": "2021-09 (Q3)",
      "revenue": 1557300000,
      "gross_profit": 441900000,
      "operating_income": 356900000,
      "net_income": 254600000,
      "opex": 85000000,
      "cogs": 1115400000,
      "rd": null,
      "sga": 86000000,
      "fcf": 230800000,
      "ocf": 339100000,
      "capex": -108300000,
      "gross_margin": 0.2837603544596417,
      "op_margin": 0.22917870673601748,
      "fcf_margin": 0.14820522699544084,
      "op_leverage_ratio": 1.3653209054907292,
      "fcf_margin_change": 0.041811439347570895
    },
    {
      "date": "2021-12-31T00:00:00",
      "quarter_label": "2021-12 (Q4)",
      "revenue": 1496400000,
      "gross_profit": 346700000,
      "operating_income": 210100000,
      "net_income": 156800000,
      "opex": 136600000,
      "cogs": 1149700000,
      "rd": null,
      "sga": 102800000,
      "fcf": 255600000,
      "ocf": 357400000,
      "capex": -101800000,
      "gross_margin": 0.23168938786420742,
      "op_margin": 0.14040363539160652,
      "fcf_margin": 0.17080994386527668,
      "fcf_margin_change": 0.02260471686983584
    },
    {
      "date": "2022-03-31T00:00:00",
      "quarter_label": "2022-03 (Q1)",
      "revenue": 1230800000,
      "gross_profit": 156100000,
      "operating_income": 59900000,
      "net_income": 21400000,
      "opex": 96200000,
      "cogs": 1074700000,
      "rd": null,
      "sga": 97100000,
      "fcf": 30100000,
      "ocf": 169900000,
      "capex": -139800000,
      "gross_margin": 0.12682807929801754,
      "op_margin": 0.048667533311667205,
      "fcf_margin": 0.024455638609034776,
      "incr_op_margin_yoy": -0.15861513687600645,
      "rev_growth_yoy": 0.2528501628664495,
      "fcf_margin_change": -0.1463543052562419
    },
    {
      "date": "2022-06-30T00:00:00",
      "quarter_label": "2022-06 (Q2)",
      "revenue": 1641700000,
      "gross_profit": 425200000,
      "operating_income": 478600000,
      "net_income": 366500000,
      "opex": -53400000,
      "cogs": 1216500000,
      "rd": null,
      "sga": 104100000,
      "fcf": 35400000,
      "ocf": 116300000,
      "capex": -80900000,
      "gross_margin": 0.25899981726259363,
      "op_margin": 0.2915270755923738,
      "fcf_margin": 0.02156301394895535,
      "incr_op_margin_yoy": 0.6485974222896134,
      "rev_growth_yoy": 0.19145075840046447,
      "rev_growth_yoy_accel": -0.06139940446598505,
      "op_leverage_ratio": null,
      "fcf_margin_change": -0.002892624660079425
    },
    {
      "date": "2022-09-30T00:00:00",
      "quarter_label": "2022-09 (Q3)",
      "revenue": 1811700000,
      "gross_profit": 487800000,
      "operating_income": 405900000,
      "net_income": 295300000,
      "opex": 81900000,
      "cogs": 1323900000,
      "rd": null,
      "sga": 94900000,
      "fcf": 186100000,
      "ocf": 274500000,
      "capex": -88400000,
      "gross_margin": 0.26924987580725285,
      "op_margin": 0.22404371584699453,
      "fcf_margin": 0.10272120108185682,
      "incr_op_margin_yoy": 0.19261006289308177,
      "rev_growth_yoy": 0.16335966095164708,
      "rev_growth_yoy_accel": -0.02809109744881738,
      "op_leverage_ratio": null,
      "fcf_margin_change": 0.08115818713290147
    },
    {
      "date": "2022-12-31T00:00:00",
      "quarter_label": "2022-12 (Q4)",
      "revenue": 1476500000,
      "gross_profit": 354200000,
      "operating_income": 262300000,
      "net_income": 183600000,
      "opex": 91900000,
      "cogs": 1122300000,
      "rd": null,
      "sga": 100700000,
      "fcf": 257400000,
      "ocf": 430300000,
      "capex": -172900000,
      "gross_margin": 0.23989163562478835,
      "op_margin": 0.17764984761259736,
      "fcf_margin": 0.1743311886217406,
      "incr_op_margin_yoy": -2.6231155778894473,
      "rev_growth_yoy": -0.013298583266506282,
      "rev_growth_yoy_accel": -0.17665824421815338,
      "fcf_margin_change": 0.07160998753988378
    },
    {
      "date": "2023-03-31T00:00:00",
      "quarter_label": "2023-03 (Q1)",
      "revenue": 1354100000,
      "gross_profit": 302800000,
      "operating_income": 196100000,
      "net_income": 121400000,
      "opex": 106700000,
      "cogs": 1051300000,
      "rd": null,
      "sga": 104300000,
      "fcf": -13000000,
      "ocf": 161000000,
      "capex": -174000000,
      "gross_margin": 0.22361716269108634,
      "op_margin": 0.1448194372646038,
      "fcf_margin": -0.00960047263865298,
      "incr_op_margin_yoy": 1.1046228710462287,
      "rev_growth_yoy": 0.10017874553136172,
      "rev_growth_yoy_accel": 0.113477328797868,
      "fcf_margin_change": -0.1839316612603936
    },
    {
      "date": "2023-06-30T00:00:00",
      "quarter_label": "2023-06 (Q2)",
      "revenue": 1820800000,
      "gross_profit": 560400000,
      "operating_income": 463300000,
      "net_income": 348300000,
      "opex": 97100000,
      "cogs": 1260400000,
      "rd": null,
      "sga": 111600000,
      "fcf": 239000000,
      "ocf": 358000000,
      "capex": -119000000,
      "gross_margin": 0.3077768014059754,
      "op_margin": 0.25444859402460457,
      "fcf_margin": 0.1312609841827768,
      "incr_op_margin_yoy": -0.08542713567839195,
      "rev_growth_yoy": 0.10909423158920631,
      "rev_growth_yoy_accel": 0.00891548605784459,
      "op_leverage_ratio": null,
      "fcf_margin_change": 0.14086145682142978
    },
    {
      "date": "2023-09-30T00:00:00",
      "quarter_label": "2023-09 (Q3)",
      "revenue": 1994100000,
      "gross_profit": 676000000,
      "operating_income": 566600000,
      "net_income": 416700000,
      "opex": 109400000,
      "cogs": 1318100000,
      "rd": null,
      "sga": 108100000,
      "fcf": 283000000,
      "ocf": 454000000,
      "capex": -171000000,
      "gross_margin": 0.33900005014793644,
      "op_margin": 0.2841382077127526,
      "fcf_margin": 0.14191866004713907,
      "incr_op_margin_yoy": 0.8810307017543859,
      "rev_growth_yoy": 0.1006789203510515,
      "rev_growth_yoy_accel": -0.00841531123815481,
      "op_leverage_ratio": 0.7513640926172004,
      "fcf_margin_change": 0.010657675864362282
    },
    {
      "date": "2023-12-31T00:00:00",
      "quarter_label": "2023-12 (Q4)",
      "revenue": 1608200000,
      "gross_profit": 483400000,
      "operating_income": 370100000,
      "net_income": 282500000,
      "opex": 113300000,
      "cogs": 1124800000,
      "rd": null,
      "sga": 118700000,
      "fcf": 369000000,
      "ocf": 555000000,
      "capex": -186000000,
      "gross_margin": 0.3005845044148738,
      "op_margin": 0.23013306802636488,
      "fcf_margin": 0.2294490734983211,
      "incr_op_margin_yoy": 0.8185269552012149,
      "rev_growth_yoy": 0.08919742634608872,
      "rev_growth_yoy_accel": -0.011481494004962775,
      "fcf_margin_change": 0.08753041345118204
    },
    {
      "date": "2024-03-31T00:00:00",
      "quarter_label": "2024-03 (Q1)",
      "revenue": 1251000000,
      "gross_profit": 272000000,
      "operating_income": 1421000000,
      "net_income": 1045000000,
      "opex": -1149000000,
      "cogs": 979000000,
      "rd": null,
      "sga": 118000000,
      "fcf": -28000000,
      "ocf": 172000000,
      "capex": -200000000,
      "gross_margin": 0.21742605915267785,
      "op_margin": 1.1358912869704236,
      "fcf_margin": -0.02238209432454037,
      "incr_op_margin_yoy": -11.880698351115422,
      "rev_growth_yoy": -0.07613913300347094,
      "rev_growth_yoy_accel": -0.16533655934955965,
      "fcf_margin_change": -0.25183116782286147
    },
    {
      "date": "2024-06-30T00:00:00",
      "quarter_label": "2024-06 (Q2)",
      "revenue": 1764000000,
      "gross_profit": 517000000,
      "operating_income": 398000000,
      "net_income": 294000000,
      "opex": 119000000,
      "cogs": 1247000000,
      "rd": null,
      "sga": 117000000,
      "fcf": -138000000,
      "ocf": 1000000,
      "capex": -139000000,
      "gross_margin": 0.29308390022675734,
      "op_margin": 0.2256235827664399,
      "fcf_margin": -0.0782312925170068,
      "incr_op_margin_yoy": 1.1496478873239437,
      "rev_growth_yoy": -0.031195079086115993,
      "rev_growth_yoy_accel": 0.044944053917354954,
      "op_leverage_ratio": null,
      "fcf_margin_change": -0.055849198192466434
    },
    {
      "date": "2024-09-30T00:00:00",
      "quarter_label": "2024-09 (Q3)",
      "revenue": 1889000000,
      "gross_profit": 599000000,
      "operating_income": 489000000,
      "net_income": 363000000,
      "opex": 110000000,
      "cogs": 1290000000,
      "rd": null,
      "sga": 105000000,
      "fcf": 317000000,
      "ocf": 600000000,
      "capex": -283000000,
      "gross_margin": 0.31709899417681314,
      "op_margin": 0.25886712546320806,
      "fcf_margin": 0.16781365802011647,
      "incr_op_margin_yoy": 0.7383444338725024,
      "rev_growth_yoy": -0.052705481169449876,
      "rev_growth_yoy_accel": -0.021510402083333883,
      "op_leverage_ratio": null,
      "fcf_margin_change": 0.24604495053712327
    },
    {
      "date": "2024-12-31T00:00:00",
      "quarter_label": "2024-12 (Q4)",
      "revenue": 1412000000,
      "gross_profit": 424000000,
      "operating_income": 399000000,
      "net_income": 294000000,
      "opex": 25000000,
      "cogs": 1141000000,
      "rd": null,
      "sga": 106000000,
      "fcf": 453000000,
      "ocf": 686000000,
      "capex": -233000000,
      "gross_margin": 0.3002832861189802,
      "op_margin": 0.28257790368271957,
      "fcf_margin": 0.32082152974504247,
      "incr_op_margin_yoy": -0.1472986748216106,
      "rev_growth_yoy": -0.12199975127471707,
      "rev_growth_yoy_accel": -0.0692942701052672,
      "fcf_margin_change": 0.153007871724926
    },
    {
      "date": "2025-03-31T00:00:00",
      "quarter_label": "2025-03 (Q1)",
      "revenue": 1353000000,
      "gross_profit": 335000000,
      "operating_income": 194000000,
      "net_income": 116000000,
      "opex": 141000000,
      "cogs": 1018000000,
      "rd": null,
      "sga": 130000000,
      "fcf": -15000000,
      "ocf": 218000000,
      "capex": -233000000,
      "gross_margin": 0.24759793052475979,
      "op_margin": 0.1433850702143385,
      "fcf_margin": -0.011086474501108648,
      "incr_op_margin_yoy": -12.029411764705882,
      "rev_growth_yoy": 0.0815347721822542,
      "rev_growth_yoy_accel": 0.20353452345697126,
      "fcf_margin_change": -0.33190800424615113
    },
    {
      "date": "2025-06-30T00:00:00",
      "quarter_label": "2025-06 (Q2)",
      "revenue": 1811000000,
      "gross_profit": 544000000,
      "operating_income": 458000000,
      "net_income": 328000000,
      "opex": 86000000,
      "cogs": 1267000000,
      "rd": null,
      "sga": 109000000,
      "fcf": 208000000,
      "ocf": 387000000,
      "capex": -179000000,
      "gross_margin": 0.3003865267807841,
      "op_margin": 0.2528989508558807,
      "fcf_margin": 0.11485367200441744,
      "incr_op_margin_yoy": 1.2765957446808511,
      "rev_growth_yoy": 0.026643990929705215,
      "rev_growth_yoy_accel": -0.05489078125254899,
      "op_leverage_ratio": null,
      "fcf_margin_change": 0.1259401465055261
    },
    {
      "date": "2025-09-30T00:00:00",
      "quarter_label": "2025-09 (Q3)",
      "revenue": 1846000000,
      "gross_profit": 611000000,
      "operating_income": 505000000,
      "net_income": 414000000,
      "opex": 106000000,
      "cogs": 1235000000,
      "rd": null,
      "sga": 110000000,
      "fcf": 361000000,
      "ocf": 551000000,
      "capex": -190000000,
      "gross_margin": 0.33098591549295775,
      "op_margin": 0.2735644637053088,
      "fcf_margin": 0.19555796316359697,
      "incr_op_margin_yoy": -0.37209302325581395,
      "rev_growth_yoy": -0.022763366860772894,
      "rev_growth_yoy_accel": -0.04940735779047811,
      "op_leverage_ratio": 0.0831032578685809,
      "fcf_margin_change": 0.08070429115917953
    },
    {
      "date": "2025-12-31T00:00:00",
      "quarter_label": "2025-12 (Q4)",
      "revenue": 1534000000,
      "gross_profit": 468000000,
      "operating_income": 341000000,
      "net_income": 279000000,
      "opex": 127000000,
      "cogs": 1066000000,
      "rd": null,
      "sga": 103000000,
      "fcf": 424000000,
      "ocf": 629000000,
      "capex": -205000000,
      "gross_margin": 0.3050847457627119,
      "op_margin": 0.22229465449804434,
      "fcf_margin": 0.27640156453715775,
      "incr_op_margin_yoy": -0.47540983606557374,
      "rev_growth_yoy": 0.08640226628895184,
      "rev_growth_yoy_accel": 0.10916563314972473,
      "fcf_margin_change": 0.08084360137356078
    }
  ],
  "signals": [
    {
      "quarter": "2025-12 (Q4)",
      "signal": "FCF MARGIN EXPANSION",
      "detail": "FCF margin: +19.6% -> +27.6% (+8.1%)",
      "severity": "MEDIUM"
    },
    {
      "quarter": "2025-12 (Q4)",
      "signal": "YoY REVENUE GROWTH ACCELERATION",
      "detail": "YoY growth: +8.6% vs prior quarter YoY: -2.3% (accel: +10.9%)",
      "severity": "MEDIUM"
    },
    {
      "quarter": "2025-09 (Q3)",
      "signal": "FCF MARGIN EXPANSION",
      "detail": "FCF margin: +11.5% -> +19.6% (+8.1%)",
      "severity": "MEDIUM"
    },
    {
      "quarter": "2025-06 (Q2)",
      "signal": "FCF TURNED POSITIVE",
      "detail": "FCF margin: -1.1% -> +11.5%",
      "severity": "HIGH"
    },
    {
      "quarter": "2025-06 (Q2)",
      "signal": "GROSS MARGIN INFLECTION",
      "detail": "GM: +30.0% -> +24.8% -> +30.0% (reversal +5.3%)",
      "severity": "HIGH"
    },
    {
      "quarter": "2025-06 (Q2)",
      "signal": "YoY REVENUE GROWTH DECELERATION",
      "detail": "YoY growth: +2.7% vs prior quarter YoY: +8.2% (decel: -5.5%)",
      "severity": "WARNING"
    },
    {
      "quarter": "2025-06 (Q2)",
      "signal": "INCREMENTAL MARGIN (YoY)",
      "detail": "YoY Incr OPM: +127.7% vs year-ago OPM: +22.6%",
      "severity": "HIGH"
    },
    {
      "quarter": "2025-03 (Q1)",
      "signal": "YoY REVENUE GROWTH ACCELERATION",
      "detail": "YoY growth: +8.2% vs prior quarter YoY: -12.2% (accel: +20.4%)",
      "severity": "HIGH"
    },
    {
      "quarter": "2024-12 (Q4)",
      "signal": "FCF MARGIN EXPANSION",
      "detail": "FCF margin: +16.8% -> +32.1% (+15.3%)",
      "severity": "MEDIUM"
    },
    {
      "quarter": "2024-12 (Q4)",
      "signal": "YoY REVENUE GROWTH DECELERATION",
      "detail": "YoY growth: -12.2% vs prior quarter YoY: -5.3% (decel: -6.9%)",
      "severity": "WARNING"
    },
    {
      "quarter": "2024-09 (Q3)",
      "signal": "FCF TURNED POSITIVE",
      "detail": "FCF margin: -7.8% -> +16.8%",
      "severity": "HIGH"
    },
    {
      "quarter": "2024-09 (Q3)",
      "signal": "INCREMENTAL MARGIN (YoY)",
      "detail": "YoY Incr OPM: +73.8% vs year-ago OPM: +28.4%",
      "severity": "HIGH"
    },
    {
      "quarter": "2024-06 (Q2)",
      "signal": "GROSS MARGIN INFLECTION",
      "detail": "GM: +30.1% -> +21.7% -> +29.3% (reversal +7.6%)",
      "severity": "HIGH"
    },
    {
      "quarter": "2024-06 (Q2)",
      "signal": "INCREMENTAL MARGIN (YoY)",
      "detail": "YoY Incr OPM: +115.0% vs year-ago OPM: +25.4%",
      "severity": "HIGH"
    },
    {
      "quarter": "2024-03 (Q1)",
      "signal": "YoY REVENUE GROWTH DECELERATION",
      "detail": "YoY growth: -7.6% vs prior quarter YoY: +8.9% (decel: -16.5%)",
      "severity": "WARNING"
    },
    {
      "quarter": "2023-12 (Q4)",
      "signal": "FCF MARGIN EXPANSION",
      "detail": "FCF margin: +14.2% -> +22.9% (+8.8%)",
      "severity": "MEDIUM"
    },
    {
      "quarter": "2023-12 (Q4)",
      "signal": "INCREMENTAL MARGIN (YoY)",
      "detail": "YoY Incr OPM: +81.9% vs year-ago OPM: +17.8%",
      "severity": "HIGH"
    },
    {
      "quarter": "2023-09 (Q3)",
      "signal": "INCREMENTAL MARGIN (YoY)",
      "detail": "YoY Incr OPM: +88.1% vs year-ago OPM: +22.4%",
      "severity": "HIGH"
    },
    {
      "quarter": "2023-06 (Q2)",
      "signal": "FCF TURNED POSITIVE",
      "detail": "FCF margin: -1.0% -> +13.1%",
      "severity": "HIGH"
    },
    {
      "quarter": "2023-06 (Q2)",
      "signal": "GROSS MARGIN INFLECTION",
      "detail": "GM: +24.0% -> +22.4% -> +30.8% (reversal +8.4%)",
      "severity": "HIGH"
    },
    {
      "quarter": "2023-03 (Q1)",
      "signal": "YoY REVENUE GROWTH ACCELERATION",
      "detail": "YoY growth: +10.0% vs prior quarter YoY: -1.3% (accel: +11.3%)",
      "severity": "MEDIUM"
    },
    {
      "quarter": "2023-03 (Q1)",
      "signal": "INCREMENTAL MARGIN (YoY)",
      "detail": "YoY Incr OPM: +110.5% vs year-ago OPM: +4.9%",
      "severity": "HIGH"
    },
    {
      "quarter": "2022-12 (Q4)",
      "signal": "FCF MARGIN EXPANSION",
      "detail": "FCF margin: +10.3% -> +17.4% (+7.2%)",
      "severity": "MEDIUM"
    },
    {
      "quarter": "2022-12 (Q4)",
      "signal": "YoY REVENUE GROWTH DECELERATION",
      "detail": "YoY growth: -1.3% vs prior quarter YoY: +16.3% (decel: -17.7%)",
      "severity": "WARNING"
    },
    {
      "quarter": "2022-09 (Q3)",
      "signal": "FCF MARGIN EXPANSION",
      "detail": "FCF margin: +2.2% -> +10.3% (+8.1%)",
      "severity": "MEDIUM"
    },
    {
      "quarter": "2022-06 (Q2)",
      "signal": "GROSS MARGIN INFLECTION",
      "detail": "GM: +23.2% -> +12.7% -> +25.9% (reversal +13.2%)",
      "severity": "HIGH"
    },
    {
      "quarter": "2022-06 (Q2)",
      "signal": "YoY REVENUE GROWTH DECELERATION",
      "detail": "YoY growth: +19.1% vs prior quarter YoY: +25.3% (decel: -6.1%)",
      "severity": "WARNING"
    },
    {
      "quarter": "2022-06 (Q2)",
      "signal": "INCREMENTAL MARGIN (YoY)",
      "detail": "YoY Incr OPM: +64.9% vs year-ago OPM: +22.3%",
      "severity": "HIGH"
    },
    {
      "quarter": "2021-06 (Q2)",
      "signal": "OPERATING LEVERAGE",
      "detail": "Rev growth +40.3% vs OpEx growth +2.9% (leverage: 13.8x)",
      "severity": "MEDIUM"
    }
  ],
  "data_quality": {
    "n_quarters": 20,
    "coverage": {
      "revenue": [
        20,
        20
      ],
      "gross_profit": [
        20,
        20
      ],
      "op_income": [
        20,
        20
      ],
      "fcf": [
        20,
        20
      ]
    },
    "gaps": [],
    "warnings": []
  },
  "market_cap": null,
  "source": "SEC EDGAR",
  "last_updated": "2026-02-24T10:19:14.687515"
}