{
  "ticker": "MMLP",
  "name": "MARTIN MIDSTREAM PARTNERS L.P.",
  "quarters": [
    {
      "date": "2020-12-31T00:00:00",
      "quarter_label": "2020-12 (Q4)",
      "revenue": 180088000,
      "gross_profit": 72607000,
      "operating_income": 11928000,
      "net_income": -2564000,
      "opex": 178484000,
      "cogs": 107481000,
      "rd": null,
      "sga": 10241000,
      "fcf": 40718000,
      "ocf": 45635000,
      "capex": -4917000,
      "gross_margin": 0.40317511438852116,
      "op_margin": 0.06623428546044156,
      "fcf_margin": 0.226100573053174
    },
    {
      "date": "2021-03-31T00:00:00",
      "quarter_label": "2021-03 (Q1)",
      "revenue": 200974000,
      "gross_profit": 86123000,
      "operating_income": 15686000,
      "net_income": 2511000,
      "opex": 184528000,
      "cogs": 114851000,
      "rd": null,
      "sga": 10609000,
      "fcf": 1340000,
      "ocf": 3854000,
      "capex": -2514000,
      "gross_margin": 0.42852806830734325,
      "op_margin": 0.0780498970016022,
      "fcf_margin": 0.006667529133121697,
      "op_leverage_ratio": 3.4248797947769987,
      "fcf_margin_change": -0.2194330439200523
    },
    {
      "date": "2021-06-30T00:00:00",
      "quarter_label": "2021-06 (Q2)",
      "revenue": 184293000,
      "gross_profit": 78300000,
      "operating_income": 7633000,
      "net_income": -6612000,
      "opex": 176749000,
      "cogs": 105993000,
      "rd": null,
      "sga": 8960000,
      "fcf": -3455000,
      "ocf": 2231000,
      "capex": -5686000,
      "gross_margin": 0.42486692386580066,
      "op_margin": 0.0414177423993315,
      "fcf_margin": -0.018747320842354295,
      "fcf_margin_change": -0.02541484997547599
    },
    {
      "date": "2021-09-30T00:00:00",
      "quarter_label": "2021-09 (Q3)",
      "revenue": 211258000,
      "gross_profit": 81688000,
      "operating_income": 8153000,
      "net_income": -6911000,
      "opex": 203352000,
      "cogs": 129570000,
      "rd": null,
      "sga": 9739000,
      "fcf": -21740000,
      "ocf": -18491000,
      "capex": -3249000,
      "gross_margin": 0.38667411411638847,
      "op_margin": 0.03859262134451713,
      "fcf_margin": -0.10290734552064301,
      "op_leverage_ratio": 0.9721156521128103,
      "fcf_margin_change": -0.08416002467828872
    },
    {
      "date": "2021-12-31T00:00:00",
      "quarter_label": "2021-12 (Q4)",
      "revenue": 285906000,
      "gross_profit": 103222000,
      "operating_income": 25808000,
      "net_income": 10801000,
      "opex": 260184000,
      "cogs": 182684000,
      "rd": null,
      "sga": 11704000,
      "fcf": 43525000,
      "ocf": 48135000,
      "capex": -4610000,
      "gross_margin": 0.3610347456856449,
      "op_margin": 0.0902674305540982,
      "fcf_margin": 0.15223535008009625,
      "incr_op_margin_yoy": 0.13116861025534407,
      "rev_growth_yoy": 0.5875905113055839,
      "op_leverage_ratio": 1.2643302265476337,
      "fcf_margin_change": 0.25514269560073927
    },
    {
      "date": "2022-03-31T00:00:00",
      "quarter_label": "2022-03 (Q1)",
      "revenue": 279201000,
      "gross_profit": 107619000,
      "operating_income": 25449000,
      "net_income": 11478000,
      "opex": 253766000,
      "cogs": 171582000,
      "rd": null,
      "sga": 11203000,
      "fcf": 18159000,
      "ocf": 28375000,
      "capex": -10216000,
      "gross_margin": 0.38545349049609423,
      "op_margin": 0.09114938700076289,
      "fcf_margin": 0.0650391653325024,
      "incr_op_margin_yoy": 0.12480345660705383,
      "rev_growth_yoy": 0.3892394041020231,
      "rev_growth_yoy_accel": -0.1983511072035608,
      "fcf_margin_change": -0.08719618474759386
    },
    {
      "date": "2022-06-30T00:00:00",
      "quarter_label": "2022-06 (Q2)",
      "revenue": 266996000,
      "gross_profit": 110070000,
      "operating_income": 21490000,
      "net_income": 6606000,
      "opex": 245752000,
      "cogs": 156926000,
      "rd": null,
      "sga": 9944000,
      "fcf": -4342000,
      "ocf": 76000,
      "capex": -4418000,
      "gross_margin": 0.41225336709164184,
      "op_margin": 0.08048809719995806,
      "fcf_margin": -0.016262415916343316,
      "incr_op_margin_yoy": 0.16755135847550875,
      "rev_growth_yoy": 0.4487582273879095,
      "rev_growth_yoy_accel": 0.05951882328588637,
      "fcf_margin_change": -0.0813015812488457
    },
    {
      "date": "2022-09-30T00:00:00",
      "quarter_label": "2022-09 (Q3)",
      "revenue": 229305000,
      "gross_profit": 77118000,
      "operating_income": -12244000,
      "net_income": -28043000,
      "opex": 242339000,
      "cogs": 152187000,
      "rd": null,
      "sga": 10273000,
      "fcf": -51592000,
      "ocf": -45207000,
      "capex": -6385000,
      "gross_margin": 0.3363118989991496,
      "op_margin": -0.05339613178953795,
      "fcf_margin": -0.22499291336865745,
      "incr_op_margin_yoy": -1.1302155482905747,
      "rev_growth_yoy": 0.08542635071807932,
      "rev_growth_yoy_accel": -0.3633318766698302,
      "fcf_margin_change": -0.20873049745231415
    },
    {
      "date": "2022-12-31T00:00:00",
      "quarter_label": "2022-12 (Q4)",
      "revenue": 243376000,
      "gross_profit": 100765000,
      "operating_income": 16568000,
      "net_income": -375000,
      "opex": 231427000,
      "cogs": 142611000,
      "rd": null,
      "sga": 10392000,
      "fcf": 26686000,
      "ocf": 32904000,
      "capex": -6218000,
      "gross_margin": 0.41403014265991717,
      "op_margin": 0.06807573466570245,
      "fcf_margin": 0.10964926697784498,
      "incr_op_margin_yoy": 0.217258405831178,
      "rev_growth_yoy": -0.14875518527068338,
      "rev_growth_yoy_accel": -0.23418153598876268,
      "op_leverage_ratio": Infinity,
      "fcf_margin_change": 0.33464218034650245
    },
    {
      "date": "2023-03-31T00:00:00",
      "quarter_label": "2023-03 (Q1)",
      "revenue": 244529000,
      "gross_profit": 104711000,
      "operating_income": 17505000,
      "net_income": -5086000,
      "opex": 226636000,
      "cogs": 139818000,
      "rd": null,
      "sga": 11172000,
      "fcf": 41737000,
      "ocf": 49264000,
      "capex": -7527000,
      "gross_margin": 0.42821505833663903,
      "op_margin": 0.07158660118022811,
      "fcf_margin": 0.17068323184571155,
      "incr_op_margin_yoy": 0.2291185971389017,
      "rev_growth_yoy": -0.12418293630753471,
      "rev_growth_yoy_accel": 0.024572248963148663,
      "fcf_margin_change": 0.061033964867866566
    },
    {
      "date": "2023-06-30T00:00:00",
      "quarter_label": "2023-06 (Q2)",
      "revenue": 195636000,
      "gross_profit": 98387000,
      "operating_income": 17329000,
      "net_income": 1081000,
      "opex": 178980000,
      "cogs": 97249000,
      "rd": null,
      "sga": 8447000,
      "fcf": 40013000,
      "ocf": 49510000,
      "capex": -9497000,
      "gross_margin": 0.502908462655135,
      "op_margin": 0.08857776687317263,
      "fcf_margin": 0.2045277965200679,
      "incr_op_margin_yoy": 0.058309977578475336,
      "rev_growth_yoy": -0.2672699216467662,
      "rev_growth_yoy_accel": -0.1430869853392315,
      "fcf_margin_change": 0.03384456467435634
    },
    {
      "date": "2023-09-30T00:00:00",
      "quarter_label": "2023-09 (Q3)",
      "revenue": 176697000,
      "gross_profit": 100915000,
      "operating_income": 14704000,
      "net_income": -1061000,
      "opex": 162804000,
      "cogs": 75782000,
      "rd": null,
      "sga": 10424000,
      "fcf": -979000,
      "ocf": 7291000,
      "capex": -8270000,
      "gross_margin": 0.571118921090907,
      "op_margin": 0.08321590066611205,
      "fcf_margin": -0.005540558130585126,
      "incr_op_margin_yoy": -0.5122414841849149,
      "rev_growth_yoy": -0.22942369333420554,
      "rev_growth_yoy_accel": 0.03784622831256068,
      "fcf_margin_change": -0.21006835465065302
    },
    {
      "date": "2023-12-31T00:00:00",
      "quarter_label": "2023-12 (Q4)",
      "revenue": 181101000,
      "gross_profit": 104270000,
      "operating_income": 17186000,
      "net_income": 517000,
      "opex": 164192000,
      "cogs": 76831000,
      "rd": null,
      "sga": 10783000,
      "fcf": 22380000,
      "ocf": 31403000,
      "capex": -9023000,
      "gross_margin": 0.5757560698173947,
      "op_margin": 0.0948973224885561,
      "fcf_margin": 0.12357745125648119,
      "incr_op_margin_yoy": -0.009923725411481333,
      "rev_growth_yoy": -0.25587979094076657,
      "rev_growth_yoy_accel": -0.026456097606561035,
      "op_leverage_ratio": 2.923436999781729,
      "fcf_margin_change": 0.1291180093870663
    },
    {
      "date": "2024-03-31T00:00:00",
      "quarter_label": "2024-03 (Q1)",
      "revenue": 180830000,
      "gross_profit": 103183000,
      "operating_income": 17895000,
      "net_income": 3273000,
      "opex": 163143000,
      "cogs": 77647000,
      "rd": null,
      "sga": 8913000,
      "fcf": -1561000,
      "ocf": 10109000,
      "capex": -11670000,
      "gross_margin": 0.5706077531383067,
      "op_margin": 0.09896034949952995,
      "fcf_margin": -0.008632417187413593,
      "incr_op_margin_yoy": -0.006122545094899449,
      "rev_growth_yoy": -0.2604967100016767,
      "rev_growth_yoy_accel": -0.004616919060910107,
      "fcf_margin_change": -0.1322098684438948
    },
    {
      "date": "2024-06-30T00:00:00",
      "quarter_label": "2024-06 (Q2)",
      "revenue": 184531000,
      "gross_profit": 107720000,
      "operating_income": 19927000,
      "net_income": 3780000,
      "opex": 165557000,
      "cogs": 76811000,
      "rd": null,
      "sga": 10701000,
      "fcf": -696000,
      "ocf": 11828000,
      "capex": -12524000,
      "gross_margin": 0.5837501558003805,
      "op_margin": 0.10798727585067008,
      "fcf_margin": -0.0037717239921747567,
      "incr_op_margin_yoy": -0.2339486717694732,
      "rev_growth_yoy": -0.05676358134494674,
      "rev_growth_yoy_accel": 0.20373312865672993,
      "op_leverage_ratio": 1.3831834414825022,
      "fcf_margin_change": 0.0048606931952388365
    },
    {
      "date": "2024-09-30T00:00:00",
      "quarter_label": "2024-09 (Q3)",
      "revenue": 170934000,
      "gross_profit": 99957000,
      "operating_income": 12651000,
      "net_income": -3319000,
      "opex": 158442000,
      "cogs": 70977000,
      "rd": null,
      "sga": 12494000,
      "fcf": -25617000,
      "ocf": -15753000,
      "capex": -9864000,
      "gross_margin": 0.5847695601811226,
      "op_margin": 0.0740110217978869,
      "fcf_margin": -0.1498648601214504,
      "incr_op_margin_yoy": 0.3562380704494187,
      "rev_growth_yoy": -0.032615154756447474,
      "rev_growth_yoy_accel": 0.024148426588499264,
      "fcf_margin_change": -0.14609313612927563
    },
    {
      "date": "2024-12-31T00:00:00",
      "quarter_label": "2024-12 (Q4)",
      "revenue": 171327000,
      "gross_profit": 99726000,
      "operating_income": 6822000,
      "net_income": -8941000,
      "opex": 164769000,
      "cogs": 71601000,
      "rd": null,
      "sga": 16394000,
      "fcf": 34217000,
      "ocf": 42167000,
      "capex": -7950000,
      "gross_margin": 0.5820798823302807,
      "op_margin": 0.039818592516065766,
      "fcf_margin": 0.19971749928499302,
      "incr_op_margin_yoy": 1.06036423163495,
      "rev_growth_yoy": -0.05396988420825948,
      "rev_growth_yoy_accel": -0.021354729451812007,
      "fcf_margin_change": 0.34958235940644344
    },
    {
      "date": "2025-03-31T00:00:00",
      "quarter_label": "2025-03 (Q1)",
      "revenue": 192543000,
      "gross_profit": 102967000,
      "operating_income": 14402000,
      "net_income": -1033000,
      "opex": 178620000,
      "cogs": 89576000,
      "rd": null,
      "sga": 11774000,
      "fcf": -11894000,
      "ocf": -6019000,
      "capex": -5875000,
      "gross_margin": 0.5347740504718427,
      "op_margin": 0.0747988760952099,
      "fcf_margin": -0.06177321429498865,
      "incr_op_margin_yoy": -0.29821565781610176,
      "rev_growth_yoy": 0.06477354421279655,
      "rev_growth_yoy_accel": 0.11874342842105604,
      "op_leverage_ratio": 1.4730994694386745,
      "fcf_margin_change": -0.26149071357998166
    },
    {
      "date": "2025-06-30T00:00:00",
      "quarter_label": "2025-06 (Q2)",
      "revenue": 180676000,
      "gross_profit": 102172000,
      "operating_income": 14883000,
      "net_income": -2407000,
      "opex": 166406000,
      "cogs": 78504000,
      "rd": null,
      "sga": 10882000,
      "fcf": 25568000,
      "ocf": 30915000,
      "capex": -5347000,
      "gross_margin": 0.5654984613341009,
      "op_margin": 0.08237397330027231,
      "fcf_margin": 0.14151298456906286,
      "incr_op_margin_yoy": 1.3084306095979248,
      "rev_growth_yoy": -0.02089079883596794,
      "rev_growth_yoy_accel": -0.08566434304876448,
      "fcf_margin_change": 0.20328619886405153
    },
    {
      "date": "2025-09-30T00:00:00",
      "quarter_label": "2025-09 (Q3)",
      "revenue": 168717000,
      "gross_profit": 92974000,
      "operating_income": 6894000,
      "net_income": -8412000,
      "opex": 162218000,
      "cogs": 75743000,
      "rd": null,
      "sga": 9257000,
      "fcf": -7896000,
      "ocf": -1213000,
      "capex": -6683000,
      "gross_margin": 0.5510648008203085,
      "op_margin": 0.04086132399224737,
      "fcf_margin": -0.04680026316257401,
      "incr_op_margin_yoy": 2.5967523680649527,
      "rev_growth_yoy": -0.012969918214047527,
      "rev_growth_yoy_accel": 0.007920880621920413,
      "fcf_margin_change": -0.18831324773163688
    }
  ],
  "signals": [
    {
      "quarter": "2025-09 (Q3)",
      "signal": "INCREMENTAL MARGIN (YoY)",
      "detail": "YoY Incr OPM: +259.7% vs year-ago OPM: +7.4%",
      "severity": "HIGH"
    },
    {
      "quarter": "2025-06 (Q2)",
      "signal": "FCF TURNED POSITIVE",
      "detail": "FCF margin: -6.2% -> +14.2%",
      "severity": "HIGH"
    },
    {
      "quarter": "2025-06 (Q2)",
      "signal": "GROSS MARGIN INFLECTION",
      "detail": "GM: +58.2% -> +53.5% -> +56.5% (reversal +3.1%)",
      "severity": "MEDIUM"
    },
    {
      "quarter": "2025-06 (Q2)",
      "signal": "YoY REVENUE GROWTH DECELERATION",
      "detail": "YoY growth: -2.1% vs prior quarter YoY: +6.5% (decel: -8.6%)",
      "severity": "WARNING"
    },
    {
      "quarter": "2025-06 (Q2)",
      "signal": "INCREMENTAL MARGIN (YoY)",
      "detail": "YoY Incr OPM: +130.8% vs year-ago OPM: +10.8%",
      "severity": "HIGH"
    },
    {
      "quarter": "2025-03 (Q1)",
      "signal": "YoY REVENUE GROWTH ACCELERATION",
      "detail": "YoY growth: +6.5% vs prior quarter YoY: -5.4% (accel: +11.9%)",
      "severity": "MEDIUM"
    },
    {
      "quarter": "2024-12 (Q4)",
      "signal": "FCF TURNED POSITIVE",
      "detail": "FCF margin: -15.0% -> +20.0%",
      "severity": "HIGH"
    },
    {
      "quarter": "2024-12 (Q4)",
      "signal": "INCREMENTAL MARGIN (YoY)",
      "detail": "YoY Incr OPM: +106.0% vs year-ago OPM: +9.5%",
      "severity": "HIGH"
    },
    {
      "quarter": "2024-09 (Q3)",
      "signal": "INCREMENTAL MARGIN (YoY)",
      "detail": "YoY Incr OPM: +35.6% vs year-ago OPM: +8.3%",
      "severity": "HIGH"
    },
    {
      "quarter": "2024-06 (Q2)",
      "signal": "YoY REVENUE GROWTH ACCELERATION",
      "detail": "YoY growth: -5.7% vs prior quarter YoY: -26.0% (accel: +20.4%)",
      "severity": "HIGH"
    },
    {
      "quarter": "2023-12 (Q4)",
      "signal": "FCF TURNED POSITIVE",
      "detail": "FCF margin: -0.6% -> +12.4%",
      "severity": "HIGH"
    },
    {
      "quarter": "2023-12 (Q4)",
      "signal": "OPERATING LEVERAGE",
      "detail": "Rev growth +2.5% vs OpEx growth +0.9% (leverage: 2.9x)",
      "severity": "MEDIUM"
    },
    {
      "quarter": "2023-09 (Q3)",
      "signal": "OP MARGIN TURNED POSITIVE (YoY)",
      "detail": "Op margin: -5.3% (year-ago) -> +8.3%",
      "severity": "HIGH"
    },
    {
      "quarter": "2023-06 (Q2)",
      "signal": "YoY REVENUE GROWTH DECELERATION",
      "detail": "YoY growth: -26.7% vs prior quarter YoY: -12.4% (decel: -14.3%)",
      "severity": "WARNING"
    },
    {
      "quarter": "2023-03 (Q1)",
      "signal": "FCF MARGIN EXPANSION",
      "detail": "FCF margin: +11.0% -> +17.1% (+6.1%)",
      "severity": "MEDIUM"
    },
    {
      "quarter": "2023-03 (Q1)",
      "signal": "INCREMENTAL MARGIN (YoY)",
      "detail": "YoY Incr OPM: +22.9% vs year-ago OPM: +9.1%",
      "severity": "MEDIUM"
    },
    {
      "quarter": "2022-12 (Q4)",
      "signal": "FCF TURNED POSITIVE",
      "detail": "FCF margin: -22.5% -> +11.0%",
      "severity": "HIGH"
    },
    {
      "quarter": "2022-12 (Q4)",
      "signal": "GROSS MARGIN INFLECTION",
      "detail": "GM: +41.2% -> +33.6% -> +41.4% (reversal +7.8%)",
      "severity": "HIGH"
    },
    {
      "quarter": "2022-12 (Q4)",
      "signal": "YoY REVENUE GROWTH DECELERATION",
      "detail": "YoY growth: -14.9% vs prior quarter YoY: +8.5% (decel: -23.4%)",
      "severity": "WARNING"
    },
    {
      "quarter": "2022-12 (Q4)",
      "signal": "INCREMENTAL MARGIN (YoY)",
      "detail": "YoY Incr OPM: +21.7% vs year-ago OPM: +9.0%",
      "severity": "MEDIUM"
    },
    {
      "quarter": "2022-12 (Q4)",
      "signal": "OP MARGIN TURNED POSITIVE (QoQ)",
      "detail": "Op margin: -5.3% -> +6.8%",
      "severity": "HIGH"
    },
    {
      "quarter": "2022-09 (Q3)",
      "signal": "YoY REVENUE GROWTH DECELERATION",
      "detail": "YoY growth: +8.5% vs prior quarter YoY: +44.9% (decel: -36.3%)",
      "severity": "WARNING"
    },
    {
      "quarter": "2022-06 (Q2)",
      "signal": "YoY REVENUE GROWTH ACCELERATION",
      "detail": "YoY growth: +44.9% vs prior quarter YoY: +38.9% (accel: +6.0%)",
      "severity": "MEDIUM"
    },
    {
      "quarter": "2022-06 (Q2)",
      "signal": "INCREMENTAL MARGIN (YoY)",
      "detail": "YoY Incr OPM: +16.8% vs year-ago OPM: +4.1%",
      "severity": "MEDIUM"
    },
    {
      "quarter": "2022-03 (Q1)",
      "signal": "GROSS MARGIN INFLECTION",
      "detail": "GM: +38.7% -> +36.1% -> +38.5% (reversal +2.4%)",
      "severity": "MEDIUM"
    },
    {
      "quarter": "2022-03 (Q1)",
      "signal": "YoY REVENUE GROWTH DECELERATION",
      "detail": "YoY growth: +38.9% vs prior quarter YoY: +58.8% (decel: -19.8%)",
      "severity": "WARNING"
    },
    {
      "quarter": "2021-12 (Q4)",
      "signal": "FCF TURNED POSITIVE",
      "detail": "FCF margin: -10.3% -> +15.2%",
      "severity": "HIGH"
    },
    {
      "quarter": "2021-03 (Q1)",
      "signal": "OPERATING LEVERAGE",
      "detail": "Rev growth +11.6% vs OpEx growth +3.4% (leverage: 3.4x)",
      "severity": "MEDIUM"
    }
  ],
  "data_quality": {
    "n_quarters": 20,
    "coverage": {
      "revenue": [
        20,
        20
      ],
      "gross_profit": [
        20,
        20
      ],
      "op_income": [
        20,
        20
      ],
      "fcf": [
        20,
        20
      ]
    },
    "gaps": [],
    "warnings": []
  },
  "market_cap": null,
  "source": "SEC EDGAR",
  "last_updated": "2026-02-02T23:19:03.993666"
}