{
  "ticker": "MMM",
  "name": "3M COMPANY",
  "quarters": [
    {
      "date": "2020-12-31T00:00:00",
      "quarter_label": "2020-12 (Q4)",
      "revenue": 8583000000,
      "gross_profit": 4195000000,
      "operating_income": 1849000000,
      "net_income": 1389000000,
      "opex": 6734000000,
      "cogs": 4388000000,
      "rd": null,
      "sga": 1890000000,
      "fcf": 2093000000,
      "ocf": 2515000000,
      "capex": -422000000,
      "gross_margin": 0.48875684492601656,
      "op_margin": 0.2154258417802633,
      "fcf_margin": 0.24385413025748573
    },
    {
      "date": "2021-03-31T00:00:00",
      "quarter_label": "2021-03 (Q1)",
      "revenue": 8851000000,
      "gross_profit": 4326000000,
      "operating_income": 1994000000,
      "net_income": 1624000000,
      "opex": 6857000000,
      "cogs": 4525000000,
      "rd": null,
      "sga": 1808000000,
      "fcf": 1378000000,
      "ocf": 1688000000,
      "capex": -310000000,
      "gross_margin": 0.48875833239182015,
      "op_margin": 0.22528527849960456,
      "fcf_margin": 0.15568862275449102,
      "op_leverage_ratio": 1.709478653682028,
      "fcf_margin_change": -0.0881655075029947
    },
    {
      "date": "2021-06-30T00:00:00",
      "quarter_label": "2021-06 (Q2)",
      "revenue": 8950000000,
      "gross_profit": 4231000000,
      "operating_income": 1971000000,
      "net_income": 1524000000,
      "opex": 6979000000,
      "cogs": 4719000000,
      "rd": null,
      "sga": 1746000000,
      "fcf": 1493000000,
      "ocf": 1887000000,
      "capex": -394000000,
      "gross_margin": 0.4727374301675978,
      "op_margin": 0.22022346368715084,
      "fcf_margin": 0.16681564245810057,
      "op_leverage_ratio": 0.6286619461355668,
      "fcf_margin_change": 0.011127019703609548
    },
    {
      "date": "2021-09-30T00:00:00",
      "quarter_label": "2021-09 (Q3)",
      "revenue": 8942000000,
      "gross_profit": 4089000000,
      "operating_income": 1788000000,
      "net_income": 1434000000,
      "opex": 7154000000,
      "cogs": 4853000000,
      "rd": null,
      "sga": 1819000000,
      "fcf": 1531000000,
      "ocf": 1874000000,
      "capex": -343000000,
      "gross_margin": 0.4572802505032431,
      "op_margin": 0.19995526727801385,
      "fcf_margin": 0.17121449340192352,
      "fcf_margin_change": 0.004398850943822946
    },
    {
      "date": "2021-12-31T00:00:00",
      "quarter_label": "2021-12 (Q4)",
      "revenue": 8612000000,
      "gross_profit": 3914000000,
      "operating_income": 1616000000,
      "net_income": 1339000000,
      "opex": 6996000000,
      "cogs": 4698000000,
      "rd": null,
      "sga": 1824000000,
      "fcf": 1449000000,
      "ocf": 2005000000,
      "capex": -556000000,
      "gross_margin": 0.4544821179749187,
      "op_margin": 0.18764514630747794,
      "fcf_margin": 0.16825359962842545,
      "incr_op_margin_yoy": -8.03448275862069,
      "rev_growth_yoy": 0.0033787719911452874,
      "fcf_margin_change": -0.0029608937734980634
    },
    {
      "date": "2022-03-31T00:00:00",
      "quarter_label": "2022-03 (Q1)",
      "revenue": 8829000000,
      "gross_profit": 4003000000,
      "operating_income": 1641000000,
      "net_income": 1299000000,
      "opex": 7188000000,
      "cogs": 4826000000,
      "rd": null,
      "sga": 1882000000,
      "fcf": 587000000,
      "ocf": 1011000000,
      "capex": -424000000,
      "gross_margin": 0.45339223015063995,
      "op_margin": 0.18586476384641523,
      "fcf_margin": 0.06648544569033865,
      "incr_op_margin_yoy": 16.045454545454547,
      "rev_growth_yoy": -0.0024855948480397693,
      "rev_growth_yoy_accel": -0.005864366839185057,
      "op_leverage_ratio": 0.9181302252670692,
      "fcf_margin_change": -0.1017681539380868
    },
    {
      "date": "2022-06-30T00:00:00",
      "quarter_label": "2022-06 (Q2)",
      "revenue": 8702000000,
      "gross_profit": 3609000000,
      "operating_income": 110000000,
      "net_income": 78000000,
      "opex": 8592000000,
      "cogs": 5093000000,
      "rd": null,
      "sga": 3023000000,
      "fcf": 743000000,
      "ocf": 1127000000,
      "capex": -384000000,
      "gross_margin": 0.4147322454608136,
      "op_margin": 0.012640772236267524,
      "fcf_margin": 0.0853826706504252,
      "incr_op_margin_yoy": 7.504032258064516,
      "rev_growth_yoy": -0.02770949720670391,
      "rev_growth_yoy_accel": -0.02522390235866414,
      "fcf_margin_change": 0.018897224960086542
    },
    {
      "date": "2022-09-30T00:00:00",
      "quarter_label": "2022-09 (Q3)",
      "revenue": 8619000000,
      "gross_profit": 3891000000,
      "operating_income": 4156000000,
      "net_income": 3859000000,
      "opex": 4463000000,
      "cogs": 4728000000,
      "rd": null,
      "sga": 1998000000,
      "fcf": 1096000000,
      "ocf": 1531000000,
      "capex": -435000000,
      "gross_margin": 0.4514444831186913,
      "op_margin": 0.4821905093398306,
      "fcf_margin": 0.12716092354101405,
      "incr_op_margin_yoy": -7.3312693498452015,
      "rev_growth_yoy": -0.03612167300380228,
      "rev_growth_yoy_accel": -0.008412175797098367,
      "fcf_margin_change": 0.041778252890588854
    },
    {
      "date": "2022-12-31T00:00:00",
      "quarter_label": "2022-12 (Q4)",
      "revenue": 8079000000,
      "gross_profit": 3494000000,
      "operating_income": 632000000,
      "net_income": 541000000,
      "opex": 7447000000,
      "cogs": 4585000000,
      "rd": null,
      "sga": 2146000000,
      "fcf": 1416000000,
      "ocf": 1922000000,
      "capex": -506000000,
      "gross_margin": 0.4324792672360441,
      "op_margin": 0.07822750340388662,
      "fcf_margin": 0.17526921648718902,
      "incr_op_margin_yoy": 1.8461538461538463,
      "rev_growth_yoy": -0.06189038550859266,
      "rev_growth_yoy_accel": -0.025768712504790382,
      "fcf_margin_change": 0.04810829294617497
    },
    {
      "date": "2023-03-31T00:00:00",
      "quarter_label": "2023-03 (Q1)",
      "revenue": 8031000000,
      "gross_profit": 3418000000,
      "operating_income": 1241000000,
      "net_income": 976000000,
      "opex": 6790000000,
      "cogs": 4613000000,
      "rd": null,
      "sga": 1705000000,
      "fcf": 800000000,
      "ocf": 1275000000,
      "capex": -475000000,
      "gross_margin": 0.4256007969119661,
      "op_margin": 0.15452621093263605,
      "fcf_margin": 0.09961399576640519,
      "incr_op_margin_yoy": 0.5012531328320802,
      "rev_growth_yoy": -0.09038396194359496,
      "rev_growth_yoy_accel": -0.028493576435002305,
      "fcf_margin_change": -0.07565522072078383
    },
    {
      "date": "2023-06-30T00:00:00",
      "quarter_label": "2023-06 (Q2)",
      "revenue": 8325000000,
      "gross_profit": 3719000000,
      "operating_income": -8958000000,
      "net_income": -6841000000,
      "opex": 17283000000,
      "cogs": 4606000000,
      "rd": null,
      "sga": 12204000000,
      "fcf": 1132000000,
      "ocf": 1509000000,
      "capex": -377000000,
      "gross_margin": 0.44672672672672675,
      "op_margin": -1.076036036036036,
      "fcf_margin": 0.13597597597597597,
      "incr_op_margin_yoy": 24.053050397877985,
      "rev_growth_yoy": -0.04332337393702597,
      "rev_growth_yoy_accel": 0.047060588006568996,
      "op_leverage_ratio": 0.023689058799752694,
      "fcf_margin_change": 0.03636198020957078
    },
    {
      "date": "2023-09-30T00:00:00",
      "quarter_label": "2023-09 (Q3)",
      "revenue": 8312000000,
      "gross_profit": 3732000000,
      "operating_income": -2654000000,
      "net_income": -2075000000,
      "opex": 10966000000,
      "cogs": 4580000000,
      "rd": null,
      "sga": 5992000000,
      "fcf": 1505000000,
      "ocf": 1910000000,
      "capex": -405000000,
      "gross_margin": 0.4489894128970164,
      "op_margin": -0.3192974013474495,
      "fcf_margin": 0.18106352261790182,
      "incr_op_margin_yoy": 22.18241042345277,
      "rev_growth_yoy": -0.035618981320338784,
      "rev_growth_yoy_accel": 0.007704392616687185,
      "fcf_margin_change": 0.04508754664192585
    },
    {
      "date": "2023-12-31T00:00:00",
      "quarter_label": "2023-12 (Q4)",
      "revenue": 6002000000,
      "gross_profit": 2207000000,
      "operating_income": 1243000000,
      "net_income": 945000000,
      "opex": 6770000000,
      "cogs": 3795000000,
      "rd": null,
      "sga": 1625000000,
      "fcf": 1628000000,
      "ocf": 1986000000,
      "capex": -358000000,
      "gross_margin": 0.36771076307897366,
      "op_margin": 0.20709763412195933,
      "fcf_margin": 0.271242919026991,
      "incr_op_margin_yoy": -0.294174289841117,
      "rev_growth_yoy": -0.2570862730535957,
      "rev_growth_yoy_accel": -0.22146729173325694,
      "fcf_margin_change": 0.09017939640908917
    },
    {
      "date": "2024-03-31T00:00:00",
      "quarter_label": "2024-03 (Q1)",
      "revenue": 8003000000,
      "gross_profit": 3674000000,
      "operating_income": 1501000000,
      "net_income": 928000000,
      "opex": 6502000000,
      "cogs": 4329000000,
      "rd": null,
      "sga": 1736000000,
      "fcf": 392000000,
      "ocf": 767000000,
      "capex": -375000000,
      "gross_margin": 0.45907784580782207,
      "op_margin": 0.18755466699987505,
      "fcf_margin": 0.048981631888041985,
      "incr_op_margin_yoy": -9.285714285714286,
      "rev_growth_yoy": -0.0034864898518241812,
      "rev_growth_yoy_accel": 0.2535997832017715,
      "op_leverage_ratio": Infinity,
      "fcf_margin_change": -0.222261287138949
    },
    {
      "date": "2024-06-30T00:00:00",
      "quarter_label": "2024-06 (Q2)",
      "revenue": 6255000000,
      "gross_profit": 2684000000,
      "operating_income": 1272000000,
      "net_income": 1145000000,
      "opex": 4983000000,
      "cogs": 3571000000,
      "rd": null,
      "sga": 1132000000,
      "fcf": 752000000,
      "ocf": 1021000000,
      "capex": -269000000,
      "gross_margin": 0.42909672262190246,
      "op_margin": 0.20335731414868105,
      "fcf_margin": 0.12022382094324541,
      "incr_op_margin_yoy": -4.942028985507246,
      "rev_growth_yoy": -0.24864864864864866,
      "rev_growth_yoy_accel": -0.2451621587968245,
      "fcf_margin_change": 0.07124218905520342
    },
    {
      "date": "2024-09-30T00:00:00",
      "quarter_label": "2024-09 (Q3)",
      "revenue": 6294000000,
      "gross_profit": 2647000000,
      "operating_income": 1316000000,
      "net_income": 1372000000,
      "opex": 4978000000,
      "cogs": 3647000000,
      "rd": null,
      "sga": 1062000000,
      "fcf": -2033000000,
      "ocf": -1787000000,
      "capex": -246000000,
      "gross_margin": 0.4205592627899587,
      "op_margin": 0.20908802033682872,
      "fcf_margin": -0.32300603749602796,
      "incr_op_margin_yoy": -1.9672943508424183,
      "rev_growth_yoy": -0.242781520692974,
      "rev_growth_yoy_accel": 0.00586712795567465,
      "fcf_margin_change": -0.44322985843927337
    },
    {
      "date": "2024-12-31T00:00:00",
      "quarter_label": "2024-12 (Q4)",
      "revenue": 6010000000,
      "gross_profit": 2266000000,
      "operating_income": 1085000000,
      "net_income": 728000000,
      "opex": 4925000000,
      "cogs": 3744000000,
      "rd": null,
      "sga": 899000000,
      "fcf": 1527000000,
      "ocf": 1818000000,
      "capex": -291000000,
      "gross_margin": 0.37703826955074876,
      "op_margin": 0.1805324459234609,
      "fcf_margin": 0.2540765391014975,
      "incr_op_margin_yoy": -19.75,
      "rev_growth_yoy": 0.0013328890369876708,
      "rev_growth_yoy_accel": 0.24411440972996168,
      "fcf_margin_change": 0.5770825765975255
    },
    {
      "date": "2025-03-31T00:00:00",
      "quarter_label": "2025-03 (Q1)",
      "revenue": 5954000000,
      "gross_profit": 2476000000,
      "operating_income": 1246000000,
      "net_income": 1116000000,
      "opex": 4708000000,
      "cogs": 3478000000,
      "rd": null,
      "sga": 945000000,
      "fcf": -315000000,
      "ocf": -79000000,
      "capex": -236000000,
      "gross_margin": 0.415854887470608,
      "op_margin": 0.20927107826671146,
      "fcf_margin": -0.05290560967416862,
      "incr_op_margin_yoy": 0.12445095168374817,
      "rev_growth_yoy": -0.2560289891290766,
      "rev_growth_yoy_accel": -0.2573618781660643,
      "fcf_margin_change": -0.30698214877566615
    },
    {
      "date": "2025-06-30T00:00:00",
      "quarter_label": "2025-06 (Q2)",
      "revenue": 6344000000,
      "gross_profit": 2698000000,
      "operating_income": 1140000000,
      "net_income": 723000000,
      "opex": 5204000000,
      "cogs": 3646000000,
      "rd": null,
      "sga": 1267000000,
      "fcf": -1162000000,
      "ocf": -954000000,
      "capex": -208000000,
      "gross_margin": 0.42528373266078184,
      "op_margin": 0.17969735182849936,
      "fcf_margin": -0.18316519546027743,
      "incr_op_margin_yoy": -1.4831460674157304,
      "rev_growth_yoy": 0.014228617106314949,
      "rev_growth_yoy_accel": 0.2702576062353916,
      "op_leverage_ratio": 0.6217424989435132,
      "fcf_margin_change": -0.1302595857861088
    },
    {
      "date": "2025-09-30T00:00:00",
      "quarter_label": "2025-09 (Q3)",
      "revenue": 6517000000,
      "gross_profit": 2725000000,
      "operating_income": 1447000000,
      "net_income": 834000000,
      "opex": 5070000000,
      "cogs": 3792000000,
      "rd": null,
      "sga": 820000000,
      "fcf": 1538000000,
      "ocf": 1756000000,
      "capex": -218000000,
      "gross_margin": 0.4181371796839036,
      "op_margin": 0.22203467853306735,
      "fcf_margin": 0.23599815866196103,
      "incr_op_margin_yoy": 0.5874439461883408,
      "rev_growth_yoy": 0.03543056879567842,
      "rev_growth_yoy_accel": 0.021201951689363473,
      "op_leverage_ratio": Infinity,
      "fcf_margin_change": 0.4191633541222385
    }
  ],
  "signals": [
    {
      "quarter": "2025-09 (Q3)",
      "signal": "FCF TURNED POSITIVE",
      "detail": "FCF margin: -18.3% -> +23.6%",
      "severity": "HIGH"
    },
    {
      "quarter": "2025-09 (Q3)",
      "signal": "INCREMENTAL MARGIN (YoY)",
      "detail": "YoY Incr OPM: +58.7% vs year-ago OPM: +20.9%",
      "severity": "HIGH"
    },
    {
      "quarter": "2025-06 (Q2)",
      "signal": "YoY REVENUE GROWTH ACCELERATION",
      "detail": "YoY growth: +1.4% vs prior quarter YoY: -25.6% (accel: +27.0%)",
      "severity": "HIGH"
    },
    {
      "quarter": "2025-03 (Q1)",
      "signal": "GROSS MARGIN INFLECTION",
      "detail": "GM: +42.1% -> +37.7% -> +41.6% (reversal +3.9%)",
      "severity": "MEDIUM"
    },
    {
      "quarter": "2025-03 (Q1)",
      "signal": "YoY REVENUE GROWTH DECELERATION",
      "detail": "YoY growth: -25.6% vs prior quarter YoY: +0.1% (decel: -25.7%)",
      "severity": "WARNING"
    },
    {
      "quarter": "2024-12 (Q4)",
      "signal": "FCF TURNED POSITIVE",
      "detail": "FCF margin: -32.3% -> +25.4%",
      "severity": "HIGH"
    },
    {
      "quarter": "2024-12 (Q4)",
      "signal": "YoY REVENUE GROWTH ACCELERATION",
      "detail": "YoY growth: +0.1% vs prior quarter YoY: -24.3% (accel: +24.4%)",
      "severity": "HIGH"
    },
    {
      "quarter": "2024-09 (Q3)",
      "signal": "OP MARGIN TURNED POSITIVE (YoY)",
      "detail": "Op margin: -31.9% (year-ago) -> +20.9%",
      "severity": "HIGH"
    },
    {
      "quarter": "2024-06 (Q2)",
      "signal": "FCF MARGIN EXPANSION",
      "detail": "FCF margin: +4.9% -> +12.0% (+7.1%)",
      "severity": "MEDIUM"
    },
    {
      "quarter": "2024-06 (Q2)",
      "signal": "YoY REVENUE GROWTH DECELERATION",
      "detail": "YoY growth: -24.9% vs prior quarter YoY: -0.3% (decel: -24.5%)",
      "severity": "WARNING"
    },
    {
      "quarter": "2024-06 (Q2)",
      "signal": "OP MARGIN TURNED POSITIVE (YoY)",
      "detail": "Op margin: -107.6% (year-ago) -> +20.3%",
      "severity": "HIGH"
    },
    {
      "quarter": "2024-03 (Q1)",
      "signal": "GROSS MARGIN INFLECTION",
      "detail": "GM: +44.9% -> +36.8% -> +45.9% (reversal +9.1%)",
      "severity": "HIGH"
    },
    {
      "quarter": "2024-03 (Q1)",
      "signal": "YoY REVENUE GROWTH ACCELERATION",
      "detail": "YoY growth: -0.3% vs prior quarter YoY: -25.7% (accel: +25.4%)",
      "severity": "HIGH"
    },
    {
      "quarter": "2023-12 (Q4)",
      "signal": "FCF MARGIN EXPANSION",
      "detail": "FCF margin: +18.1% -> +27.1% (+9.0%)",
      "severity": "MEDIUM"
    },
    {
      "quarter": "2023-12 (Q4)",
      "signal": "YoY REVENUE GROWTH DECELERATION",
      "detail": "YoY growth: -25.7% vs prior quarter YoY: -3.6% (decel: -22.1%)",
      "severity": "WARNING"
    },
    {
      "quarter": "2023-12 (Q4)",
      "signal": "OP MARGIN TURNED POSITIVE (QoQ)",
      "detail": "Op margin: -31.9% -> +20.7%",
      "severity": "HIGH"
    },
    {
      "quarter": "2023-06 (Q2)",
      "signal": "GROSS MARGIN INFLECTION",
      "detail": "GM: +43.2% -> +42.6% -> +44.7% (reversal +2.1%)",
      "severity": "MEDIUM"
    },
    {
      "quarter": "2023-03 (Q1)",
      "signal": "INCREMENTAL MARGIN (YoY)",
      "detail": "YoY Incr OPM: +50.1% vs year-ago OPM: +18.6%",
      "severity": "HIGH"
    },
    {
      "quarter": "2022-12 (Q4)",
      "signal": "INCREMENTAL MARGIN (YoY)",
      "detail": "YoY Incr OPM: +184.6% vs year-ago OPM: +18.8%",
      "severity": "HIGH"
    },
    {
      "quarter": "2022-09 (Q3)",
      "signal": "GROSS MARGIN INFLECTION",
      "detail": "GM: +45.3% -> +41.5% -> +45.1% (reversal +3.7%)",
      "severity": "MEDIUM"
    },
    {
      "quarter": "2022-06 (Q2)",
      "signal": "INCREMENTAL MARGIN (YoY)",
      "detail": "YoY Incr OPM: +750.4% vs year-ago OPM: +22.0%",
      "severity": "HIGH"
    },
    {
      "quarter": "2022-03 (Q1)",
      "signal": "INCREMENTAL MARGIN (YoY)",
      "detail": "YoY Incr OPM: +1604.5% vs year-ago OPM: +22.5%",
      "severity": "HIGH"
    },
    {
      "quarter": "2021-03 (Q1)",
      "signal": "OPERATING LEVERAGE",
      "detail": "Rev growth +3.1% vs OpEx growth +1.8% (leverage: 1.7x)",
      "severity": "MEDIUM"
    }
  ],
  "data_quality": {
    "n_quarters": 20,
    "coverage": {
      "revenue": [
        20,
        20
      ],
      "gross_profit": [
        20,
        20
      ],
      "op_income": [
        20,
        20
      ],
      "fcf": [
        20,
        20
      ]
    },
    "gaps": [],
    "warnings": []
  },
  "market_cap": null,
  "source": "SEC EDGAR",
  "last_updated": "2026-02-02T19:52:36.900849"
}