{
  "ticker": "MMS",
  "name": "Maximus, Inc.",
  "quarters": [
    {
      "date": "2020-12-31T00:00:00",
      "quarter_label": "2020-12 (Q4)",
      "revenue": 945554000,
      "gross_profit": 206055000,
      "operating_income": 87572000,
      "net_income": 64077000,
      "opex": 118483000,
      "cogs": 739499000,
      "rd": null,
      "sga": 111967000,
      "fcf": 98115000,
      "ocf": 98115000,
      "capex": null,
      "gross_margin": 0.21791986496805046,
      "op_margin": 0.0926144884374663,
      "fcf_margin": 0.10376456553512543
    },
    {
      "date": "2021-03-31T00:00:00",
      "quarter_label": "2021-03 (Q1)",
      "revenue": 959280000,
      "gross_profit": 230658000,
      "operating_income": 113186000,
      "net_income": 80614000,
      "opex": 117472000,
      "cogs": 728622000,
      "rd": null,
      "sga": 112402000,
      "fcf": 181583000,
      "ocf": 181583000,
      "capex": null,
      "gross_margin": 0.24044908681511135,
      "op_margin": 0.11799057626553248,
      "fcf_margin": 0.18929092652822951,
      "op_leverage_ratio": Infinity,
      "fcf_margin_change": 0.08552636099310408
    },
    {
      "date": "2021-06-30T00:00:00",
      "quarter_label": "2021-06 (Q2)",
      "revenue": 1243520000,
      "gross_profit": 291856000,
      "operating_income": 139595000,
      "net_income": 94495000,
      "opex": 152261000,
      "cogs": 951664000,
      "rd": null,
      "sga": 140129000,
      "fcf": -33039000,
      "ocf": -33039000,
      "capex": null,
      "gross_margin": 0.23470149253731343,
      "op_margin": 0.11225794518785383,
      "fcf_margin": -0.026568933350488936,
      "op_leverage_ratio": 1.000534854080666,
      "fcf_margin_change": -0.21585985987871845
    },
    {
      "date": "2021-09-30T00:00:00",
      "quarter_label": "2021-09 (Q3)",
      "revenue": 1106131000,
      "gross_profit": 218406000,
      "operating_income": 68177000,
      "net_income": 52014000,
      "opex": 150229000,
      "cogs": 887725000,
      "rd": null,
      "sga": 129590000,
      "fcf": 270663000,
      "ocf": 270663000,
      "capex": null,
      "gross_margin": 0.19745039240379303,
      "op_margin": 0.06163555672881422,
      "fcf_margin": 0.24469344046952848,
      "fcf_margin_change": 0.27126237382001744
    },
    {
      "date": "2021-12-31T00:00:00",
      "quarter_label": "2021-12 (Q4)",
      "revenue": 1150876000,
      "gross_profit": 228155000,
      "operating_income": 81529000,
      "net_income": 53330000,
      "opex": 146626000,
      "cogs": 922721000,
      "rd": null,
      "sga": 124221000,
      "fcf": -2919000,
      "ocf": -2919000,
      "capex": null,
      "gross_margin": 0.19824464147310397,
      "op_margin": 0.07084082038377723,
      "fcf_margin": -0.0025363288486335627,
      "incr_op_margin_yoy": -0.029431819288726974,
      "rev_growth_yoy": 0.21714465805231642,
      "op_leverage_ratio": Infinity,
      "fcf_margin_change": -0.24722976931816204
    },
    {
      "date": "2022-03-31T00:00:00",
      "quarter_label": "2022-03 (Q1)",
      "revenue": 1177326000,
      "gross_profit": 228451000,
      "operating_income": 75288000,
      "net_income": 50096000,
      "opex": 153163000,
      "cogs": 948875000,
      "rd": null,
      "sga": 130307000,
      "fcf": 114778000,
      "ocf": 114778000,
      "capex": null,
      "gross_margin": 0.1940422618713933,
      "op_margin": 0.06394830318875146,
      "fcf_margin": 0.09749041471945748,
      "incr_op_margin_yoy": -0.17380736174935565,
      "rev_growth_yoy": 0.22730172629472103,
      "rev_growth_yoy_accel": 0.010157068242404615,
      "op_leverage_ratio": 0.515501157688954,
      "fcf_margin_change": 0.10002674356809103
    },
    {
      "date": "2022-06-30T00:00:00",
      "quarter_label": "2022-06 (Q2)",
      "revenue": 1125785000,
      "gross_profit": 210221000,
      "operating_income": 54557000,
      "net_income": 31335000,
      "opex": 155664000,
      "cogs": 915564000,
      "rd": null,
      "sga": 132974000,
      "fcf": 57917000,
      "ocf": 57917000,
      "capex": null,
      "gross_margin": 0.1867328131037454,
      "op_margin": 0.048461295895752744,
      "fcf_margin": 0.05144587998596535,
      "incr_op_margin_yoy": 0.7222830933876927,
      "rev_growth_yoy": -0.09467881497683994,
      "rev_growth_yoy_accel": -0.32198054127156095,
      "fcf_margin_change": -0.046044534733492126
    },
    {
      "date": "2022-09-30T00:00:00",
      "quarter_label": "2022-09 (Q3)",
      "revenue": 1177031000,
      "gross_profit": 272983000,
      "operating_income": 114524000,
      "net_income": 69067000,
      "opex": 158459000,
      "cogs": 904048000,
      "rd": null,
      "sga": 146991000,
      "fcf": 120063000,
      "ocf": 120063000,
      "capex": null,
      "gross_margin": 0.23192507249171856,
      "op_margin": 0.09729905159677188,
      "fcf_margin": 0.10200495993733386,
      "incr_op_margin_yoy": 0.6536953455571227,
      "rev_growth_yoy": 0.06409729046559584,
      "rev_growth_yoy_accel": 0.15877610544243578,
      "op_leverage_ratio": 2.5351921899251493,
      "fcf_margin_change": 0.050559079951368505
    },
    {
      "date": "2022-12-31T00:00:00",
      "quarter_label": "2022-12 (Q4)",
      "revenue": 1249246000,
      "gross_profit": 244747000,
      "operating_income": 74777000,
      "net_income": 39995000,
      "opex": 169970000,
      "cogs": 1004499000,
      "rd": null,
      "sga": 146452000,
      "fcf": -134659000,
      "ocf": -134659000,
      "capex": null,
      "gross_margin": 0.19591577639632227,
      "op_margin": 0.05985770616836075,
      "fcf_margin": -0.10779222026726522,
      "incr_op_margin_yoy": -0.06863881264613195,
      "rev_growth_yoy": 0.08547402152794914,
      "rev_growth_yoy_accel": 0.0213767310623533,
      "op_leverage_ratio": 0.8445850142410368,
      "fcf_margin_change": -0.2097971802045991
    },
    {
      "date": "2023-03-31T00:00:00",
      "quarter_label": "2023-03 (Q1)",
      "revenue": 1206852000,
      "gross_profit": 228603000,
      "operating_income": 62505000,
      "net_income": 31788000,
      "opex": 166098000,
      "cogs": 978249000,
      "rd": null,
      "sga": 142448000,
      "fcf": 309696000,
      "ocf": 309696000,
      "capex": null,
      "gross_margin": 0.18942090662318165,
      "op_margin": 0.05179176899901562,
      "fcf_margin": 0.2566147298923149,
      "incr_op_margin_yoy": -0.43294045925624874,
      "rev_growth_yoy": 0.02507886515714424,
      "rev_growth_yoy_accel": -0.0603951563708049,
      "fcf_margin_change": 0.3644069501595801
    },
    {
      "date": "2023-06-30T00:00:00",
      "quarter_label": "2023-06 (Q2)",
      "revenue": 1188677000,
      "gross_profit": 264364000,
      "operating_income": 58388000,
      "net_income": 30863000,
      "opex": 205976000,
      "cogs": 924313000,
      "rd": null,
      "sga": 182545000,
      "fcf": -5286000,
      "ocf": -5286000,
      "capex": null,
      "gross_margin": 0.22240188040990108,
      "op_margin": 0.0491201562745809,
      "fcf_margin": -0.004446960780767189,
      "incr_op_margin_yoy": 0.06091394771990078,
      "rev_growth_yoy": 0.05586501863144384,
      "rev_growth_yoy_accel": 0.030786153474299596,
      "fcf_margin_change": -0.26106169067308205
    },
    {
      "date": "2023-09-30T00:00:00",
      "quarter_label": "2023-09 (Q3)",
      "revenue": 1259953000,
      "gross_profit": 290894000,
      "operating_income": 99124000,
      "net_income": 59146000,
      "opex": 191770000,
      "cogs": 969059000,
      "rd": null,
      "sga": 167778000,
      "fcf": 144589000,
      "ocf": 144589000,
      "capex": null,
      "gross_margin": 0.23087686604182855,
      "op_margin": 0.07867277588925936,
      "fcf_margin": 0.11475745523840969,
      "incr_op_margin_yoy": -0.18571669761944962,
      "rev_growth_yoy": 0.07045014107529878,
      "rev_growth_yoy_accel": 0.014585122443854938,
      "op_leverage_ratio": Infinity,
      "fcf_margin_change": 0.11920441601917688
    },
    {
      "date": "2023-12-31T00:00:00",
      "quarter_label": "2023-12 (Q4)",
      "revenue": 1327041000,
      "gross_profit": 300054000,
      "operating_income": 107510000,
      "net_income": 64148000,
      "opex": 192544000,
      "cogs": 1026987000,
      "rd": null,
      "sga": 169195000,
      "fcf": 21608000,
      "ocf": 21608000,
      "capex": null,
      "gross_margin": 0.22610755809353292,
      "op_margin": 0.08101482923285716,
      "fcf_margin": 0.016282842805911798,
      "incr_op_margin_yoy": 0.4207596889260235,
      "rev_growth_yoy": 0.06227356341345099,
      "rev_growth_yoy_accel": -0.008176577661847782,
      "op_leverage_ratio": 13.19259431544646,
      "fcf_margin_change": -0.09847461243249789
    },
    {
      "date": "2024-03-31T00:00:00",
      "quarter_label": "2024-03 (Q1)",
      "revenue": 1348357000,
      "gross_profit": 317589000,
      "operating_income": 127494000,
      "net_income": 80510000,
      "opex": 190095000,
      "cogs": 1030768000,
      "rd": null,
      "sga": 168454000,
      "fcf": 130488000,
      "ocf": 130488000,
      "capex": null,
      "gross_margin": 0.23553776929997025,
      "op_margin": 0.09455507703078636,
      "fcf_margin": 0.09677555721518856,
      "incr_op_margin_yoy": 0.45926999045970107,
      "rev_growth_yoy": 0.11725132824903137,
      "rev_growth_yoy_accel": 0.054977764835580374,
      "op_leverage_ratio": Infinity,
      "fcf_margin_change": 0.08049271440927676
    },
    {
      "date": "2024-06-30T00:00:00",
      "quarter_label": "2024-06 (Q2)",
      "revenue": 1314929000,
      "gross_profit": 332314000,
      "operating_income": 141739000,
      "net_income": 89752000,
      "opex": 190575000,
      "cogs": 982615000,
      "rd": null,
      "sga": 167033000,
      "fcf": 199328000,
      "ocf": 199328000,
      "capex": null,
      "gross_margin": 0.25272391132905275,
      "op_margin": 0.1077921317424743,
      "fcf_margin": 0.15158841275840748,
      "incr_op_margin_yoy": 0.6601954820517695,
      "rev_growth_yoy": 0.10621220062304562,
      "rev_growth_yoy_accel": -0.011039127625985745,
      "fcf_margin_change": 0.05481285554321892
    },
    {
      "date": "2024-09-30T00:00:00",
      "quarter_label": "2024-09 (Q3)",
      "revenue": 1315870000,
      "gross_profit": 301695000,
      "operating_income": 111756000,
      "net_income": 72504000,
      "opex": 189939000,
      "cogs": 1014175000,
      "rd": null,
      "sga": 166901000,
      "fcf": 163834000,
      "ocf": 163834000,
      "capex": null,
      "gross_margin": 0.22927416842089265,
      "op_margin": 0.08492936232302584,
      "fcf_margin": 0.12450622021932257,
      "incr_op_margin_yoy": 0.22590625391204822,
      "rev_growth_yoy": 0.04438022688147891,
      "rev_growth_yoy_accel": -0.06183197374156671,
      "fcf_margin_change": -0.027082192539084907
    },
    {
      "date": "2024-12-31T00:00:00",
      "quarter_label": "2024-12 (Q4)",
      "revenue": 1402675000,
      "gross_profit": 301557000,
      "operating_income": 86787000,
      "net_income": 41196000,
      "opex": 214770000,
      "cogs": 1101118000,
      "rd": null,
      "sga": 191735000,
      "fcf": -79996000,
      "ocf": -79996000,
      "capex": null,
      "gross_margin": 0.21498707826117952,
      "op_margin": 0.06187249362824603,
      "fcf_margin": -0.05703102999625715,
      "incr_op_margin_yoy": -0.2739905333580136,
      "rev_growth_yoy": 0.05699447115801245,
      "rev_growth_yoy_accel": 0.012614244276533536,
      "op_leverage_ratio": 0.5046051666596323,
      "fcf_margin_change": -0.18153725021557973
    },
    {
      "date": "2025-03-31T00:00:00",
      "quarter_label": "2025-03 (Q1)",
      "revenue": 1361786000,
      "gross_profit": 338821000,
      "operating_income": 152968000,
      "net_income": 96569000,
      "opex": 185853000,
      "cogs": 1022965000,
      "rd": null,
      "sga": 162857000,
      "fcf": 42714000,
      "ocf": 42714000,
      "capex": null,
      "gross_margin": 0.24880634695906698,
      "op_margin": 0.1123289562383517,
      "fcf_margin": 0.03136616179047222,
      "incr_op_margin_yoy": 1.896939459378956,
      "rev_growth_yoy": 0.009959528522490706,
      "rev_growth_yoy_accel": -0.04703494263552174,
      "fcf_margin_change": 0.08839719178672936
    },
    {
      "date": "2025-06-30T00:00:00",
      "quarter_label": "2025-06 (Q2)",
      "revenue": 1348400000,
      "gross_profit": 359513000,
      "operating_income": 165672000,
      "net_income": 105981000,
      "opex": 193841000,
      "cogs": 988887000,
      "rd": null,
      "sga": 170831000,
      "fcf": -182718000,
      "ocf": -182718000,
      "capex": null,
      "gross_margin": 0.2666219222782557,
      "op_margin": 0.12286561851082765,
      "fcf_margin": -0.13550726787303471,
      "incr_op_margin_yoy": 0.7150368976128589,
      "rev_growth_yoy": 0.02545460629433224,
      "rev_growth_yoy_accel": 0.015495077771841535,
      "fcf_margin_change": -0.16687342966350693
    },
    {
      "date": "2025-09-30T00:00:00",
      "quarter_label": "2025-09 (Q3)",
      "revenue": 1318415000,
      "gross_profit": 333552000,
      "operating_income": 122862000,
      "net_income": 75288000,
      "opex": 210690000,
      "cogs": 984863000,
      "rd": null,
      "sga": 187684000,
      "fcf": 649372000,
      "ocf": 649372000,
      "capex": null,
      "gross_margin": 0.25299469438682054,
      "op_margin": 0.09318917032952446,
      "fcf_margin": 0.4925399058718234,
      "incr_op_margin_yoy": 4.36385068762279,
      "rev_growth_yoy": 0.0019340816342039867,
      "rev_growth_yoy_accel": -0.023520524660128255,
      "fcf_margin_change": 0.6280471737448581
    }
  ],
  "signals": [
    {
      "quarter": "2025-09 (Q3)",
      "signal": "FCF TURNED POSITIVE",
      "detail": "FCF margin: -13.6% -> +49.3%",
      "severity": "HIGH"
    },
    {
      "quarter": "2025-09 (Q3)",
      "signal": "INCREMENTAL MARGIN (YoY)",
      "detail": "YoY Incr OPM: +436.4% vs year-ago OPM: +8.5%",
      "severity": "HIGH"
    },
    {
      "quarter": "2025-06 (Q2)",
      "signal": "INCREMENTAL MARGIN (YoY)",
      "detail": "YoY Incr OPM: +71.5% vs year-ago OPM: +10.8%",
      "severity": "HIGH"
    },
    {
      "quarter": "2025-03 (Q1)",
      "signal": "FCF TURNED POSITIVE",
      "detail": "FCF margin: -5.7% -> +3.1%",
      "severity": "HIGH"
    },
    {
      "quarter": "2025-03 (Q1)",
      "signal": "GROSS MARGIN INFLECTION",
      "detail": "GM: +22.9% -> +21.5% -> +24.9% (reversal +3.4%)",
      "severity": "MEDIUM"
    },
    {
      "quarter": "2025-03 (Q1)",
      "signal": "INCREMENTAL MARGIN (YoY)",
      "detail": "YoY Incr OPM: +189.7% vs year-ago OPM: +9.5%",
      "severity": "HIGH"
    },
    {
      "quarter": "2024-09 (Q3)",
      "signal": "YoY REVENUE GROWTH DECELERATION",
      "detail": "YoY growth: +4.4% vs prior quarter YoY: +10.6% (decel: -6.2%)",
      "severity": "WARNING"
    },
    {
      "quarter": "2024-09 (Q3)",
      "signal": "INCREMENTAL MARGIN (YoY)",
      "detail": "YoY Incr OPM: +22.6% vs year-ago OPM: +7.9%",
      "severity": "MEDIUM"
    },
    {
      "quarter": "2024-06 (Q2)",
      "signal": "FCF MARGIN EXPANSION",
      "detail": "FCF margin: +9.7% -> +15.2% (+5.5%)",
      "severity": "MEDIUM"
    },
    {
      "quarter": "2024-06 (Q2)",
      "signal": "INCREMENTAL MARGIN (YoY)",
      "detail": "YoY Incr OPM: +66.0% vs year-ago OPM: +4.9%",
      "severity": "HIGH"
    },
    {
      "quarter": "2024-03 (Q1)",
      "signal": "FCF MARGIN EXPANSION",
      "detail": "FCF margin: +1.6% -> +9.7% (+8.0%)",
      "severity": "MEDIUM"
    },
    {
      "quarter": "2024-03 (Q1)",
      "signal": "YoY REVENUE GROWTH ACCELERATION",
      "detail": "YoY growth: +11.7% vs prior quarter YoY: +6.2% (accel: +5.5%)",
      "severity": "MEDIUM"
    },
    {
      "quarter": "2024-03 (Q1)",
      "signal": "INCREMENTAL MARGIN (YoY)",
      "detail": "YoY Incr OPM: +45.9% vs year-ago OPM: +5.2%",
      "severity": "HIGH"
    },
    {
      "quarter": "2023-12 (Q4)",
      "signal": "OPERATING LEVERAGE",
      "detail": "Rev growth +5.3% vs OpEx growth +0.4% (leverage: 13.2x)",
      "severity": "MEDIUM"
    },
    {
      "quarter": "2023-12 (Q4)",
      "signal": "INCREMENTAL MARGIN (YoY)",
      "detail": "YoY Incr OPM: +42.1% vs year-ago OPM: +6.0%",
      "severity": "HIGH"
    },
    {
      "quarter": "2023-09 (Q3)",
      "signal": "FCF TURNED POSITIVE",
      "detail": "FCF margin: -0.4% -> +11.5%",
      "severity": "HIGH"
    },
    {
      "quarter": "2023-06 (Q2)",
      "signal": "GROSS MARGIN INFLECTION",
      "detail": "GM: +19.6% -> +18.9% -> +22.2% (reversal +3.3%)",
      "severity": "MEDIUM"
    },
    {
      "quarter": "2023-03 (Q1)",
      "signal": "FCF TURNED POSITIVE",
      "detail": "FCF margin: -10.8% -> +25.7%",
      "severity": "HIGH"
    },
    {
      "quarter": "2023-03 (Q1)",
      "signal": "YoY REVENUE GROWTH DECELERATION",
      "detail": "YoY growth: +2.5% vs prior quarter YoY: +8.5% (decel: -6.0%)",
      "severity": "WARNING"
    },
    {
      "quarter": "2022-09 (Q3)",
      "signal": "FCF MARGIN EXPANSION",
      "detail": "FCF margin: +5.1% -> +10.2% (+5.1%)",
      "severity": "MEDIUM"
    },
    {
      "quarter": "2022-09 (Q3)",
      "signal": "OPERATING LEVERAGE",
      "detail": "Rev growth +4.6% vs OpEx growth +1.8% (leverage: 2.5x)",
      "severity": "MEDIUM"
    },
    {
      "quarter": "2022-09 (Q3)",
      "signal": "GROSS MARGIN INFLECTION",
      "detail": "GM: +19.4% -> +18.7% -> +23.2% (reversal +4.5%)",
      "severity": "MEDIUM"
    },
    {
      "quarter": "2022-09 (Q3)",
      "signal": "YoY REVENUE GROWTH ACCELERATION",
      "detail": "YoY growth: +6.4% vs prior quarter YoY: -9.5% (accel: +15.9%)",
      "severity": "HIGH"
    },
    {
      "quarter": "2022-09 (Q3)",
      "signal": "INCREMENTAL MARGIN (YoY)",
      "detail": "YoY Incr OPM: +65.4% vs year-ago OPM: +6.2%",
      "severity": "HIGH"
    },
    {
      "quarter": "2022-06 (Q2)",
      "signal": "YoY REVENUE GROWTH DECELERATION",
      "detail": "YoY growth: -9.5% vs prior quarter YoY: +22.7% (decel: -32.2%)",
      "severity": "WARNING"
    },
    {
      "quarter": "2022-06 (Q2)",
      "signal": "INCREMENTAL MARGIN (YoY)",
      "detail": "YoY Incr OPM: +72.2% vs year-ago OPM: +11.2%",
      "severity": "HIGH"
    },
    {
      "quarter": "2022-03 (Q1)",
      "signal": "FCF TURNED POSITIVE",
      "detail": "FCF margin: -0.3% -> +9.7%",
      "severity": "HIGH"
    },
    {
      "quarter": "2021-09 (Q3)",
      "signal": "FCF TURNED POSITIVE",
      "detail": "FCF margin: -2.7% -> +24.5%",
      "severity": "HIGH"
    },
    {
      "quarter": "2021-03 (Q1)",
      "signal": "FCF MARGIN EXPANSION",
      "detail": "FCF margin: +10.4% -> +18.9% (+8.6%)",
      "severity": "MEDIUM"
    }
  ],
  "data_quality": {
    "n_quarters": 20,
    "coverage": {
      "revenue": [
        20,
        20
      ],
      "gross_profit": [
        20,
        20
      ],
      "op_income": [
        20,
        20
      ],
      "fcf": [
        20,
        20
      ]
    },
    "gaps": [],
    "warnings": []
  },
  "market_cap": null,
  "source": "SEC EDGAR",
  "last_updated": "2026-02-02T21:01:18.724683"
}