{
  "ticker": "MMSI",
  "name": "MERIT MEDICAL SYSTEMS INC",
  "quarters": [
    {
      "date": "2020-12-31T00:00:00",
      "quarter_label": "2020-12 (Q4)",
      "revenue": 258004000,
      "gross_profit": 111163000,
      "operating_income": 16007000,
      "net_income": 15378000,
      "opex": 95156000,
      "cogs": 146841000,
      "rd": null,
      "sga": 79934000,
      "fcf": 26517000,
      "ocf": 36915000,
      "capex": -10398000,
      "gross_margin": 0.430857661121533,
      "op_margin": 0.06204167377249965,
      "fcf_margin": 0.10277747631819661
    },
    {
      "date": "2021-03-31T00:00:00",
      "quarter_label": "2021-03 (Q1)",
      "revenue": 248913000,
      "gross_profit": 111894000,
      "operating_income": 14194000,
      "net_income": 10958000,
      "opex": 97700000,
      "cogs": 137019000,
      "rd": null,
      "sga": 81024000,
      "fcf": 29061000,
      "ocf": 35232000,
      "capex": -6171000,
      "gross_margin": 0.4495305588699666,
      "op_margin": 0.05702394009151792,
      "fcf_margin": 0.1167516361138229,
      "fcf_margin_change": 0.013974159795626287
    },
    {
      "date": "2021-06-30T00:00:00",
      "quarter_label": "2021-06 (Q2)",
      "revenue": 280325000,
      "gross_profit": 124139000,
      "operating_income": 8895000,
      "net_income": 4916000,
      "opex": 115244000,
      "cogs": 156186000,
      "rd": null,
      "sga": 91563000,
      "fcf": 34562000,
      "ocf": 41208000,
      "capex": -6646000,
      "gross_margin": 0.44283956122357976,
      "op_margin": 0.03173102648711317,
      "fcf_margin": 0.12329260679568359,
      "op_leverage_ratio": 0.7027711986473228,
      "fcf_margin_change": 0.006540970681860686
    },
    {
      "date": "2021-09-30T00:00:00",
      "quarter_label": "2021-09 (Q3)",
      "revenue": 267021000,
      "gross_profit": 120494000,
      "operating_income": 15931000,
      "net_income": 11967000,
      "opex": 104563000,
      "cogs": 146527000,
      "rd": null,
      "sga": 86474000,
      "fcf": 18181000,
      "ocf": 24976000,
      "capex": -6795000,
      "gross_margin": 0.451252897712165,
      "op_margin": 0.05966197415184574,
      "fcf_margin": 0.06808827770100478,
      "fcf_margin_change": -0.0552043290946788
    },
    {
      "date": "2021-12-31T00:00:00",
      "quarter_label": "2021-12 (Q4)",
      "revenue": 278492000,
      "gross_profit": 128806000,
      "operating_income": 21896000,
      "net_income": 20613000,
      "opex": 106910000,
      "cogs": 149686000,
      "rd": null,
      "sga": 76629000,
      "fcf": 37488000,
      "ocf": 45815000,
      "capex": -8327000,
      "gross_margin": 0.4625123881475949,
      "op_margin": 0.07862344340232394,
      "fcf_margin": 0.13461068899645232,
      "incr_op_margin_yoy": 0.28743654822335024,
      "rev_growth_yoy": 0.07940962155625494,
      "op_leverage_ratio": 1.9139068956797705,
      "fcf_margin_change": 0.06652241129544753
    },
    {
      "date": "2022-03-31T00:00:00",
      "quarter_label": "2022-03 (Q1)",
      "revenue": 275415000,
      "gross_profit": 120907000,
      "operating_income": 15233000,
      "net_income": 10545000,
      "opex": 105674000,
      "cogs": 154508000,
      "rd": null,
      "sga": 84015000,
      "fcf": 2484000,
      "ocf": 12010000,
      "capex": -9526000,
      "gross_margin": 0.43899932828640414,
      "op_margin": 0.055309260570411925,
      "fcf_margin": 0.009019116605849354,
      "incr_op_margin_yoy": 0.039204588332956,
      "rev_growth_yoy": 0.10647093562811102,
      "rev_growth_yoy_accel": 0.02706131407185608,
      "fcf_margin_change": -0.12559157239060295
    },
    {
      "date": "2022-06-30T00:00:00",
      "quarter_label": "2022-06 (Q2)",
      "revenue": 294976000,
      "gross_profit": 135067000,
      "operating_income": 23256000,
      "net_income": 15298000,
      "opex": 111811000,
      "cogs": 159909000,
      "rd": null,
      "sga": 85487000,
      "fcf": 31547000,
      "ocf": 38784000,
      "capex": -7237000,
      "gross_margin": 0.45789148947711,
      "op_margin": 0.07884031243219787,
      "fcf_margin": 0.10694768387936646,
      "incr_op_margin_yoy": 0.9802061292744523,
      "rev_growth_yoy": 0.05226433603852671,
      "rev_growth_yoy_accel": -0.05420659958958431,
      "op_leverage_ratio": 1.2229691078038982,
      "fcf_margin_change": 0.0979285672735171
    },
    {
      "date": "2022-09-30T00:00:00",
      "quarter_label": "2022-09 (Q3)",
      "revenue": 287175000,
      "gross_profit": 128573000,
      "operating_income": 18657000,
      "net_income": 15272000,
      "opex": 109916000,
      "cogs": 158602000,
      "rd": null,
      "sga": 89780000,
      "fcf": 19713000,
      "ocf": 35489000,
      "capex": -15776000,
      "gross_margin": 0.4477165491425089,
      "op_margin": 0.0649673544006268,
      "fcf_margin": 0.06864455471402454,
      "incr_op_margin_yoy": 0.1352585094770269,
      "rev_growth_yoy": 0.07547720965766737,
      "rev_growth_yoy_accel": 0.023212873619140657,
      "fcf_margin_change": -0.03830312916534191
    },
    {
      "date": "2022-12-31T00:00:00",
      "quarter_label": "2022-12 (Q4)",
      "revenue": 293415000,
      "gross_profit": 134552000,
      "operating_income": 30417000,
      "net_income": 33401000,
      "opex": 104135000,
      "cogs": 158863000,
      "rd": null,
      "sga": 83243000,
      "fcf": 15518000,
      "ocf": 28008000,
      "capex": -12490000,
      "gross_margin": 0.458572329294685,
      "op_margin": 0.10366545677623844,
      "fcf_margin": 0.05288754835301535,
      "incr_op_margin_yoy": 0.5709977886483951,
      "rev_growth_yoy": 0.05358502219094265,
      "rev_growth_yoy_accel": -0.021892187466724722,
      "op_leverage_ratio": Infinity,
      "fcf_margin_change": -0.015757006361009192
    },
    {
      "date": "2023-03-31T00:00:00",
      "quarter_label": "2023-03 (Q1)",
      "revenue": 297565000,
      "gross_profit": 138362000,
      "operating_income": 26383000,
      "net_income": 20703000,
      "opex": 111979000,
      "cogs": 159203000,
      "rd": null,
      "sga": 90144000,
      "fcf": 1760000,
      "ocf": 14545000,
      "capex": -12785000,
      "gross_margin": 0.4649807605061079,
      "op_margin": 0.08866298119738544,
      "fcf_margin": 0.005914674104817435,
      "incr_op_margin_yoy": 0.5033860045146726,
      "rev_growth_yoy": 0.08042408728645861,
      "rev_growth_yoy_accel": 0.026839065095515965,
      "op_leverage_ratio": 0.18776944428245196,
      "fcf_margin_change": -0.04697287424819792
    },
    {
      "date": "2023-06-30T00:00:00",
      "quarter_label": "2023-06 (Q2)",
      "revenue": 320056000,
      "gross_profit": 152782000,
      "operating_income": 28812000,
      "net_income": 20245000,
      "opex": 123970000,
      "cogs": 167274000,
      "rd": null,
      "sga": 100927000,
      "fcf": 11515000,
      "ocf": 17286000,
      "capex": -5771000,
      "gross_margin": 0.4773602119629065,
      "op_margin": 0.09002174619441598,
      "fcf_margin": 0.035978078836203665,
      "incr_op_margin_yoy": 0.2215311004784689,
      "rev_growth_yoy": 0.08502386634844869,
      "rev_growth_yoy_accel": 0.004599779061990078,
      "op_leverage_ratio": 0.7058429801044513,
      "fcf_margin_change": 0.03006340473138623
    },
    {
      "date": "2023-09-30T00:00:00",
      "quarter_label": "2023-09 (Q3)",
      "revenue": 315230000,
      "gross_profit": 142199000,
      "operating_income": 35137000,
      "net_income": 25834000,
      "opex": 107062000,
      "cogs": 173031000,
      "rd": null,
      "sga": 86854000,
      "fcf": 42474000,
      "ocf": 51069000,
      "capex": -8595000,
      "gross_margin": 0.45109602512451225,
      "op_margin": 0.11146464486248137,
      "fcf_margin": 0.13473971385972147,
      "incr_op_margin_yoy": 0.5874175726252004,
      "rev_growth_yoy": 0.09769304431096022,
      "rev_growth_yoy_accel": 0.012669177962511532,
      "fcf_margin_change": 0.09876163502351781
    },
    {
      "date": "2023-12-31T00:00:00",
      "quarter_label": "2023-12 (Q4)",
      "revenue": 324515000,
      "gross_profit": 150529000,
      "operating_income": 33612000,
      "net_income": 27629000,
      "opex": 116917000,
      "cogs": 173986000,
      "rd": null,
      "sga": 95751000,
      "fcf": 55112000,
      "ocf": 62251000,
      "capex": -7139000,
      "gross_margin": 0.4638583732647181,
      "op_margin": 0.10357610588108408,
      "fcf_margin": 0.1698288214720429,
      "incr_op_margin_yoy": 0.10273311897106109,
      "rev_growth_yoy": 0.1059932177973178,
      "rev_growth_yoy_accel": 0.008300173486357573,
      "op_leverage_ratio": 0.31998755613728636,
      "fcf_margin_change": 0.035089107612321424
    },
    {
      "date": "2024-03-31T00:00:00",
      "quarter_label": "2024-03 (Q1)",
      "revenue": 323508000,
      "gross_profit": 151715000,
      "operating_income": 35922000,
      "net_income": 28240000,
      "opex": 115793000,
      "cogs": 171793000,
      "rd": null,
      "sga": 94428000,
      "fcf": 24534000,
      "ocf": 36216000,
      "capex": -11682000,
      "gross_margin": 0.4689683099026917,
      "op_margin": 0.11103898512556104,
      "fcf_margin": 0.07583738269223636,
      "incr_op_margin_yoy": 0.36769070654897273,
      "rev_growth_yoy": 0.08718431267118108,
      "rev_growth_yoy_accel": -0.018808905126136713,
      "fcf_margin_change": -0.09399143877980654
    },
    {
      "date": "2024-06-30T00:00:00",
      "quarter_label": "2024-06 (Q2)",
      "revenue": 338003000,
      "gross_profit": 161100000,
      "operating_income": 45946000,
      "net_income": 35726000,
      "opex": 115154000,
      "cogs": 176903000,
      "rd": null,
      "sga": 94585000,
      "fcf": 57879000,
      "ocf": 68506000,
      "capex": -10627000,
      "gross_margin": 0.47662298855335605,
      "op_margin": 0.1359337047304314,
      "fcf_margin": 0.1712381251053985,
      "incr_op_margin_yoy": 0.954699949852343,
      "rev_growth_yoy": 0.05607456195165846,
      "rev_growth_yoy_accel": -0.03110975071952262,
      "op_leverage_ratio": Infinity,
      "fcf_margin_change": 0.09540074241316213
    },
    {
      "date": "2024-09-30T00:00:00",
      "quarter_label": "2024-09 (Q3)",
      "revenue": 339845000,
      "gross_profit": 157535000,
      "operating_income": 37261000,
      "net_income": 28444000,
      "opex": 120274000,
      "cogs": 182310000,
      "rd": null,
      "sga": 99644000,
      "fcf": 37974000,
      "ocf": 47333000,
      "capex": -9359000,
      "gross_margin": 0.46354955935794256,
      "op_margin": 0.10964115994056114,
      "fcf_margin": 0.1117391752122291,
      "incr_op_margin_yoy": 0.08628884826325411,
      "rev_growth_yoy": 0.07808584208355804,
      "rev_growth_yoy_accel": 0.022011280131899576,
      "fcf_margin_change": -0.05949894989316938
    },
    {
      "date": "2024-12-31T00:00:00",
      "quarter_label": "2024-12 (Q4)",
      "revenue": 355158000,
      "gross_profit": 172983000,
      "operating_income": 36564000,
      "net_income": 27947000,
      "opex": 136419000,
      "cogs": 182175000,
      "rd": null,
      "sga": 111074000,
      "fcf": 65272000,
      "ocf": 68744000,
      "capex": -3472000,
      "gross_margin": 0.48705928065818593,
      "op_margin": 0.10295136249218657,
      "fcf_margin": 0.18378299235833065,
      "incr_op_margin_yoy": 0.09633521522044186,
      "rev_growth_yoy": 0.09442706808622098,
      "rev_growth_yoy_accel": 0.01634122600266294,
      "op_leverage_ratio": 0.33567044411758207,
      "fcf_margin_change": 0.07204381714610154
    },
    {
      "date": "2025-03-31T00:00:00",
      "quarter_label": "2025-03 (Q1)",
      "revenue": 355351000,
      "gross_profit": 172020000,
      "operating_income": 41033000,
      "net_income": 30147000,
      "opex": 130987000,
      "cogs": 183331000,
      "rd": null,
      "sga": 107486000,
      "fcf": 19511000,
      "ocf": 40572000,
      "capex": -21061000,
      "gross_margin": 0.4840847500077388,
      "op_margin": 0.11547174483820223,
      "fcf_margin": 0.05490627576677708,
      "incr_op_margin_yoy": 0.16050623370913544,
      "rev_growth_yoy": 0.09843033248018596,
      "rev_growth_yoy_accel": 0.004003264393964978,
      "fcf_margin_change": -0.1288767165915536
    },
    {
      "date": "2025-06-30T00:00:00",
      "quarter_label": "2025-06 (Q2)",
      "revenue": 382462000,
      "gross_profit": 184487000,
      "operating_income": 46880000,
      "net_income": 32581000,
      "opex": 137607000,
      "cogs": 197975000,
      "rd": null,
      "sga": 113097000,
      "fcf": 69556000,
      "ocf": 83307000,
      "capex": -13751000,
      "gross_margin": 0.4823668756634646,
      "op_margin": 0.12257426881624842,
      "fcf_margin": 0.18186381915066072,
      "incr_op_margin_yoy": 0.021008119840752154,
      "rev_growth_yoy": 0.13153433549406365,
      "rev_growth_yoy_accel": 0.0331040030138777,
      "op_leverage_ratio": 1.5095871877872065,
      "fcf_margin_change": 0.12695754338388365
    },
    {
      "date": "2025-09-30T00:00:00",
      "quarter_label": "2025-09 (Q3)",
      "revenue": 384157000,
      "gross_profit": 186411000,
      "operating_income": 42612000,
      "net_income": 27755000,
      "opex": 143799000,
      "cogs": 197746000,
      "rd": null,
      "sga": 119801000,
      "fcf": 52542000,
      "ocf": 74982000,
      "capex": -22440000,
      "gross_margin": 0.48524691727600955,
      "op_margin": 0.11092339850633985,
      "fcf_margin": 0.13677220511405494,
      "incr_op_margin_yoy": 0.12075735692363243,
      "rev_growth_yoy": 0.13038885374214715,
      "rev_growth_yoy_accel": -0.001145481751916505,
      "fcf_margin_change": -0.045091614036605776
    }
  ],
  "signals": [
    {
      "quarter": "2025-06 (Q2)",
      "signal": "FCF MARGIN EXPANSION",
      "detail": "FCF margin: +5.5% -> +18.2% (+12.7%)",
      "severity": "MEDIUM"
    },
    {
      "quarter": "2025-06 (Q2)",
      "signal": "OPERATING LEVERAGE",
      "detail": "Rev growth +7.6% vs OpEx growth +5.1% (leverage: 1.5x)",
      "severity": "MEDIUM"
    },
    {
      "quarter": "2024-12 (Q4)",
      "signal": "FCF MARGIN EXPANSION",
      "detail": "FCF margin: +11.2% -> +18.4% (+7.2%)",
      "severity": "MEDIUM"
    },
    {
      "quarter": "2024-12 (Q4)",
      "signal": "GROSS MARGIN INFLECTION",
      "detail": "GM: +47.7% -> +46.4% -> +48.7% (reversal +2.4%)",
      "severity": "MEDIUM"
    },
    {
      "quarter": "2024-06 (Q2)",
      "signal": "FCF MARGIN EXPANSION",
      "detail": "FCF margin: +7.6% -> +17.1% (+9.5%)",
      "severity": "MEDIUM"
    },
    {
      "quarter": "2024-06 (Q2)",
      "signal": "INCREMENTAL MARGIN (YoY)",
      "detail": "YoY Incr OPM: +95.5% vs year-ago OPM: +9.0%",
      "severity": "HIGH"
    },
    {
      "quarter": "2024-03 (Q1)",
      "signal": "INCREMENTAL MARGIN (YoY)",
      "detail": "YoY Incr OPM: +36.8% vs year-ago OPM: +8.9%",
      "severity": "HIGH"
    },
    {
      "quarter": "2023-09 (Q3)",
      "signal": "FCF MARGIN EXPANSION",
      "detail": "FCF margin: +3.6% -> +13.5% (+9.9%)",
      "severity": "MEDIUM"
    },
    {
      "quarter": "2023-09 (Q3)",
      "signal": "INCREMENTAL MARGIN (YoY)",
      "detail": "YoY Incr OPM: +58.7% vs year-ago OPM: +6.5%",
      "severity": "HIGH"
    },
    {
      "quarter": "2023-06 (Q2)",
      "signal": "INCREMENTAL MARGIN (YoY)",
      "detail": "YoY Incr OPM: +22.2% vs year-ago OPM: +7.9%",
      "severity": "MEDIUM"
    },
    {
      "quarter": "2023-03 (Q1)",
      "signal": "INCREMENTAL MARGIN (YoY)",
      "detail": "YoY Incr OPM: +50.3% vs year-ago OPM: +5.5%",
      "severity": "HIGH"
    },
    {
      "quarter": "2022-12 (Q4)",
      "signal": "INCREMENTAL MARGIN (YoY)",
      "detail": "YoY Incr OPM: +57.1% vs year-ago OPM: +7.9%",
      "severity": "HIGH"
    },
    {
      "quarter": "2022-06 (Q2)",
      "signal": "FCF MARGIN EXPANSION",
      "detail": "FCF margin: +0.9% -> +10.7% (+9.8%)",
      "severity": "MEDIUM"
    },
    {
      "quarter": "2022-06 (Q2)",
      "signal": "YoY REVENUE GROWTH DECELERATION",
      "detail": "YoY growth: +5.2% vs prior quarter YoY: +10.6% (decel: -5.4%)",
      "severity": "WARNING"
    },
    {
      "quarter": "2022-06 (Q2)",
      "signal": "INCREMENTAL MARGIN (YoY)",
      "detail": "YoY Incr OPM: +98.0% vs year-ago OPM: +3.2%",
      "severity": "HIGH"
    },
    {
      "quarter": "2021-12 (Q4)",
      "signal": "FCF MARGIN EXPANSION",
      "detail": "FCF margin: +6.8% -> +13.5% (+6.7%)",
      "severity": "MEDIUM"
    },
    {
      "quarter": "2021-12 (Q4)",
      "signal": "OPERATING LEVERAGE",
      "detail": "Rev growth +4.3% vs OpEx growth +2.2% (leverage: 1.9x)",
      "severity": "MEDIUM"
    },
    {
      "quarter": "2021-12 (Q4)",
      "signal": "INCREMENTAL MARGIN (YoY)",
      "detail": "YoY Incr OPM: +28.7% vs year-ago OPM: +6.2%",
      "severity": "HIGH"
    }
  ],
  "data_quality": {
    "n_quarters": 20,
    "coverage": {
      "revenue": [
        20,
        20
      ],
      "gross_profit": [
        20,
        20
      ],
      "op_income": [
        20,
        20
      ],
      "fcf": [
        20,
        20
      ]
    },
    "gaps": [],
    "warnings": []
  },
  "market_cap": null,
  "source": "SEC EDGAR",
  "last_updated": "2026-02-02T21:05:09.733729"
}