{
  "ticker": "MNTK",
  "name": "MONTAUK RENEWABLES, INC.",
  "quarters": [
    {
      "date": "2020-12-31T00:00:00",
      "quarter_label": "2020-12 (Q4)",
      "revenue": 25820000,
      "gross_profit": 3577000,
      "operating_income": -2034000,
      "net_income": 2454000,
      "opex": 27855000,
      "cogs": null,
      "rd": null,
      "sga": null,
      "fcf": 6048000,
      "ocf": 6048000,
      "capex": null,
      "gross_margin": 0.13853601859024012,
      "op_margin": -0.07877614252517429,
      "fcf_margin": 0.23423702556158016
    },
    {
      "date": "2021-03-31T00:00:00",
      "quarter_label": "2021-03 (Q1)",
      "revenue": 31447000,
      "gross_profit": -6500000,
      "operating_income": -12204000,
      "net_income": -14265000,
      "opex": 43651000,
      "cogs": null,
      "rd": null,
      "sga": null,
      "fcf": 7769000,
      "ocf": 7769000,
      "capex": null,
      "gross_margin": -0.20669698222405952,
      "op_margin": -0.38808153400960343,
      "fcf_margin": 0.2470505930613413,
      "op_leverage_ratio": 0.3843056017868411,
      "fcf_margin_change": 0.012813567499761147
    },
    {
      "date": "2021-06-30T00:00:00",
      "quarter_label": "2021-06 (Q2)",
      "revenue": 31674000,
      "gross_profit": 5113000,
      "operating_income": -537000,
      "net_income": -4652000,
      "opex": 32211000,
      "cogs": null,
      "rd": null,
      "sga": null,
      "fcf": 3476000,
      "ocf": 3476000,
      "capex": null,
      "gross_margin": 0.16142577508366485,
      "op_margin": -0.016953968554650502,
      "fcf_margin": 0.10974300688261665,
      "fcf_margin_change": -0.13730758617872466
    },
    {
      "date": "2021-09-30T00:00:00",
      "quarter_label": "2021-09 (Q3)",
      "revenue": 39749000,
      "gross_profit": 11778000,
      "operating_income": 6729000,
      "net_income": 8896000,
      "opex": 33020000,
      "cogs": null,
      "rd": null,
      "sga": null,
      "fcf": 10053000,
      "ocf": 10053000,
      "capex": null,
      "gross_margin": 0.2963093411154998,
      "op_margin": 0.1692872776673627,
      "fcf_margin": 0.2529120229439734,
      "op_leverage_ratio": 10.150683925931771,
      "fcf_margin_change": 0.14316901606135676
    },
    {
      "date": "2021-12-31T00:00:00",
      "quarter_label": "2021-12 (Q4)",
      "revenue": 45255000,
      "gross_profit": 15039000,
      "operating_income": 9347000,
      "net_income": 5493000,
      "opex": 35911000,
      "cogs": null,
      "rd": null,
      "sga": null,
      "fcf": 21581000,
      "ocf": 21581000,
      "capex": null,
      "gross_margin": 0.33231687106397084,
      "op_margin": 0.20654071373328914,
      "fcf_margin": 0.4768754833720031,
      "incr_op_margin_yoy": 0.5855930023154103,
      "rev_growth_yoy": 0.7527110766847405,
      "op_leverage_ratio": 1.5821183843526465,
      "fcf_margin_change": 0.22396346042802967
    },
    {
      "date": "2022-03-31T00:00:00",
      "quarter_label": "2022-03 (Q1)",
      "revenue": 32169000,
      "gross_profit": 3812000,
      "operating_income": -1651000,
      "net_income": -1115000,
      "opex": 33820000,
      "cogs": null,
      "rd": null,
      "sga": null,
      "fcf": 9597000,
      "ocf": 9597000,
      "capex": null,
      "gross_margin": 0.11849917622555876,
      "op_margin": -0.051322701980167244,
      "fcf_margin": 0.2983306910379558,
      "rev_growth_yoy": 0.022959264794733997,
      "rev_growth_yoy_accel": -0.7297518118900065,
      "fcf_margin_change": -0.1785447923340473
    },
    {
      "date": "2022-06-30T00:00:00",
      "quarter_label": "2022-06 (Q2)",
      "revenue": 67884000,
      "gross_profit": 29122000,
      "operating_income": 23963000,
      "net_income": 19152000,
      "opex": 43921000,
      "cogs": null,
      "rd": null,
      "sga": null,
      "fcf": 17175000,
      "ocf": 17175000,
      "capex": null,
      "gross_margin": 0.4289965234812327,
      "op_margin": 0.35299923398739025,
      "fcf_margin": 0.2530051263920806,
      "incr_op_margin_yoy": 0.6766086716376691,
      "rev_growth_yoy": 1.1432089410873272,
      "rev_growth_yoy_accel": 1.120249676292593,
      "op_leverage_ratio": 3.7172547570757026,
      "fcf_margin_change": -0.04532556464587517
    },
    {
      "date": "2022-09-30T00:00:00",
      "quarter_label": "2022-09 (Q3)",
      "revenue": 55860000,
      "gross_profit": 18930000,
      "operating_income": 13632000,
      "net_income": 11187000,
      "opex": 42228000,
      "cogs": null,
      "rd": null,
      "sga": null,
      "fcf": 25436000,
      "ocf": 33037000,
      "capex": -7601000,
      "gross_margin": 0.3388829215896885,
      "op_margin": 0.24403866809881847,
      "fcf_margin": 0.45535266738274255,
      "incr_op_margin_yoy": 0.42846502389671653,
      "rev_growth_yoy": 0.40531837278925253,
      "rev_growth_yoy_accel": -0.7378905682980746,
      "fcf_margin_change": 0.20234754099066193
    },
    {
      "date": "2022-12-31T00:00:00",
      "quarter_label": "2022-12 (Q4)",
      "revenue": 49643000,
      "gross_profit": 13871000,
      "operating_income": 8622000,
      "net_income": 5970000,
      "opex": 41024000,
      "cogs": null,
      "rd": null,
      "sga": null,
      "fcf": 11730000,
      "ocf": 21257000,
      "capex": -9527000,
      "gross_margin": 0.2794150232661201,
      "op_margin": 0.17368007574078922,
      "fcf_margin": 0.23628708982132426,
      "incr_op_margin_yoy": -0.16522333637192343,
      "rev_growth_yoy": 0.09696166169484034,
      "rev_growth_yoy_accel": -0.3083567110944122,
      "fcf_margin_change": -0.21906557756141828
    },
    {
      "date": "2023-03-31T00:00:00",
      "quarter_label": "2023-03 (Q1)",
      "revenue": 19154000,
      "gross_profit": -8977000,
      "operating_income": -14166000,
      "net_income": -3788000,
      "opex": 33320000,
      "cogs": null,
      "rd": null,
      "sga": null,
      "fcf": -25116000,
      "ocf": -11838000,
      "capex": -13278000,
      "gross_margin": -0.4686749504020048,
      "op_margin": -0.7395844210086666,
      "fcf_margin": -1.311266576172079,
      "incr_op_margin_yoy": 0.9615827890895121,
      "rev_growth_yoy": -0.40458205104292955,
      "rev_growth_yoy_accel": -0.5015437127377699,
      "fcf_margin_change": -1.5475536659934033
    },
    {
      "date": "2023-06-30T00:00:00",
      "quarter_label": "2023-06 (Q2)",
      "revenue": 53256000,
      "gross_profit": 18898000,
      "operating_income": 13557000,
      "net_income": 1003000,
      "opex": 39699000,
      "cogs": null,
      "rd": null,
      "sga": null,
      "fcf": 1605000,
      "ocf": 17915000,
      "capex": -16310000,
      "gross_margin": 0.35485203545140453,
      "op_margin": 0.2545628661559261,
      "fcf_margin": 0.030137449301487155,
      "incr_op_margin_yoy": 0.711375444353295,
      "rev_growth_yoy": -0.21548523952625065,
      "rev_growth_yoy_accel": 0.1890968115166789,
      "op_leverage_ratio": 9.29978177225859,
      "fcf_margin_change": 1.3414040254735662
    },
    {
      "date": "2023-09-30T00:00:00",
      "quarter_label": "2023-09 (Q3)",
      "revenue": 55688000,
      "gross_profit": 22383000,
      "operating_income": 16781000,
      "net_income": 12934000,
      "opex": 38907000,
      "cogs": null,
      "rd": null,
      "sga": null,
      "fcf": -2309000,
      "ocf": 13510000,
      "capex": -15819000,
      "gross_margin": 0.4019357850883494,
      "op_margin": 0.3013396063783939,
      "fcf_margin": -0.041463151845999136,
      "rev_growth_yoy": -0.0030791263873970643,
      "rev_growth_yoy_accel": 0.21240611313885358,
      "op_leverage_ratio": Infinity,
      "fcf_margin_change": -0.07160060114748629
    },
    {
      "date": "2023-12-31T00:00:00",
      "quarter_label": "2023-12 (Q4)",
      "revenue": 46807000,
      "gross_profit": 12974000,
      "operating_income": 7469000,
      "net_income": 4799000,
      "opex": 39338000,
      "cogs": null,
      "rd": null,
      "sga": null,
      "fcf": 3781000,
      "ocf": 21466000,
      "capex": -17685000,
      "gross_margin": 0.27718076356100585,
      "op_margin": 0.1595701497639242,
      "fcf_margin": 0.08077851603392655,
      "incr_op_margin_yoy": 0.406558533145275,
      "rev_growth_yoy": -0.05712789315714199,
      "rev_growth_yoy_accel": -0.054048766769744926,
      "fcf_margin_change": 0.12224166787992569
    },
    {
      "date": "2024-03-31T00:00:00",
      "quarter_label": "2024-03 (Q1)",
      "revenue": 38787000,
      "gross_profit": 8862000,
      "operating_income": 2368000,
      "net_income": 1850000,
      "opex": 36419000,
      "cogs": null,
      "rd": null,
      "sga": null,
      "fcf": -7694000,
      "ocf": 14292000,
      "capex": -21986000,
      "gross_margin": 0.22847861396859773,
      "op_margin": 0.06105138319540052,
      "fcf_margin": -0.19836543171681234,
      "incr_op_margin_yoy": 0.8421535170376407,
      "rev_growth_yoy": 1.0250078312623996,
      "rev_growth_yoy_accel": 1.0821357244195415,
      "fcf_margin_change": -0.2791439477507389
    },
    {
      "date": "2024-06-30T00:00:00",
      "quarter_label": "2024-06 (Q2)",
      "revenue": 43338000,
      "gross_profit": 6741000,
      "operating_income": 868000,
      "net_income": -712000,
      "opex": 42470000,
      "cogs": null,
      "rd": null,
      "sga": null,
      "fcf": -18584000,
      "ocf": 193000,
      "capex": -18777000,
      "gross_margin": 0.15554478748442477,
      "op_margin": 0.020028612303290415,
      "fcf_margin": -0.4288153583460243,
      "incr_op_margin_yoy": 1.2793910062512603,
      "rev_growth_yoy": -0.18623253717890942,
      "rev_growth_yoy_accel": -1.2112403684413091,
      "op_leverage_ratio": 0.7061899115977083,
      "fcf_margin_change": -0.23044992662921196
    },
    {
      "date": "2024-09-30T00:00:00",
      "quarter_label": "2024-09 (Q3)",
      "revenue": 65917000,
      "gross_profit": 28896000,
      "operating_income": 22708000,
      "net_income": 17048000,
      "opex": 43209000,
      "cogs": null,
      "rd": null,
      "sga": null,
      "fcf": 16015000,
      "ocf": 28586000,
      "capex": -12571000,
      "gross_margin": 0.4383694646297617,
      "op_margin": 0.34449383315381465,
      "fcf_margin": 0.24295705205030568,
      "incr_op_margin_yoy": 0.5794310294261413,
      "rev_growth_yoy": 0.18368409711248385,
      "rev_growth_yoy_accel": 0.36991663429139326,
      "op_leverage_ratio": 29.941507392156975,
      "fcf_margin_change": 0.67177241039633
    },
    {
      "date": "2024-12-31T00:00:00",
      "quarter_label": "2024-12 (Q4)",
      "revenue": 27694000,
      "gross_profit": null,
      "operating_income": -9821000,
      "net_income": -8452000,
      "opex": 37515000,
      "cogs": null,
      "rd": null,
      "sga": null,
      "fcf": -8265000,
      "ocf": 724000,
      "capex": -8989000,
      "gross_margin": null,
      "op_margin": -0.35462555066079293,
      "fcf_margin": -0.29844009532750776,
      "incr_op_margin_yoy": 0.904619892219955,
      "rev_growth_yoy": -0.4083363599461619,
      "rev_growth_yoy_accel": -0.5920204570586458,
      "fcf_margin_change": -0.5413971473778134
    },
    {
      "date": "2025-03-31T00:00:00",
      "quarter_label": "2025-03 (Q1)",
      "revenue": 42603000,
      "gross_profit": null,
      "operating_income": 410000,
      "net_income": -464000,
      "opex": 42193000,
      "cogs": null,
      "rd": null,
      "sga": null,
      "fcf": -2492000,
      "ocf": 9140000,
      "capex": -11632000,
      "gross_margin": null,
      "op_margin": 0.00962373541769359,
      "fcf_margin": -0.05849353331924982,
      "incr_op_margin_yoy": -0.5131027253668763,
      "rev_growth_yoy": 0.0983834790006961,
      "rev_growth_yoy_accel": 0.506719838946858,
      "op_leverage_ratio": 4.317253598717778,
      "fcf_margin_change": 0.23994656200825792
    },
    {
      "date": "2025-06-30T00:00:00",
      "quarter_label": "2025-06 (Q2)",
      "revenue": 45127000,
      "gross_profit": null,
      "operating_income": -2355000,
      "net_income": -5487000,
      "opex": 47482000,
      "cogs": null,
      "rd": null,
      "sga": null,
      "fcf": -25460000,
      "ocf": 8206000,
      "capex": -33666000,
      "gross_margin": null,
      "op_margin": -0.0521860526957254,
      "fcf_margin": -0.5641855208633413,
      "incr_op_margin_yoy": -1.801565120178871,
      "rev_growth_yoy": 0.04128016982786469,
      "rev_growth_yoy_accel": -0.057103309172831414,
      "op_leverage_ratio": 0.47262425634443966,
      "fcf_margin_change": -0.5056919875440915
    },
    {
      "date": "2025-09-30T00:00:00",
      "quarter_label": "2025-09 (Q3)",
      "revenue": 45258000,
      "gross_profit": null,
      "operating_income": 4448000,
      "net_income": 5205000,
      "opex": 40810000,
      "cogs": null,
      "rd": null,
      "sga": null,
      "fcf": -17157000,
      "ocf": 12651000,
      "capex": -29808000,
      "gross_margin": null,
      "op_margin": 0.0982809669008794,
      "fcf_margin": -0.3790931989924433,
      "incr_op_margin_yoy": 0.8838762766832857,
      "rev_growth_yoy": -0.3134092874372317,
      "rev_growth_yoy_accel": -0.3546894572650964,
      "fcf_margin_change": 0.18509232187089797
    }
  ],
  "signals": [
    {
      "quarter": "2025-09 (Q3)",
      "signal": "FCF MARGIN EXPANSION",
      "detail": "FCF margin: -56.4% -> -37.9% (+18.5%)",
      "severity": "MEDIUM"
    },
    {
      "quarter": "2025-09 (Q3)",
      "signal": "YoY REVENUE GROWTH DECELERATION",
      "detail": "YoY growth: -31.3% vs prior quarter YoY: +4.1% (decel: -35.5%)",
      "severity": "WARNING"
    },
    {
      "quarter": "2025-09 (Q3)",
      "signal": "INCREMENTAL MARGIN (YoY)",
      "detail": "YoY Incr OPM: +88.4% vs year-ago OPM: +34.4%",
      "severity": "HIGH"
    },
    {
      "quarter": "2025-09 (Q3)",
      "signal": "OP MARGIN TURNED POSITIVE (QoQ)",
      "detail": "Op margin: -5.2% -> +9.8%",
      "severity": "HIGH"
    },
    {
      "quarter": "2025-06 (Q2)",
      "signal": "YoY REVENUE GROWTH DECELERATION",
      "detail": "YoY growth: +4.1% vs prior quarter YoY: +9.8% (decel: -5.7%)",
      "severity": "WARNING"
    },
    {
      "quarter": "2025-03 (Q1)",
      "signal": "FCF MARGIN EXPANSION",
      "detail": "FCF margin: -29.8% -> -5.8% (+24.0%)",
      "severity": "MEDIUM"
    },
    {
      "quarter": "2025-03 (Q1)",
      "signal": "OPERATING LEVERAGE",
      "detail": "Rev growth +53.8% vs OpEx growth +12.5% (leverage: 4.3x)",
      "severity": "MEDIUM"
    },
    {
      "quarter": "2025-03 (Q1)",
      "signal": "YoY REVENUE GROWTH ACCELERATION",
      "detail": "YoY growth: +9.8% vs prior quarter YoY: -40.8% (accel: +50.7%)",
      "severity": "HIGH"
    },
    {
      "quarter": "2025-03 (Q1)",
      "signal": "OP MARGIN TURNED POSITIVE (QoQ)",
      "detail": "Op margin: -35.5% -> +1.0%",
      "severity": "HIGH"
    },
    {
      "quarter": "2024-12 (Q4)",
      "signal": "YoY REVENUE GROWTH DECELERATION",
      "detail": "YoY growth: -40.8% vs prior quarter YoY: +18.4% (decel: -59.2%)",
      "severity": "WARNING"
    },
    {
      "quarter": "2024-09 (Q3)",
      "signal": "FCF TURNED POSITIVE",
      "detail": "FCF margin: -42.9% -> +24.3%",
      "severity": "HIGH"
    },
    {
      "quarter": "2024-09 (Q3)",
      "signal": "OPERATING LEVERAGE",
      "detail": "Rev growth +52.1% vs OpEx growth +1.7% (leverage: 29.9x)",
      "severity": "MEDIUM"
    },
    {
      "quarter": "2024-09 (Q3)",
      "signal": "GROSS MARGIN INFLECTION",
      "detail": "GM: +22.8% -> +15.6% -> +43.8% (reversal +28.3%)",
      "severity": "HIGH"
    },
    {
      "quarter": "2024-09 (Q3)",
      "signal": "YoY REVENUE GROWTH ACCELERATION",
      "detail": "YoY growth: +18.4% vs prior quarter YoY: -18.6% (accel: +37.0%)",
      "severity": "HIGH"
    },
    {
      "quarter": "2024-09 (Q3)",
      "signal": "INCREMENTAL MARGIN (YoY)",
      "detail": "YoY Incr OPM: +57.9% vs year-ago OPM: +30.1%",
      "severity": "HIGH"
    },
    {
      "quarter": "2024-06 (Q2)",
      "signal": "YoY REVENUE GROWTH DECELERATION",
      "detail": "YoY growth: -18.6% vs prior quarter YoY: +102.5% (decel: -121.1%)",
      "severity": "WARNING"
    },
    {
      "quarter": "2024-06 (Q2)",
      "signal": "INCREMENTAL MARGIN (YoY)",
      "detail": "YoY Incr OPM: +127.9% vs year-ago OPM: +25.5%",
      "severity": "HIGH"
    },
    {
      "quarter": "2024-03 (Q1)",
      "signal": "YoY REVENUE GROWTH ACCELERATION",
      "detail": "YoY growth: +102.5% vs prior quarter YoY: -5.7% (accel: +108.2%)",
      "severity": "HIGH"
    },
    {
      "quarter": "2024-03 (Q1)",
      "signal": "OP MARGIN TURNED POSITIVE (YoY)",
      "detail": "Op margin: -74.0% (year-ago) -> +6.1%",
      "severity": "HIGH"
    },
    {
      "quarter": "2023-12 (Q4)",
      "signal": "FCF TURNED POSITIVE",
      "detail": "FCF margin: -4.1% -> +8.1%",
      "severity": "HIGH"
    },
    {
      "quarter": "2023-12 (Q4)",
      "signal": "YoY REVENUE GROWTH DECELERATION",
      "detail": "YoY growth: -5.7% vs prior quarter YoY: -0.3% (decel: -5.4%)",
      "severity": "WARNING"
    },
    {
      "quarter": "2023-12 (Q4)",
      "signal": "INCREMENTAL MARGIN (YoY)",
      "detail": "YoY Incr OPM: +40.7% vs year-ago OPM: +17.4%",
      "severity": "HIGH"
    },
    {
      "quarter": "2023-09 (Q3)",
      "signal": "YoY REVENUE GROWTH ACCELERATION",
      "detail": "YoY growth: -0.3% vs prior quarter YoY: -21.5% (accel: +21.2%)",
      "severity": "HIGH"
    },
    {
      "quarter": "2023-06 (Q2)",
      "signal": "FCF TURNED POSITIVE",
      "detail": "FCF margin: -131.1% -> +3.0%",
      "severity": "HIGH"
    },
    {
      "quarter": "2023-06 (Q2)",
      "signal": "OPERATING LEVERAGE",
      "detail": "Rev growth +178.0% vs OpEx growth +19.1% (leverage: 9.3x)",
      "severity": "MEDIUM"
    },
    {
      "quarter": "2023-06 (Q2)",
      "signal": "GROSS MARGIN INFLECTION",
      "detail": "GM: +27.9% -> -46.9% -> +35.5% (reversal +82.4%)",
      "severity": "HIGH"
    },
    {
      "quarter": "2023-06 (Q2)",
      "signal": "YoY REVENUE GROWTH ACCELERATION",
      "detail": "YoY growth: -21.5% vs prior quarter YoY: -40.5% (accel: +18.9%)",
      "severity": "HIGH"
    },
    {
      "quarter": "2023-06 (Q2)",
      "signal": "INCREMENTAL MARGIN (YoY)",
      "detail": "YoY Incr OPM: +71.1% vs year-ago OPM: +35.3%",
      "severity": "HIGH"
    },
    {
      "quarter": "2023-06 (Q2)",
      "signal": "OP MARGIN TURNED POSITIVE (QoQ)",
      "detail": "Op margin: -74.0% -> +25.5%",
      "severity": "HIGH"
    },
    {
      "quarter": "2023-03 (Q1)",
      "signal": "YoY REVENUE GROWTH DECELERATION",
      "detail": "YoY growth: -40.5% vs prior quarter YoY: +9.7% (decel: -50.2%)",
      "severity": "WARNING"
    },
    {
      "quarter": "2022-12 (Q4)",
      "signal": "YoY REVENUE GROWTH DECELERATION",
      "detail": "YoY growth: +9.7% vs prior quarter YoY: +40.5% (decel: -30.8%)",
      "severity": "WARNING"
    },
    {
      "quarter": "2022-09 (Q3)",
      "signal": "FCF MARGIN EXPANSION",
      "detail": "FCF margin: +25.3% -> +45.5% (+20.2%)",
      "severity": "MEDIUM"
    },
    {
      "quarter": "2022-09 (Q3)",
      "signal": "YoY REVENUE GROWTH DECELERATION",
      "detail": "YoY growth: +40.5% vs prior quarter YoY: +114.3% (decel: -73.8%)",
      "severity": "WARNING"
    },
    {
      "quarter": "2022-09 (Q3)",
      "signal": "INCREMENTAL MARGIN (YoY)",
      "detail": "YoY Incr OPM: +42.8% vs year-ago OPM: +16.9%",
      "severity": "HIGH"
    },
    {
      "quarter": "2022-06 (Q2)",
      "signal": "OPERATING LEVERAGE",
      "detail": "Rev growth +111.0% vs OpEx growth +29.9% (leverage: 3.7x)",
      "severity": "MEDIUM"
    },
    {
      "quarter": "2022-06 (Q2)",
      "signal": "GROSS MARGIN INFLECTION",
      "detail": "GM: +33.2% -> +11.8% -> +42.9% (reversal +31.0%)",
      "severity": "HIGH"
    },
    {
      "quarter": "2022-06 (Q2)",
      "signal": "YoY REVENUE GROWTH ACCELERATION",
      "detail": "YoY growth: +114.3% vs prior quarter YoY: +2.3% (accel: +112.0%)",
      "severity": "HIGH"
    },
    {
      "quarter": "2022-06 (Q2)",
      "signal": "OP MARGIN TURNED POSITIVE (YoY)",
      "detail": "Op margin: -1.7% (year-ago) -> +35.3%",
      "severity": "HIGH"
    },
    {
      "quarter": "2022-06 (Q2)",
      "signal": "OP MARGIN TURNED POSITIVE (QoQ)",
      "detail": "Op margin: -5.1% -> +35.3%",
      "severity": "HIGH"
    },
    {
      "quarter": "2022-03 (Q1)",
      "signal": "YoY REVENUE GROWTH DECELERATION",
      "detail": "YoY growth: +2.3% vs prior quarter YoY: +75.3% (decel: -73.0%)",
      "severity": "WARNING"
    },
    {
      "quarter": "2021-12 (Q4)",
      "signal": "FCF MARGIN EXPANSION",
      "detail": "FCF margin: +25.3% -> +47.7% (+22.4%)",
      "severity": "MEDIUM"
    },
    {
      "quarter": "2021-12 (Q4)",
      "signal": "OPERATING LEVERAGE",
      "detail": "Rev growth +13.9% vs OpEx growth +8.8% (leverage: 1.6x)",
      "severity": "MEDIUM"
    },
    {
      "quarter": "2021-12 (Q4)",
      "signal": "OP MARGIN TURNED POSITIVE (YoY)",
      "detail": "Op margin: -7.9% (year-ago) -> +20.7%",
      "severity": "HIGH"
    },
    {
      "quarter": "2021-09 (Q3)",
      "signal": "FCF MARGIN EXPANSION",
      "detail": "FCF margin: +11.0% -> +25.3% (+14.3%)",
      "severity": "MEDIUM"
    },
    {
      "quarter": "2021-09 (Q3)",
      "signal": "OPERATING LEVERAGE",
      "detail": "Rev growth +25.5% vs OpEx growth +2.5% (leverage: 10.2x)",
      "severity": "MEDIUM"
    },
    {
      "quarter": "2021-09 (Q3)",
      "signal": "OP MARGIN TURNED POSITIVE (QoQ)",
      "detail": "Op margin: -1.7% -> +16.9%",
      "severity": "HIGH"
    },
    {
      "quarter": "2021-06 (Q2)",
      "signal": "GROSS MARGIN INFLECTION",
      "detail": "GM: +13.9% -> -20.7% -> +16.1% (reversal +36.8%)",
      "severity": "HIGH"
    }
  ],
  "data_quality": {
    "n_quarters": 20,
    "coverage": {
      "revenue": [
        20,
        20
      ],
      "gross_profit": [
        16,
        20
      ],
      "op_income": [
        20,
        20
      ],
      "fcf": [
        20,
        20
      ]
    },
    "gaps": [],
    "warnings": []
  },
  "market_cap": null,
  "source": "SEC EDGAR",
  "last_updated": "2026-02-02T23:00:34.341068",
  "sector": "Basic Materials",
  "industry": "Specialty Chemicals"
}