{
  "ticker": "MOD",
  "name": "Modine Manufacturing Company",
  "quarters": [
    {
      "date": "2020-12-31T00:00:00",
      "quarter_label": "2020-12 (Q4)",
      "revenue": 484300000,
      "gross_profit": 82700000,
      "operating_income": -108700000,
      "net_income": -195700000,
      "opex": 191400000,
      "cogs": 401600000,
      "rd": null,
      "sga": 56100000,
      "fcf": 50100000,
      "ocf": 59200000,
      "capex": -9100000,
      "gross_margin": 0.17076192442700805,
      "op_margin": -0.2244476564113153,
      "fcf_margin": 0.10344827586206896
    },
    {
      "date": "2021-03-31T00:00:00",
      "quarter_label": "2021-03 (Q1)",
      "revenue": 514900000,
      "gross_profit": 83800000,
      "operating_income": -14300000,
      "net_income": -15000000,
      "opex": 98100000,
      "cogs": 431100000,
      "rd": null,
      "sga": 59300000,
      "fcf": -5700000,
      "ocf": 3300000,
      "capex": -9000000,
      "gross_margin": 0.16275004855311712,
      "op_margin": -0.027772382986987764,
      "fcf_margin": -0.01107011070110701,
      "op_leverage_ratio": Infinity,
      "fcf_margin_change": -0.11451838656317598
    },
    {
      "date": "2021-06-30T00:00:00",
      "quarter_label": "2021-06 (Q2)",
      "revenue": 494600000,
      "gross_profit": 73200000,
      "operating_income": 8700000,
      "net_income": 2300000,
      "opex": 64500000,
      "cogs": 421400000,
      "rd": null,
      "sga": 59400000,
      "fcf": -21500000,
      "ocf": -10100000,
      "capex": -11400000,
      "gross_margin": 0.14799838253133846,
      "op_margin": 0.017589971694298424,
      "fcf_margin": -0.04346947027901334,
      "fcf_margin_change": -0.032399359577906336
    },
    {
      "date": "2021-09-30T00:00:00",
      "quarter_label": "2021-09 (Q3)",
      "revenue": 478900000,
      "gross_profit": 66300000,
      "operating_income": 10500000,
      "net_income": 400000,
      "opex": 55800000,
      "cogs": 412600000,
      "rd": null,
      "sga": 51900000,
      "fcf": -17900000,
      "ocf": -8900000,
      "capex": -9000000,
      "gross_margin": 0.13844226352056796,
      "op_margin": 0.021925245353936102,
      "fcf_margin": -0.03737732303194821,
      "fcf_margin_change": 0.006092147247065131
    },
    {
      "date": "2021-12-31T00:00:00",
      "quarter_label": "2021-12 (Q4)",
      "revenue": 502200000,
      "gross_profit": 74600000,
      "operating_income": 79400000,
      "net_income": 74100000,
      "opex": -4800000,
      "cogs": 427600000,
      "rd": null,
      "sga": 50300000,
      "fcf": 16100000,
      "ocf": 26400000,
      "capex": -10300000,
      "gross_margin": 0.14854639585822382,
      "op_margin": 0.15810434090003983,
      "fcf_margin": 0.0320589406610912,
      "incr_op_margin_yoy": 10.508379888268156,
      "rev_growth_yoy": 0.03696056163534999,
      "op_leverage_ratio": Infinity,
      "fcf_margin_change": 0.0694362636930394
    },
    {
      "date": "2022-03-31T00:00:00",
      "quarter_label": "2022-03 (Q1)",
      "revenue": 574400000,
      "gross_profit": 95200000,
      "operating_income": 20600000,
      "net_income": 8400000,
      "opex": 74600000,
      "cogs": 479200000,
      "rd": null,
      "sga": 53500000,
      "fcf": -5500000,
      "ocf": 4100000,
      "capex": -9600000,
      "gross_margin": 0.16573816155988857,
      "op_margin": 0.03586350974930362,
      "fcf_margin": -0.009575208913649024,
      "incr_op_margin_yoy": 0.5865546218487395,
      "rev_growth_yoy": 0.11555641872208196,
      "rev_growth_yoy_accel": 0.07859585708673197,
      "op_leverage_ratio": Infinity,
      "fcf_margin_change": -0.04163414957474022
    },
    {
      "date": "2022-06-30T00:00:00",
      "quarter_label": "2022-06 (Q2)",
      "revenue": 541000000,
      "gross_profit": 83400000,
      "operating_income": 25600000,
      "net_income": 14300000,
      "opex": 57800000,
      "cogs": 457600000,
      "rd": null,
      "sga": 56300000,
      "fcf": 4100000,
      "ocf": 14500000,
      "capex": -10400000,
      "gross_margin": 0.15415896487985212,
      "op_margin": 0.04731977818853974,
      "fcf_margin": 0.007578558225508318,
      "incr_op_margin_yoy": 0.3642241379310345,
      "rev_growth_yoy": 0.09381318236959159,
      "rev_growth_yoy_accel": -0.02174323635249037,
      "fcf_margin_change": 0.017153767139157342
    },
    {
      "date": "2022-09-30T00:00:00",
      "quarter_label": "2022-09 (Q3)",
      "revenue": 578800000,
      "gross_profit": 96200000,
      "operating_income": 36800000,
      "net_income": 24400000,
      "opex": 59400000,
      "cogs": 482600000,
      "rd": null,
      "sga": 58800000,
      "fcf": 29000000,
      "ocf": 41600000,
      "capex": -12600000,
      "gross_margin": 0.16620594333102973,
      "op_margin": 0.0635798203178991,
      "fcf_margin": 0.050103662750518314,
      "incr_op_margin_yoy": 0.26326326326326327,
      "rev_growth_yoy": 0.2086030486531635,
      "rev_growth_yoy_accel": 0.11478986628357192,
      "op_leverage_ratio": 2.524075785582255,
      "fcf_margin_change": 0.042525104525009995
    },
    {
      "date": "2022-12-31T00:00:00",
      "quarter_label": "2022-12 (Q4)",
      "revenue": 560000000,
      "gross_profit": 97600000,
      "operating_income": 39500000,
      "net_income": 24500000,
      "opex": 58100000,
      "cogs": 462400000,
      "rd": null,
      "sga": 58000000,
      "fcf": -400000,
      "ocf": 11800000,
      "capex": -12200000,
      "gross_margin": 0.1742857142857143,
      "op_margin": 0.07053571428571428,
      "fcf_margin": -0.0007142857142857143,
      "incr_op_margin_yoy": -0.6903114186851211,
      "rev_growth_yoy": 0.11509358821186778,
      "rev_growth_yoy_accel": -0.09350946044129572,
      "fcf_margin_change": -0.05081794846480403
    },
    {
      "date": "2023-03-31T00:00:00",
      "quarter_label": "2023-03 (Q1)",
      "revenue": 618100000,
      "gross_profit": 112200000,
      "operating_income": 48500000,
      "net_income": 89900000,
      "opex": 63700000,
      "cogs": 505900000,
      "rd": null,
      "sga": 60900000,
      "fcf": 24100000,
      "ocf": 39600000,
      "capex": -15500000,
      "gross_margin": 0.18152402523863453,
      "op_margin": 0.07846626759424041,
      "fcf_margin": 0.03899045461899369,
      "incr_op_margin_yoy": 0.6384439359267735,
      "rev_growth_yoy": 0.07607938718662953,
      "rev_growth_yoy_accel": -0.039014201025238254,
      "op_leverage_ratio": 1.0764062499999998,
      "fcf_margin_change": 0.039704740333279406
    },
    {
      "date": "2023-06-30T00:00:00",
      "quarter_label": "2023-06 (Q2)",
      "revenue": 622400000,
      "gross_profit": 127900000,
      "operating_income": 66500000,
      "net_income": 44800000,
      "opex": 61400000,
      "cogs": 494500000,
      "rd": null,
      "sga": 61400000,
      "fcf": 26600000,
      "ocf": 41700000,
      "capex": -15100000,
      "gross_margin": 0.2054948586118252,
      "op_margin": 0.10684447300771208,
      "fcf_margin": 0.04273778920308483,
      "incr_op_margin_yoy": 0.5024570024570024,
      "rev_growth_yoy": 0.15046210720887246,
      "rev_growth_yoy_accel": 0.07438272002224293,
      "fcf_margin_change": 0.0037473345840911415
    },
    {
      "date": "2023-09-30T00:00:00",
      "quarter_label": "2023-09 (Q3)",
      "revenue": 620500000,
      "gross_profit": 135100000,
      "operating_income": 65700000,
      "net_income": 46500000,
      "opex": 69400000,
      "cogs": 485400000,
      "rd": null,
      "sga": 68900000,
      "fcf": 58000000,
      "ocf": 69100000,
      "capex": -11100000,
      "gross_margin": 0.2177276390008058,
      "op_margin": 0.10588235294117647,
      "fcf_margin": 0.09347300564061241,
      "incr_op_margin_yoy": 0.6930455635491607,
      "rev_growth_yoy": 0.07204561161022806,
      "rev_growth_yoy_accel": -0.0784164955986444,
      "fcf_margin_change": 0.050735216437527576
    },
    {
      "date": "2023-12-31T00:00:00",
      "quarter_label": "2023-12 (Q4)",
      "revenue": 561400000,
      "gross_profit": 127300000,
      "operating_income": 61700000,
      "net_income": 44400000,
      "opex": 65600000,
      "cogs": 434100000,
      "rd": null,
      "sga": 68000000,
      "fcf": 46600000,
      "ocf": 64200000,
      "capex": -17600000,
      "gross_margin": 0.22675454221588884,
      "op_margin": 0.10990381189882437,
      "fcf_margin": 0.08300676879230495,
      "incr_op_margin_yoy": 15.857142857142858,
      "rev_growth_yoy": 0.0025,
      "rev_growth_yoy_accel": -0.06954561161022806,
      "fcf_margin_change": -0.010466236848307456
    },
    {
      "date": "2024-03-31T00:00:00",
      "quarter_label": "2024-03 (Q1)",
      "revenue": 603500000,
      "gross_profit": 135300000,
      "operating_income": 46800000,
      "net_income": 25800000,
      "opex": 88500000,
      "cogs": 468200000,
      "rd": null,
      "sga": 75600000,
      "fcf": -4300000,
      "ocf": 39600000,
      "capex": -43900000,
      "gross_margin": 0.22419221209610604,
      "op_margin": 0.07754763877381939,
      "fcf_margin": -0.007125103562551781,
      "incr_op_margin_yoy": 0.11643835616438356,
      "rev_growth_yoy": -0.02362077333764763,
      "rev_growth_yoy_accel": -0.02612077333764763,
      "op_leverage_ratio": 0.21482164831215783,
      "fcf_margin_change": -0.09013187235485673
    },
    {
      "date": "2024-06-30T00:00:00",
      "quarter_label": "2024-06 (Q2)",
      "revenue": 661500000,
      "gross_profit": 162600000,
      "operating_income": 74400000,
      "net_income": 47300000,
      "opex": 88200000,
      "cogs": 498900000,
      "rd": null,
      "sga": 82800000,
      "fcf": 13700000,
      "ocf": 40500000,
      "capex": -26800000,
      "gross_margin": 0.24580498866213152,
      "op_margin": 0.11247165532879819,
      "fcf_margin": 0.02071050642479214,
      "incr_op_margin_yoy": 0.2020460358056266,
      "rev_growth_yoy": 0.06282133676092545,
      "rev_growth_yoy_accel": 0.08644211009857308,
      "op_leverage_ratio": Infinity,
      "fcf_margin_change": 0.02783560998734392
    },
    {
      "date": "2024-09-30T00:00:00",
      "quarter_label": "2024-09 (Q3)",
      "revenue": 658000000,
      "gross_profit": 165600000,
      "operating_income": 75300000,
      "net_income": 46100000,
      "opex": 90300000,
      "cogs": 492400000,
      "rd": null,
      "sga": 85800000,
      "fcf": 43800000,
      "ocf": 57300000,
      "capex": -13500000,
      "gross_margin": 0.25167173252279634,
      "op_margin": 0.11443768996960486,
      "fcf_margin": 0.06656534954407295,
      "incr_op_margin_yoy": 0.256,
      "rev_growth_yoy": 0.060435132957292505,
      "rev_growth_yoy_accel": -0.0023862038036329483,
      "fcf_margin_change": 0.045854843119280814
    },
    {
      "date": "2024-12-31T00:00:00",
      "quarter_label": "2024-12 (Q4)",
      "revenue": 616800000,
      "gross_profit": 149600000,
      "operating_income": 59300000,
      "net_income": 41000000,
      "opex": 90300000,
      "cogs": 467200000,
      "rd": null,
      "sga": 82000000,
      "fcf": 44700000,
      "ocf": 60700000,
      "capex": -16000000,
      "gross_margin": 0.24254215304798962,
      "op_margin": 0.0961413748378729,
      "fcf_margin": 0.07247081712062257,
      "incr_op_margin_yoy": -0.04332129963898917,
      "rev_growth_yoy": 0.09868186676166726,
      "rev_growth_yoy_accel": 0.03824673380437476,
      "fcf_margin_change": 0.005905467576549625
    },
    {
      "date": "2025-03-31T00:00:00",
      "quarter_label": "2025-03 (Q1)",
      "revenue": 647200000,
      "gross_profit": 166000000,
      "operating_income": 74500000,
      "net_income": 49600000,
      "opex": 91500000,
      "cogs": 481200000,
      "rd": null,
      "sga": 81500000,
      "fcf": 27100000,
      "ocf": 54800000,
      "capex": -27700000,
      "gross_margin": 0.2564894932014833,
      "op_margin": 0.11511124845488258,
      "fcf_margin": 0.041872682323856616,
      "incr_op_margin_yoy": 0.6338672768878718,
      "rev_growth_yoy": 0.0724109362054681,
      "rev_growth_yoy_accel": -0.026270930556199168,
      "op_leverage_ratio": 3.7088197146562902,
      "fcf_margin_change": -0.030598134796765958
    },
    {
      "date": "2025-06-30T00:00:00",
      "quarter_label": "2025-06 (Q2)",
      "revenue": 682800000,
      "gross_profit": 165400000,
      "operating_income": 75700000,
      "net_income": 51200000,
      "opex": 89700000,
      "cogs": 517400000,
      "rd": null,
      "sga": 84900000,
      "fcf": 200000,
      "ocf": 27700000,
      "capex": -27500000,
      "gross_margin": 0.24223784417106034,
      "op_margin": 0.11086701816051553,
      "fcf_margin": 0.00029291154071470416,
      "incr_op_margin_yoy": 0.06103286384976526,
      "rev_growth_yoy": 0.03219954648526077,
      "rev_growth_yoy_accel": -0.040211389720207324,
      "op_leverage_ratio": Infinity,
      "fcf_margin_change": -0.041579770783141914
    },
    {
      "date": "2025-09-30T00:00:00",
      "quarter_label": "2025-09 (Q3)",
      "revenue": 738900000,
      "gross_profit": 164900000,
      "operating_income": 73500000,
      "net_income": 44400000,
      "opex": 91400000,
      "cogs": 574000000,
      "rd": null,
      "sga": 84200000,
      "fcf": -30500000,
      "ocf": 1400000,
      "capex": -31900000,
      "gross_margin": 0.2231695763973474,
      "op_margin": 0.09947218838814453,
      "fcf_margin": -0.04127757477331168,
      "incr_op_margin_yoy": -0.022249690976514216,
      "rev_growth_yoy": 0.1229483282674772,
      "rev_growth_yoy_accel": 0.09074878178221643,
      "op_leverage_ratio": 4.335237258347979,
      "fcf_margin_change": -0.041570486314026385
    }
  ],
  "signals": [
    {
      "quarter": "2025-09 (Q3)",
      "signal": "OPERATING LEVERAGE",
      "detail": "Rev growth +8.2% vs OpEx growth +1.9% (leverage: 4.3x)",
      "severity": "MEDIUM"
    },
    {
      "quarter": "2025-09 (Q3)",
      "signal": "YoY REVENUE GROWTH ACCELERATION",
      "detail": "YoY growth: +12.3% vs prior quarter YoY: +3.2% (accel: +9.1%)",
      "severity": "MEDIUM"
    },
    {
      "quarter": "2025-03 (Q1)",
      "signal": "OPERATING LEVERAGE",
      "detail": "Rev growth +4.9% vs OpEx growth +1.3% (leverage: 3.7x)",
      "severity": "MEDIUM"
    },
    {
      "quarter": "2025-03 (Q1)",
      "signal": "INCREMENTAL MARGIN (YoY)",
      "detail": "YoY Incr OPM: +63.4% vs year-ago OPM: +7.8%",
      "severity": "HIGH"
    },
    {
      "quarter": "2024-09 (Q3)",
      "signal": "INCREMENTAL MARGIN (YoY)",
      "detail": "YoY Incr OPM: +25.6% vs year-ago OPM: +10.6%",
      "severity": "MEDIUM"
    },
    {
      "quarter": "2024-06 (Q2)",
      "signal": "FCF TURNED POSITIVE",
      "detail": "FCF margin: -0.7% -> +2.1%",
      "severity": "HIGH"
    },
    {
      "quarter": "2024-06 (Q2)",
      "signal": "GROSS MARGIN INFLECTION",
      "detail": "GM: +22.7% -> +22.4% -> +24.6% (reversal +2.2%)",
      "severity": "MEDIUM"
    },
    {
      "quarter": "2024-06 (Q2)",
      "signal": "YoY REVENUE GROWTH ACCELERATION",
      "detail": "YoY growth: +6.3% vs prior quarter YoY: -2.4% (accel: +8.6%)",
      "severity": "MEDIUM"
    },
    {
      "quarter": "2023-12 (Q4)",
      "signal": "YoY REVENUE GROWTH DECELERATION",
      "detail": "YoY growth: +0.2% vs prior quarter YoY: +7.2% (decel: -7.0%)",
      "severity": "WARNING"
    },
    {
      "quarter": "2023-12 (Q4)",
      "signal": "INCREMENTAL MARGIN (YoY)",
      "detail": "YoY Incr OPM: +1585.7% vs year-ago OPM: +7.1%",
      "severity": "HIGH"
    },
    {
      "quarter": "2023-09 (Q3)",
      "signal": "FCF MARGIN EXPANSION",
      "detail": "FCF margin: +4.3% -> +9.3% (+5.1%)",
      "severity": "MEDIUM"
    },
    {
      "quarter": "2023-09 (Q3)",
      "signal": "YoY REVENUE GROWTH DECELERATION",
      "detail": "YoY growth: +7.2% vs prior quarter YoY: +15.0% (decel: -7.8%)",
      "severity": "WARNING"
    },
    {
      "quarter": "2023-09 (Q3)",
      "signal": "INCREMENTAL MARGIN (YoY)",
      "detail": "YoY Incr OPM: +69.3% vs year-ago OPM: +6.4%",
      "severity": "HIGH"
    },
    {
      "quarter": "2023-06 (Q2)",
      "signal": "YoY REVENUE GROWTH ACCELERATION",
      "detail": "YoY growth: +15.0% vs prior quarter YoY: +7.6% (accel: +7.4%)",
      "severity": "MEDIUM"
    },
    {
      "quarter": "2023-06 (Q2)",
      "signal": "INCREMENTAL MARGIN (YoY)",
      "detail": "YoY Incr OPM: +50.2% vs year-ago OPM: +4.7%",
      "severity": "HIGH"
    },
    {
      "quarter": "2023-03 (Q1)",
      "signal": "FCF TURNED POSITIVE",
      "detail": "FCF margin: -0.1% -> +3.9%",
      "severity": "HIGH"
    },
    {
      "quarter": "2023-03 (Q1)",
      "signal": "INCREMENTAL MARGIN (YoY)",
      "detail": "YoY Incr OPM: +63.8% vs year-ago OPM: +3.6%",
      "severity": "HIGH"
    },
    {
      "quarter": "2022-12 (Q4)",
      "signal": "YoY REVENUE GROWTH DECELERATION",
      "detail": "YoY growth: +11.5% vs prior quarter YoY: +20.9% (decel: -9.4%)",
      "severity": "WARNING"
    },
    {
      "quarter": "2022-09 (Q3)",
      "signal": "OPERATING LEVERAGE",
      "detail": "Rev growth +7.0% vs OpEx growth +2.8% (leverage: 2.5x)",
      "severity": "MEDIUM"
    },
    {
      "quarter": "2022-09 (Q3)",
      "signal": "YoY REVENUE GROWTH ACCELERATION",
      "detail": "YoY growth: +20.9% vs prior quarter YoY: +9.4% (accel: +11.5%)",
      "severity": "MEDIUM"
    },
    {
      "quarter": "2022-09 (Q3)",
      "signal": "INCREMENTAL MARGIN (YoY)",
      "detail": "YoY Incr OPM: +26.3% vs year-ago OPM: +2.2%",
      "severity": "HIGH"
    },
    {
      "quarter": "2022-06 (Q2)",
      "signal": "FCF TURNED POSITIVE",
      "detail": "FCF margin: -1.0% -> +0.8%",
      "severity": "HIGH"
    },
    {
      "quarter": "2022-06 (Q2)",
      "signal": "INCREMENTAL MARGIN (YoY)",
      "detail": "YoY Incr OPM: +36.4% vs year-ago OPM: +1.8%",
      "severity": "HIGH"
    },
    {
      "quarter": "2022-03 (Q1)",
      "signal": "YoY REVENUE GROWTH ACCELERATION",
      "detail": "YoY growth: +11.6% vs prior quarter YoY: +3.7% (accel: +7.9%)",
      "severity": "MEDIUM"
    },
    {
      "quarter": "2022-03 (Q1)",
      "signal": "OP MARGIN TURNED POSITIVE (YoY)",
      "detail": "Op margin: -2.8% (year-ago) -> +3.6%",
      "severity": "HIGH"
    },
    {
      "quarter": "2021-12 (Q4)",
      "signal": "FCF TURNED POSITIVE",
      "detail": "FCF margin: -3.7% -> +3.2%",
      "severity": "HIGH"
    },
    {
      "quarter": "2021-12 (Q4)",
      "signal": "OP MARGIN TURNED POSITIVE (YoY)",
      "detail": "Op margin: -22.4% (year-ago) -> +15.8%",
      "severity": "HIGH"
    },
    {
      "quarter": "2021-06 (Q2)",
      "signal": "OP MARGIN TURNED POSITIVE (QoQ)",
      "detail": "Op margin: -2.8% -> +1.8%",
      "severity": "HIGH"
    }
  ],
  "data_quality": {
    "n_quarters": 20,
    "coverage": {
      "revenue": [
        20,
        20
      ],
      "gross_profit": [
        20,
        20
      ],
      "op_income": [
        20,
        20
      ],
      "fcf": [
        20,
        20
      ]
    },
    "gaps": [],
    "warnings": []
  },
  "market_cap": null,
  "source": "SEC EDGAR",
  "last_updated": "2026-02-02T20:47:34.177955",
  "sector": "Consumer Cyclical",
  "industry": "Auto Parts"
}