{
  "ticker": "MOG-A",
  "name": "MOOG Inc.",
  "quarters": [
    {
      "date": "2021-04-03T00:00:00",
      "quarter_label": "2021-04 (Q2)",
      "revenue": 736402000,
      "gross_profit": 199909000,
      "operating_income": 72483000,
      "net_income": 48688000,
      "opex": 127426000,
      "cogs": 536493000,
      "rd": 30453000,
      "sga": 105131000,
      "fcf": 5562000,
      "ocf": 43272000,
      "capex": -37710000,
      "gross_margin": 0.27146721491793885,
      "op_margin": 0.09842857569642668,
      "fcf_margin": 0.007552939834492573
    },
    {
      "date": "2021-07-03T00:00:00",
      "quarter_label": "2021-07 (Q3)",
      "revenue": 707352000,
      "gross_profit": 190602000,
      "operating_income": 64888000,
      "net_income": 36122000,
      "opex": 125714000,
      "cogs": 516750000,
      "rd": 33095000,
      "sga": 100597000,
      "fcf": 62659000,
      "ocf": 93213000,
      "capex": -30554000,
      "gross_margin": 0.26945848742917244,
      "op_margin": 0.09173367715083862,
      "fcf_margin": 0.08858248792680307,
      "fcf_margin_change": 0.0810295480923105
    },
    {
      "date": "2021-10-02T00:00:00",
      "quarter_label": "2021-10 (Q4)",
      "revenue": 724285000,
      "gross_profit": 195569000,
      "operating_income": 62722000,
      "net_income": 34568000,
      "opex": 132847000,
      "cogs": 528716000,
      "rd": 33972000,
      "sga": 106697000,
      "fcf": 22485000,
      "ocf": 62646000,
      "capex": -40161000,
      "gross_margin": 0.27001663709727525,
      "op_margin": 0.08659850749359714,
      "fcf_margin": 0.03104440931401313,
      "op_leverage_ratio": 0.4219002120346315,
      "fcf_margin_change": -0.057538078612789936
    },
    {
      "date": "2022-01-01T00:00:00",
      "quarter_label": "2022-01 (Q1)",
      "revenue": 724086000,
      "gross_profit": 192880000,
      "operating_income": 80405000,
      "net_income": 46265000,
      "opex": 112475000,
      "cogs": 529706000,
      "rd": 27708000,
      "sga": 111797000,
      "fcf": 120126000,
      "ocf": 157185000,
      "capex": -37059000,
      "gross_margin": 0.26637719828860107,
      "op_margin": 0.11104343959142975,
      "fcf_margin": 0.16590018312741855,
      "fcf_margin_change": 0.1348557738134054
    },
    {
      "date": "2022-04-02T00:00:00",
      "quarter_label": "2022-04 (Q2)",
      "revenue": 770787000,
      "gross_profit": 213012000,
      "operating_income": 57239000,
      "net_income": 29087000,
      "opex": 155773000,
      "cogs": 556070000,
      "rd": 30720000,
      "sga": 111019000,
      "fcf": -14016000,
      "ocf": 23012000,
      "capex": -37028000,
      "gross_margin": 0.2763565031584601,
      "op_margin": 0.07426046365597759,
      "fcf_margin": -0.018184011925473573,
      "incr_op_margin_yoy": -0.4433328486258543,
      "rev_growth_yoy": 0.04669324635185673,
      "op_leverage_ratio": 0.16754219282453228,
      "fcf_margin_change": -0.18408419505289214
    },
    {
      "date": "2022-07-02T00:00:00",
      "quarter_label": "2022-07 (Q3)",
      "revenue": 772911000,
      "gross_profit": 211743000,
      "operating_income": 79305000,
      "net_income": 50409000,
      "opex": 132438000,
      "cogs": 560966000,
      "rd": 25890000,
      "sga": 113886000,
      "fcf": -28559000,
      "ocf": 4067000,
      "capex": -32626000,
      "gross_margin": 0.27395521605980505,
      "op_margin": 0.10260560400874098,
      "fcf_margin": -0.03694992049537398,
      "incr_op_margin_yoy": 0.2199087844536982,
      "rev_growth_yoy": 0.09268228548162726,
      "rev_growth_yoy_accel": 0.04598903912977052,
      "fcf_margin_change": -0.01876590856990041
    },
    {
      "date": "2022-10-01T00:00:00",
      "quarter_label": "2022-10 (Q4)",
      "revenue": 767999000,
      "gross_profit": 203166000,
      "operating_income": 65899000,
      "net_income": 29416000,
      "opex": 137267000,
      "cogs": 564642000,
      "rd": 25209000,
      "sga": 111829000,
      "fcf": 29820000,
      "ocf": 62538000,
      "capex": -32718000,
      "gross_margin": 0.2645394069523528,
      "op_margin": 0.08580610131002775,
      "fcf_margin": 0.03882817555752026,
      "incr_op_margin_yoy": 0.07267694560095164,
      "rev_growth_yoy": 0.06035469462987636,
      "rev_growth_yoy_accel": -0.032327590851750895,
      "fcf_margin_change": 0.07577809605289423
    },
    {
      "date": "2022-12-31T00:00:00",
      "quarter_label": "2022-12 (Q4)",
      "revenue": 760103000,
      "gross_profit": 203686000,
      "operating_income": 86763000,
      "net_income": 46016000,
      "opex": 116923000,
      "cogs": 556417000,
      "rd": 23862000,
      "sga": 113165000,
      "fcf": -22042000,
      "ocf": 8083000,
      "capex": -30125000,
      "gross_margin": 0.2679715775362023,
      "op_margin": 0.11414637226796895,
      "fcf_margin": -0.02899870149177151,
      "incr_op_margin_yoy": 0.17652775078435184,
      "rev_growth_yoy": 0.04974132906864654,
      "rev_growth_yoy_accel": -0.01061336556122982,
      "fcf_margin_change": -0.06782687704929177
    },
    {
      "date": "2023-04-01T00:00:00",
      "quarter_label": "2023-04 (Q2)",
      "revenue": 836792000,
      "gross_profit": 221315000,
      "operating_income": 83766000,
      "net_income": 43013000,
      "opex": 137549000,
      "cogs": 615477000,
      "rd": 26743000,
      "sga": 116695000,
      "fcf": -100717000,
      "ocf": -41099000,
      "capex": -59618000,
      "gross_margin": 0.2644803009589002,
      "op_margin": 0.10010372948116139,
      "fcf_margin": -0.12036085431027066,
      "incr_op_margin_yoy": 0.40189379592455116,
      "rev_growth_yoy": 0.085633255361079,
      "rev_growth_yoy_accel": 0.035891926292432465,
      "op_leverage_ratio": 0.5719335385831257,
      "fcf_margin_change": -0.09136215281849915
    },
    {
      "date": "2023-07-01T00:00:00",
      "quarter_label": "2023-07 (Q3)",
      "revenue": 850176000,
      "gross_profit": 222633000,
      "operating_income": 84508000,
      "net_income": 42387000,
      "opex": 138125000,
      "cogs": 627543000,
      "rd": 26502000,
      "sga": 121935000,
      "fcf": -19412000,
      "ocf": 15919000,
      "capex": -35331000,
      "gross_margin": 0.26186695460704607,
      "op_margin": 0.09940059470039145,
      "fcf_margin": -0.022832919301415237,
      "incr_op_margin_yoy": 0.06733967514398499,
      "rev_growth_yoy": 0.09996623155835536,
      "rev_growth_yoy_accel": 0.01433297619727636,
      "op_leverage_ratio": 3.819472278920236,
      "fcf_margin_change": 0.09752793500885543
    },
    {
      "date": "2023-09-30T00:00:00",
      "quarter_label": "2023-09 (Q3)",
      "revenue": 872051000,
      "gross_profit": 243898000,
      "operating_income": 87880000,
      "net_income": 39582000,
      "opex": 156018000,
      "cogs": 623808000,
      "rd": 29444000,
      "sga": 118041000,
      "fcf": 104513000,
      "ocf": 156748000,
      "capex": -52235000,
      "gross_margin": 0.2796831836670103,
      "op_margin": 0.10077392262608494,
      "fcf_margin": 0.11984734837756049,
      "incr_op_margin_yoy": 0.2112501441586899,
      "rev_growth_yoy": 0.13548455141217633,
      "rev_growth_yoy_accel": 0.035518319853820965,
      "op_leverage_ratio": 0.19862245699201195,
      "fcf_margin_change": 0.14268026767897574
    },
    {
      "date": "2023-12-30T00:00:00",
      "quarter_label": "2023-12 (Q4)",
      "revenue": 856850000,
      "gross_profit": 233199000,
      "operating_income": 94536000,
      "net_income": 47812000,
      "opex": 138663000,
      "cogs": 623651000,
      "rd": 30579000,
      "sga": 118725000,
      "fcf": 22872000,
      "ocf": 61922000,
      "capex": -39050000,
      "gross_margin": 0.2721584874832234,
      "op_margin": 0.11032969597945964,
      "fcf_margin": 0.026693120149384374,
      "incr_op_margin_yoy": 0.08034357654500915,
      "rev_growth_yoy": 0.12728143422667718,
      "rev_growth_yoy_accel": -0.008203117185499154,
      "fcf_margin_change": -0.09315422822817612
    },
    {
      "date": "2024-03-30T00:00:00",
      "quarter_label": "2024-03 (Q1)",
      "revenue": 930303000,
      "gross_profit": 266778000,
      "operating_income": 112012000,
      "net_income": 60003000,
      "opex": 154766000,
      "cogs": 663350000,
      "rd": 28382000,
      "sga": 124961000,
      "fcf": -84246000,
      "ocf": -42786000,
      "capex": -41460000,
      "gross_margin": 0.2867646347480337,
      "op_margin": 0.12040378242357598,
      "fcf_margin": -0.09055759252630595,
      "incr_op_margin_yoy": 0.30206072012918267,
      "rev_growth_yoy": 0.1117493953097066,
      "rev_growth_yoy_accel": -0.01553203891697058,
      "op_leverage_ratio": 0.7381736460489325,
      "fcf_margin_change": -0.11725071267569032
    },
    {
      "date": "2024-06-29T00:00:00",
      "quarter_label": "2024-06 (Q2)",
      "revenue": 904735000,
      "gross_profit": 251463000,
      "operating_income": 105380000,
      "net_income": 56360000,
      "opex": 146083000,
      "cogs": 651672000,
      "rd": 27791000,
      "sga": 126361000,
      "fcf": -2049000,
      "ocf": 31264000,
      "capex": -33313000,
      "gross_margin": 0.27794105456293833,
      "op_margin": 0.11647609521019966,
      "fcf_margin": -0.0022647515570857766,
      "incr_op_margin_yoy": 0.38255833134771533,
      "rev_growth_yoy": 0.06417377107798856,
      "rev_growth_yoy_accel": -0.04757562423171803,
      "fcf_margin_change": 0.08829284096922017
    },
    {
      "date": "2024-09-28T00:00:00",
      "quarter_label": "2024-09 (Q3)",
      "revenue": 917272000,
      "gross_profit": 245479000,
      "operating_income": 83413000,
      "net_income": 43045000,
      "opex": 162066000,
      "cogs": 666541000,
      "rd": 26021000,
      "sga": 124840000,
      "fcf": 109290000,
      "ocf": 147462000,
      "capex": -38172000,
      "gross_margin": 0.267618547170305,
      "op_margin": 0.09093594920590621,
      "fcf_margin": 0.11914677434828491,
      "incr_op_margin_yoy": -0.09878153955020898,
      "rev_growth_yoy": 0.05185591209688424,
      "rev_growth_yoy_accel": -0.012317858981104324,
      "op_leverage_ratio": 0.12665245544674245,
      "fcf_margin_change": 0.12141152590537069
    },
    {
      "date": "2024-12-28T00:00:00",
      "quarter_label": "2024-12 (Q4)",
      "revenue": 910315000,
      "gross_profit": 242275000,
      "operating_income": 101157000,
      "net_income": 53113000,
      "opex": 141118000,
      "cogs": 668040000,
      "rd": 23605000,
      "sga": 127781000,
      "fcf": -165688000,
      "ocf": -132910000,
      "capex": -32778000,
      "gross_margin": 0.26614413691963773,
      "op_margin": 0.11112307278249836,
      "fcf_margin": -0.1820117212173808,
      "incr_op_margin_yoy": 0.12383802487608717,
      "rev_growth_yoy": 0.0623971523603898,
      "rev_growth_yoy_accel": 0.010541240263505558,
      "fcf_margin_change": -0.3011584955656657
    },
    {
      "date": "2025-03-29T00:00:00",
      "quarter_label": "2025-03 (Q1)",
      "revenue": 934840000,
      "gross_profit": 256043000,
      "operating_income": 109307000,
      "net_income": 55754000,
      "opex": 146736000,
      "cogs": 676648000,
      "rd": 24481000,
      "sga": 133102000,
      "fcf": 2412000,
      "ocf": 40016000,
      "capex": -37604000,
      "gross_margin": 0.2738896495657011,
      "op_margin": 0.11692589106157203,
      "fcf_margin": 0.002580120662359334,
      "incr_op_margin_yoy": -0.5962089486444787,
      "rev_growth_yoy": 0.004876905696316146,
      "rev_growth_yoy_accel": -0.057520246664073654,
      "op_leverage_ratio": 0.6767339975014849,
      "fcf_margin_change": 0.18459184187974012
    },
    {
      "date": "2025-06-28T00:00:00",
      "quarter_label": "2025-06 (Q2)",
      "revenue": 971363000,
      "gross_profit": 265839000,
      "operating_income": 111867000,
      "net_income": 59707000,
      "opex": 153972000,
      "cogs": 699685000,
      "rd": 21906000,
      "sga": 138801000,
      "fcf": 92632000,
      "ocf": 125291000,
      "capex": -32659000,
      "gross_margin": 0.2736762672656875,
      "op_margin": 0.11516497951847043,
      "fcf_margin": 0.09536290758449725,
      "incr_op_margin_yoy": 0.09736146965239839,
      "rev_growth_yoy": 0.07364366361420747,
      "rev_growth_yoy_accel": 0.06876675791789133,
      "op_leverage_ratio": 0.7922591696857803,
      "fcf_margin_change": 0.09278278692213791
    },
    {
      "date": "2025-09-27T00:00:00",
      "quarter_label": "2025-09 (Q3)",
      "revenue": 1044106000,
      "gross_profit": 293191000,
      "operating_income": 127275000,
      "net_income": 66454000,
      "opex": 165916000,
      "cogs": 750429000,
      "rd": 23679000,
      "sga": 154284000,
      "fcf": 198999000,
      "ocf": 240689000,
      "capex": -41690000,
      "gross_margin": 0.28080578025602765,
      "op_margin": 0.12189854286825284,
      "fcf_margin": 0.19059271759763854,
      "incr_op_margin_yoy": 0.3458220981755681,
      "rev_growth_yoy": 0.13827305314018087,
      "rev_growth_yoy_accel": 0.0646293895259734,
      "op_leverage_ratio": 0.9653873580539025,
      "fcf_margin_change": 0.09522981001314129
    },
    {
      "date": "2026-01-03T00:00:00",
      "quarter_label": "2026-01 (Q1)",
      "revenue": 1100346000,
      "gross_profit": 294240000,
      "operating_income": 135446000,
      "net_income": 78851000,
      "opex": 158794000,
      "cogs": 806106000,
      "rd": 24634000,
      "sga": 148959000,
      "fcf": -79148000,
      "ocf": -44768000,
      "capex": -34380000,
      "gross_margin": 0.2674067974982415,
      "op_margin": 0.12309400861183664,
      "fcf_margin": -0.07193010198610256,
      "incr_op_margin_yoy": 0.18043898100836178,
      "rev_growth_yoy": 0.20875301406655938,
      "rev_growth_yoy_accel": 0.07047996092637851,
      "op_leverage_ratio": Infinity,
      "fcf_margin_change": -0.26252281958374113
    }
  ],
  "signals": [
    {
      "quarter": "2026-01 (Q1)",
      "signal": "YoY REVENUE GROWTH ACCELERATION",
      "detail": "YoY growth: +20.9% vs prior quarter YoY: +13.8% (accel: +7.0%)",
      "severity": "MEDIUM"
    },
    {
      "quarter": "2025-09 (Q3)",
      "signal": "FCF MARGIN EXPANSION",
      "detail": "FCF margin: +9.5% -> +19.1% (+9.5%)",
      "severity": "MEDIUM"
    },
    {
      "quarter": "2025-09 (Q3)",
      "signal": "YoY REVENUE GROWTH ACCELERATION",
      "detail": "YoY growth: +13.8% vs prior quarter YoY: +7.4% (accel: +6.5%)",
      "severity": "MEDIUM"
    },
    {
      "quarter": "2025-09 (Q3)",
      "signal": "INCREMENTAL MARGIN (YoY)",
      "detail": "YoY Incr OPM: +34.6% vs year-ago OPM: +9.1%",
      "severity": "HIGH"
    },
    {
      "quarter": "2025-06 (Q2)",
      "signal": "FCF MARGIN EXPANSION",
      "detail": "FCF margin: +0.3% -> +9.5% (+9.3%)",
      "severity": "MEDIUM"
    },
    {
      "quarter": "2025-06 (Q2)",
      "signal": "YoY REVENUE GROWTH ACCELERATION",
      "detail": "YoY growth: +7.4% vs prior quarter YoY: +0.5% (accel: +6.9%)",
      "severity": "MEDIUM"
    },
    {
      "quarter": "2025-03 (Q1)",
      "signal": "FCF TURNED POSITIVE",
      "detail": "FCF margin: -18.2% -> +0.3%",
      "severity": "HIGH"
    },
    {
      "quarter": "2025-03 (Q1)",
      "signal": "YoY REVENUE GROWTH DECELERATION",
      "detail": "YoY growth: +0.5% vs prior quarter YoY: +6.2% (decel: -5.8%)",
      "severity": "WARNING"
    },
    {
      "quarter": "2024-09 (Q3)",
      "signal": "FCF TURNED POSITIVE",
      "detail": "FCF margin: -0.2% -> +11.9%",
      "severity": "HIGH"
    },
    {
      "quarter": "2024-06 (Q2)",
      "signal": "FCF MARGIN EXPANSION",
      "detail": "FCF margin: -9.1% -> -0.2% (+8.8%)",
      "severity": "MEDIUM"
    },
    {
      "quarter": "2024-06 (Q2)",
      "signal": "INCREMENTAL MARGIN (YoY)",
      "detail": "YoY Incr OPM: +38.3% vs year-ago OPM: +9.9%",
      "severity": "HIGH"
    },
    {
      "quarter": "2024-03 (Q1)",
      "signal": "INCREMENTAL MARGIN (YoY)",
      "detail": "YoY Incr OPM: +30.2% vs year-ago OPM: +10.0%",
      "severity": "HIGH"
    },
    {
      "quarter": "2023-09 (Q3)",
      "signal": "FCF TURNED POSITIVE",
      "detail": "FCF margin: -2.3% -> +12.0%",
      "severity": "HIGH"
    },
    {
      "quarter": "2023-09 (Q3)",
      "signal": "INCREMENTAL MARGIN (YoY)",
      "detail": "YoY Incr OPM: +21.1% vs year-ago OPM: +8.6%",
      "severity": "MEDIUM"
    },
    {
      "quarter": "2023-07 (Q3)",
      "signal": "FCF MARGIN EXPANSION",
      "detail": "FCF margin: -12.0% -> -2.3% (+9.8%)",
      "severity": "MEDIUM"
    },
    {
      "quarter": "2023-07 (Q3)",
      "signal": "OPERATING LEVERAGE",
      "detail": "Rev growth +1.6% vs OpEx growth +0.4% (leverage: 3.8x)",
      "severity": "MEDIUM"
    },
    {
      "quarter": "2023-04 (Q2)",
      "signal": "INCREMENTAL MARGIN (YoY)",
      "detail": "YoY Incr OPM: +40.2% vs year-ago OPM: +7.4%",
      "severity": "HIGH"
    },
    {
      "quarter": "2022-10 (Q4)",
      "signal": "FCF TURNED POSITIVE",
      "detail": "FCF margin: -3.7% -> +3.9%",
      "severity": "HIGH"
    },
    {
      "quarter": "2022-07 (Q3)",
      "signal": "INCREMENTAL MARGIN (YoY)",
      "detail": "YoY Incr OPM: +22.0% vs year-ago OPM: +9.2%",
      "severity": "MEDIUM"
    },
    {
      "quarter": "2022-01 (Q1)",
      "signal": "FCF MARGIN EXPANSION",
      "detail": "FCF margin: +3.1% -> +16.6% (+13.5%)",
      "severity": "MEDIUM"
    },
    {
      "quarter": "2021-07 (Q3)",
      "signal": "FCF MARGIN EXPANSION",
      "detail": "FCF margin: +0.8% -> +8.9% (+8.1%)",
      "severity": "MEDIUM"
    }
  ],
  "data_quality": {
    "n_quarters": 20,
    "coverage": {
      "revenue": [
        20,
        20
      ],
      "gross_profit": [
        20,
        20
      ],
      "op_income": [
        20,
        20
      ],
      "fcf": [
        20,
        20
      ]
    },
    "gaps": [],
    "warnings": []
  },
  "market_cap": null,
  "source": "SEC EDGAR",
  "last_updated": "2026-02-02T20:39:36.277611",
  "sector": "Industrials",
  "industry": "Aerospace & Defense"
}