{
  "ticker": "MOS",
  "name": "MOSAIC CO",
  "quarters": [
    {
      "date": "2020-12-31T00:00:00",
      "quarter_label": "2020-12 (Q4)",
      "revenue": 2457400000,
      "gross_profit": 411400000,
      "operating_income": 294800000,
      "net_income": 827900000,
      "opex": 116600000,
      "cogs": 2046000000,
      "rd": null,
      "sga": 110900000,
      "fcf": -146400000,
      "ocf": 238400000,
      "capex": -384800000,
      "gross_margin": 0.1674127126230976,
      "op_margin": 0.11996418979409132,
      "fcf_margin": -0.05957516073899243
    },
    {
      "date": "2021-03-31T00:00:00",
      "quarter_label": "2021-03 (Q1)",
      "revenue": 2297100000,
      "gross_profit": 434900000,
      "operating_income": 313200000,
      "net_income": 156700000,
      "opex": 121700000,
      "cogs": 1862200000,
      "rd": null,
      "sga": 101700000,
      "fcf": 30200000,
      "ocf": 318800000,
      "capex": -288600000,
      "gross_margin": 0.18932567149884638,
      "op_margin": 0.13634582734752515,
      "fcf_margin": 0.013147011449218579,
      "fcf_margin_change": 0.072722172188211
    },
    {
      "date": "2021-06-30T00:00:00",
      "quarter_label": "2021-06 (Q2)",
      "revenue": 2800700000,
      "gross_profit": 752300000,
      "operating_income": 484000000,
      "net_income": 437200000,
      "opex": 268300000,
      "cogs": 2048400000,
      "rd": null,
      "sga": 107600000,
      "fcf": 717900000,
      "ocf": 1015100000,
      "capex": -297200000,
      "gross_margin": 0.26861141857392795,
      "op_margin": 0.17281393937229977,
      "fcf_margin": 0.2563287749491199,
      "op_leverage_ratio": 0.18199624498366557,
      "fcf_margin_change": 0.24318176349990128
    },
    {
      "date": "2021-09-30T00:00:00",
      "quarter_label": "2021-09 (Q3)",
      "revenue": 3418600000,
      "gross_profit": 864500000,
      "operating_income": 701600000,
      "net_income": 371900000,
      "opex": 162900000,
      "cogs": 2554100000,
      "rd": null,
      "sga": 97700000,
      "fcf": 82700000,
      "ocf": 422700000,
      "capex": -340000000,
      "gross_margin": 0.252881296437138,
      "op_margin": 0.20523021119756626,
      "fcf_margin": 0.02419118937576786,
      "op_leverage_ratio": Infinity,
      "fcf_margin_change": -0.232137585573352
    },
    {
      "date": "2021-12-31T00:00:00",
      "quarter_label": "2021-12 (Q4)",
      "revenue": 3841000000,
      "gross_profit": 1148600000,
      "operating_income": 969700000,
      "net_income": 664800000,
      "opex": 178900000,
      "cogs": 2692400000,
      "rd": null,
      "sga": 123500000,
      "fcf": 67600000,
      "ocf": 430400000,
      "capex": -362800000,
      "gross_margin": 0.299036709190315,
      "op_margin": 0.2524602967977089,
      "fcf_margin": 0.017599583441812026,
      "incr_op_margin_yoy": 0.48778548713501013,
      "rev_growth_yoy": 0.5630341010824449,
      "op_leverage_ratio": 1.2579886503246944,
      "fcf_margin_change": -0.006591605933955833
    },
    {
      "date": "2022-03-31T00:00:00",
      "quarter_label": "2022-03 (Q1)",
      "revenue": 3922300000,
      "gross_profit": 1439100000,
      "operating_income": 1255800000,
      "net_income": 1182000000,
      "opex": 183300000,
      "cogs": 2483200000,
      "rd": null,
      "sga": 132400000,
      "fcf": 215700000,
      "ocf": 506200000,
      "capex": -290500000,
      "gross_margin": 0.3669020727634296,
      "op_margin": 0.32016928842770825,
      "fcf_margin": 0.05499324376003875,
      "incr_op_margin_yoy": 0.579990155057839,
      "rev_growth_yoy": 0.7075007618301337,
      "rev_growth_yoy_accel": 0.14446666074768877,
      "op_leverage_ratio": 0.860605074436108,
      "fcf_margin_change": 0.037393660318226725
    },
    {
      "date": "2022-06-30T00:00:00",
      "quarter_label": "2022-06 (Q2)",
      "revenue": 5373100000,
      "gross_profit": 1846300000,
      "operating_income": 1674200000,
      "net_income": 1035900000,
      "opex": 172100000,
      "cogs": 3526800000,
      "rd": null,
      "sga": 108200000,
      "fcf": 1322500000,
      "ocf": 1585100000,
      "capex": -262600000,
      "gross_margin": 0.34361913978894865,
      "op_margin": 0.3115892129310826,
      "fcf_margin": 0.24613351696413616,
      "incr_op_margin_yoy": 0.4626807650443166,
      "rev_growth_yoy": 0.9184846645481487,
      "rev_growth_yoy_accel": 0.21098390271801504,
      "op_leverage_ratio": Infinity,
      "fcf_margin_change": 0.1911402732040974
    },
    {
      "date": "2022-09-30T00:00:00",
      "quarter_label": "2022-09 (Q3)",
      "revenue": 5348500000,
      "gross_profit": 1502000000,
      "operating_income": 1154700000,
      "net_income": 841700000,
      "opex": 347300000,
      "cogs": 3846500000,
      "rd": null,
      "sga": 124500000,
      "fcf": 535100000,
      "ocf": 888800000,
      "capex": -353700000,
      "gross_margin": 0.2808263999252127,
      "op_margin": 0.21589230625408992,
      "fcf_margin": 0.1000467420772179,
      "incr_op_margin_yoy": 0.23477900409347635,
      "rev_growth_yoy": 0.5645293394956999,
      "rev_growth_yoy_accel": -0.35395532505244875,
      "fcf_margin_change": -0.14608677488691824
    },
    {
      "date": "2022-12-31T00:00:00",
      "quarter_label": "2022-12 (Q4)",
      "revenue": 4481300000,
      "gross_profit": 968400000,
      "operating_income": 700600000,
      "net_income": 523200000,
      "opex": 267800000,
      "cogs": 3512900000,
      "rd": null,
      "sga": 132900000,
      "fcf": 615200000,
      "ocf": 955700000,
      "capex": -340500000,
      "gross_margin": 0.21609800727467476,
      "op_margin": 0.15633856247071162,
      "fcf_margin": 0.13728159239506393,
      "incr_op_margin_yoy": -0.42027174761830394,
      "rev_growth_yoy": 0.16670137984899766,
      "rev_growth_yoy_accel": -0.39782795964670226,
      "fcf_margin_change": 0.03723485031784603
    },
    {
      "date": "2023-03-31T00:00:00",
      "quarter_label": "2023-03 (Q1)",
      "revenue": 3604300000,
      "gross_profit": 670400000,
      "operating_income": 544600000,
      "net_income": 434800000,
      "opex": 125800000,
      "cogs": 2933900000,
      "rd": null,
      "sga": 127700000,
      "fcf": -172500000,
      "ocf": 149000000,
      "capex": -321500000,
      "gross_margin": 0.1860000554892767,
      "op_margin": 0.15109730044668868,
      "fcf_margin": -0.04785950115140249,
      "incr_op_margin_yoy": 2.2364779874213836,
      "rev_growth_yoy": -0.08107487953496673,
      "rev_growth_yoy_accel": -0.2477762593839644,
      "fcf_margin_change": -0.18514109354646643
    },
    {
      "date": "2023-06-30T00:00:00",
      "quarter_label": "2023-06 (Q2)",
      "revenue": 3394000000,
      "gross_profit": 571100000,
      "operating_income": 369200000,
      "net_income": 369000000,
      "opex": 201900000,
      "cogs": 2822900000,
      "rd": null,
      "sga": 129900000,
      "fcf": 762400000,
      "ocf": 1072700000,
      "capex": -310300000,
      "gross_margin": 0.16826753093694755,
      "op_margin": 0.10878020035356512,
      "fcf_margin": 0.22463170300530347,
      "incr_op_margin_yoy": 0.6593906321055025,
      "rev_growth_yoy": -0.36833485325045134,
      "rev_growth_yoy_accel": -0.2872599737154846,
      "fcf_margin_change": 0.27249120415670597
    },
    {
      "date": "2023-09-30T00:00:00",
      "quarter_label": "2023-09 (Q3)",
      "revenue": 3548300000,
      "gross_profit": 409600000,
      "operating_income": 145800000,
      "net_income": -4200000,
      "opex": 263800000,
      "cogs": 3138700000,
      "rd": null,
      "sga": 119900000,
      "fcf": 235700000,
      "ocf": 647400000,
      "capex": -411700000,
      "gross_margin": 0.11543556069103514,
      "op_margin": 0.04109009948426007,
      "fcf_margin": 0.06642617591522701,
      "incr_op_margin_yoy": 0.5604377291412065,
      "rev_growth_yoy": -0.3365803496307376,
      "rev_growth_yoy_accel": 0.03175450361971377,
      "op_leverage_ratio": 0.14828586605841534,
      "fcf_margin_change": -0.15820552709007646
    },
    {
      "date": "2023-12-31T00:00:00",
      "quarter_label": "2023-12 (Q4)",
      "revenue": 3149500000,
      "gross_profit": 559500000,
      "operating_income": 278500000,
      "net_income": 365300000,
      "opex": 281000000,
      "cogs": 2590000000,
      "rd": null,
      "sga": 123000000,
      "fcf": 179200000,
      "ocf": 538100000,
      "capex": -358900000,
      "gross_margin": 0.17764724559453882,
      "op_margin": 0.08842673440228607,
      "fcf_margin": 0.056897920304810286,
      "incr_op_margin_yoy": 0.31693948040246284,
      "rev_growth_yoy": -0.29719054738580325,
      "rev_growth_yoy_accel": 0.039389802244934324,
      "fcf_margin_change": -0.009528255610416723
    },
    {
      "date": "2024-03-31T00:00:00",
      "quarter_label": "2024-03 (Q1)",
      "revenue": 2679400000,
      "gross_profit": 399200000,
      "operating_income": 172900000,
      "net_income": 45200000,
      "opex": 226300000,
      "cogs": 2280200000,
      "rd": null,
      "sga": 106800000,
      "fcf": -463000000,
      "ocf": -80000000,
      "capex": -383000000,
      "gross_margin": 0.1489885795327312,
      "op_margin": 0.0645293722475181,
      "fcf_margin": -0.17279988057027693,
      "incr_op_margin_yoy": 0.4018812844631852,
      "rev_growth_yoy": -0.2566101600865633,
      "rev_growth_yoy_accel": 0.04058038729923996,
      "fcf_margin_change": -0.2296978008750872
    },
    {
      "date": "2024-06-30T00:00:00",
      "quarter_label": "2024-06 (Q2)",
      "revenue": 2816600000,
      "gross_profit": 394000000,
      "operating_income": 233300000,
      "net_income": -161500000,
      "opex": 160700000,
      "cogs": 2422600000,
      "rd": null,
      "sga": 128400000,
      "fcf": 513100000,
      "ocf": 847000000,
      "capex": -333900000,
      "gross_margin": 0.139884967691543,
      "op_margin": 0.08283036284882482,
      "fcf_margin": 0.18216999218916424,
      "incr_op_margin_yoy": 0.23536543124350537,
      "rev_growth_yoy": -0.17012374779021802,
      "rev_growth_yoy_accel": 0.08648641229634527,
      "op_leverage_ratio": Infinity,
      "fcf_margin_change": 0.35496987275944114
    },
    {
      "date": "2024-09-30T00:00:00",
      "quarter_label": "2024-09 (Q3)",
      "revenue": 2810900000,
      "gross_profit": 416800000,
      "operating_income": 115400000,
      "net_income": 122200000,
      "opex": 301400000,
      "cogs": 2394100000,
      "rd": null,
      "sga": 148200000,
      "fcf": 72100000,
      "ocf": 312900000,
      "capex": -240800000,
      "gross_margin": 0.14827991034899854,
      "op_margin": 0.04105446654096553,
      "fcf_margin": 0.025650147639546053,
      "incr_op_margin_yoy": 0.04122592893951722,
      "rev_growth_yoy": -0.20781782825578446,
      "rev_growth_yoy_accel": -0.03769408046556644,
      "fcf_margin_change": -0.1565198445496182
    },
    {
      "date": "2024-12-31T00:00:00",
      "quarter_label": "2024-12 (Q4)",
      "revenue": 2815900000,
      "gross_profit": 301900000,
      "operating_income": 99900000,
      "net_income": 169000000,
      "opex": 202000000,
      "cogs": 2514000000,
      "rd": null,
      "sga": 113500000,
      "fcf": -74800000,
      "ocf": 219300000,
      "capex": -294100000,
      "gross_margin": 0.10721261408430698,
      "op_margin": 0.035477112113356295,
      "fcf_margin": -0.026563443304094606,
      "incr_op_margin_yoy": 0.5353717026378897,
      "rev_growth_yoy": -0.10592157485315129,
      "rev_growth_yoy_accel": 0.10189625340263317,
      "fcf_margin_change": -0.052213590943640656
    },
    {
      "date": "2025-03-31T00:00:00",
      "quarter_label": "2025-03 (Q1)",
      "revenue": 2620900000,
      "gross_profit": 488400000,
      "operating_income": 338500000,
      "net_income": 238100000,
      "opex": 149900000,
      "cogs": 2132500000,
      "rd": null,
      "sga": 122600000,
      "fcf": -297900000,
      "ocf": 42900000,
      "capex": -340800000,
      "gross_margin": 0.1863482009996566,
      "op_margin": 0.1291541073676981,
      "fcf_margin": -0.11366324545003624,
      "incr_op_margin_yoy": -2.830769230769231,
      "rev_growth_yoy": -0.02183324624916026,
      "rev_growth_yoy_accel": 0.08408832860399103,
      "fcf_margin_change": -0.08709980214594164
    },
    {
      "date": "2025-06-30T00:00:00",
      "quarter_label": "2025-06 (Q2)",
      "revenue": 3005700000,
      "gross_profit": 518600000,
      "operating_income": 244400000,
      "net_income": 410700000,
      "opex": 274200000,
      "cogs": 2487100000,
      "rd": null,
      "sga": 167200000,
      "fcf": 304900000,
      "ocf": 609500000,
      "capex": -304600000,
      "gross_margin": 0.17253884286522275,
      "op_margin": 0.08131217353694647,
      "fcf_margin": 0.10144059620055228,
      "incr_op_margin_yoy": 0.058699101004759384,
      "rev_growth_yoy": 0.06713768373215934,
      "rev_growth_yoy_accel": 0.0889709299813196,
      "op_leverage_ratio": 0.17705782163779266,
      "fcf_margin_change": 0.21510384165058852
    },
    {
      "date": "2025-09-30T00:00:00",
      "quarter_label": "2025-09 (Q3)",
      "revenue": 3452100000,
      "gross_profit": 552300000,
      "operating_income": 339800000,
      "net_income": 411400000,
      "opex": 212500000,
      "cogs": 2899800000,
      "rd": null,
      "sga": 125500000,
      "fcf": -135900000,
      "ocf": 228500000,
      "capex": -364400000,
      "gross_margin": 0.15998957156513427,
      "op_margin": 0.09843283798267721,
      "fcf_margin": -0.03936734161814548,
      "incr_op_margin_yoy": 0.34996880848409234,
      "rev_growth_yoy": 0.2281119926002348,
      "rev_growth_yoy_accel": 0.16097430886807546,
      "op_leverage_ratio": Infinity,
      "fcf_margin_change": -0.14080793781869777
    }
  ],
  "signals": [
    {
      "quarter": "2025-09 (Q3)",
      "signal": "YoY REVENUE GROWTH ACCELERATION",
      "detail": "YoY growth: +22.8% vs prior quarter YoY: +6.7% (accel: +16.1%)",
      "severity": "HIGH"
    },
    {
      "quarter": "2025-09 (Q3)",
      "signal": "INCREMENTAL MARGIN (YoY)",
      "detail": "YoY Incr OPM: +35.0% vs year-ago OPM: +4.1%",
      "severity": "HIGH"
    },
    {
      "quarter": "2025-06 (Q2)",
      "signal": "FCF TURNED POSITIVE",
      "detail": "FCF margin: -11.4% -> +10.1%",
      "severity": "HIGH"
    },
    {
      "quarter": "2025-06 (Q2)",
      "signal": "YoY REVENUE GROWTH ACCELERATION",
      "detail": "YoY growth: +6.7% vs prior quarter YoY: -2.2% (accel: +8.9%)",
      "severity": "MEDIUM"
    },
    {
      "quarter": "2025-03 (Q1)",
      "signal": "GROSS MARGIN INFLECTION",
      "detail": "GM: +14.8% -> +10.7% -> +18.6% (reversal +7.9%)",
      "severity": "HIGH"
    },
    {
      "quarter": "2025-03 (Q1)",
      "signal": "YoY REVENUE GROWTH ACCELERATION",
      "detail": "YoY growth: -2.2% vs prior quarter YoY: -10.6% (accel: +8.4%)",
      "severity": "MEDIUM"
    },
    {
      "quarter": "2024-12 (Q4)",
      "signal": "YoY REVENUE GROWTH ACCELERATION",
      "detail": "YoY growth: -10.6% vs prior quarter YoY: -20.8% (accel: +10.2%)",
      "severity": "MEDIUM"
    },
    {
      "quarter": "2024-12 (Q4)",
      "signal": "INCREMENTAL MARGIN (YoY)",
      "detail": "YoY Incr OPM: +53.5% vs year-ago OPM: +8.8%",
      "severity": "HIGH"
    },
    {
      "quarter": "2024-06 (Q2)",
      "signal": "FCF TURNED POSITIVE",
      "detail": "FCF margin: -17.3% -> +18.2%",
      "severity": "HIGH"
    },
    {
      "quarter": "2024-06 (Q2)",
      "signal": "YoY REVENUE GROWTH ACCELERATION",
      "detail": "YoY growth: -17.0% vs prior quarter YoY: -25.7% (accel: +8.6%)",
      "severity": "MEDIUM"
    },
    {
      "quarter": "2024-06 (Q2)",
      "signal": "INCREMENTAL MARGIN (YoY)",
      "detail": "YoY Incr OPM: +23.5% vs year-ago OPM: +10.9%",
      "severity": "MEDIUM"
    },
    {
      "quarter": "2024-03 (Q1)",
      "signal": "INCREMENTAL MARGIN (YoY)",
      "detail": "YoY Incr OPM: +40.2% vs year-ago OPM: +15.1%",
      "severity": "HIGH"
    },
    {
      "quarter": "2023-12 (Q4)",
      "signal": "GROSS MARGIN INFLECTION",
      "detail": "GM: +16.8% -> +11.5% -> +17.8% (reversal +6.2%)",
      "severity": "HIGH"
    },
    {
      "quarter": "2023-12 (Q4)",
      "signal": "INCREMENTAL MARGIN (YoY)",
      "detail": "YoY Incr OPM: +31.7% vs year-ago OPM: +15.6%",
      "severity": "MEDIUM"
    },
    {
      "quarter": "2023-09 (Q3)",
      "signal": "INCREMENTAL MARGIN (YoY)",
      "detail": "YoY Incr OPM: +56.0% vs year-ago OPM: +21.6%",
      "severity": "HIGH"
    },
    {
      "quarter": "2023-06 (Q2)",
      "signal": "FCF TURNED POSITIVE",
      "detail": "FCF margin: -4.8% -> +22.5%",
      "severity": "HIGH"
    },
    {
      "quarter": "2023-06 (Q2)",
      "signal": "YoY REVENUE GROWTH DECELERATION",
      "detail": "YoY growth: -36.8% vs prior quarter YoY: -8.1% (decel: -28.7%)",
      "severity": "WARNING"
    },
    {
      "quarter": "2023-06 (Q2)",
      "signal": "INCREMENTAL MARGIN (YoY)",
      "detail": "YoY Incr OPM: +65.9% vs year-ago OPM: +31.2%",
      "severity": "HIGH"
    },
    {
      "quarter": "2023-03 (Q1)",
      "signal": "YoY REVENUE GROWTH DECELERATION",
      "detail": "YoY growth: -8.1% vs prior quarter YoY: +16.7% (decel: -24.8%)",
      "severity": "WARNING"
    },
    {
      "quarter": "2023-03 (Q1)",
      "signal": "INCREMENTAL MARGIN (YoY)",
      "detail": "YoY Incr OPM: +223.6% vs year-ago OPM: +32.0%",
      "severity": "HIGH"
    },
    {
      "quarter": "2022-12 (Q4)",
      "signal": "YoY REVENUE GROWTH DECELERATION",
      "detail": "YoY growth: +16.7% vs prior quarter YoY: +56.5% (decel: -39.8%)",
      "severity": "WARNING"
    },
    {
      "quarter": "2022-09 (Q3)",
      "signal": "YoY REVENUE GROWTH DECELERATION",
      "detail": "YoY growth: +56.5% vs prior quarter YoY: +91.8% (decel: -35.4%)",
      "severity": "WARNING"
    },
    {
      "quarter": "2022-06 (Q2)",
      "signal": "FCF MARGIN EXPANSION",
      "detail": "FCF margin: +5.5% -> +24.6% (+19.1%)",
      "severity": "MEDIUM"
    },
    {
      "quarter": "2022-06 (Q2)",
      "signal": "YoY REVENUE GROWTH ACCELERATION",
      "detail": "YoY growth: +91.8% vs prior quarter YoY: +70.8% (accel: +21.1%)",
      "severity": "HIGH"
    },
    {
      "quarter": "2022-06 (Q2)",
      "signal": "INCREMENTAL MARGIN (YoY)",
      "detail": "YoY Incr OPM: +46.3% vs year-ago OPM: +17.3%",
      "severity": "HIGH"
    },
    {
      "quarter": "2022-03 (Q1)",
      "signal": "YoY REVENUE GROWTH ACCELERATION",
      "detail": "YoY growth: +70.8% vs prior quarter YoY: +56.3% (accel: +14.4%)",
      "severity": "MEDIUM"
    },
    {
      "quarter": "2022-03 (Q1)",
      "signal": "INCREMENTAL MARGIN (YoY)",
      "detail": "YoY Incr OPM: +58.0% vs year-ago OPM: +13.6%",
      "severity": "HIGH"
    },
    {
      "quarter": "2021-12 (Q4)",
      "signal": "GROSS MARGIN INFLECTION",
      "detail": "GM: +26.9% -> +25.3% -> +29.9% (reversal +4.6%)",
      "severity": "MEDIUM"
    },
    {
      "quarter": "2021-12 (Q4)",
      "signal": "INCREMENTAL MARGIN (YoY)",
      "detail": "YoY Incr OPM: +48.8% vs year-ago OPM: +12.0%",
      "severity": "HIGH"
    },
    {
      "quarter": "2021-06 (Q2)",
      "signal": "FCF MARGIN EXPANSION",
      "detail": "FCF margin: +1.3% -> +25.6% (+24.3%)",
      "severity": "MEDIUM"
    },
    {
      "quarter": "2021-03 (Q1)",
      "signal": "FCF TURNED POSITIVE",
      "detail": "FCF margin: -6.0% -> +1.3%",
      "severity": "HIGH"
    }
  ],
  "data_quality": {
    "n_quarters": 20,
    "coverage": {
      "revenue": [
        20,
        20
      ],
      "gross_profit": [
        20,
        20
      ],
      "op_income": [
        20,
        20
      ],
      "fcf": [
        20,
        20
      ]
    },
    "gaps": [],
    "warnings": []
  },
  "market_cap": null,
  "source": "SEC EDGAR",
  "last_updated": "2026-02-02T20:42:04.766876",
  "sector": "Basic Materials",
  "industry": "Agricultural Inputs"
}