{
  "ticker": "MOVAA",
  "name": "MOVADO GROUP, INC.",
  "quarters": [
    {
      "date": "2021-01-31T00:00:00",
      "quarter_label": "2021-01 (Q1)",
      "revenue": 178330000,
      "gross_profit": 100797000,
      "operating_income": 25885000,
      "net_income": 30265000,
      "opex": 74912000,
      "cogs": 77533000,
      "rd": null,
      "sga": 74912000,
      "fcf": 74526000,
      "ocf": 75116000,
      "capex": -590000,
      "gross_margin": 0.5652273874278024,
      "op_margin": 0.14515224583637076,
      "fcf_margin": 0.4179106151516851
    },
    {
      "date": "2021-04-30T00:00:00",
      "quarter_label": "2021-04 (Q2)",
      "revenue": 134798000,
      "gross_profit": 74202000,
      "operating_income": 13256000,
      "net_income": 9409000,
      "opex": 60946000,
      "cogs": 60596000,
      "rd": null,
      "sga": 60946000,
      "fcf": -15780000,
      "ocf": -15373000,
      "capex": -407000,
      "gross_margin": 0.5504681078354279,
      "op_margin": 0.09833973797830828,
      "fcf_margin": -0.1170640513954213,
      "fcf_margin_change": -0.5349746665471063
    },
    {
      "date": "2021-07-31T00:00:00",
      "quarter_label": "2021-07 (Q3)",
      "revenue": 173874000,
      "gross_profit": 98453000,
      "operating_income": 24633000,
      "net_income": 19410000,
      "opex": 73820000,
      "cogs": 75421000,
      "rd": null,
      "sga": 73820000,
      "fcf": 36672000,
      "ocf": 38051000,
      "capex": -1379000,
      "gross_margin": 0.5662318690546028,
      "op_margin": 0.1416715552641568,
      "fcf_margin": 0.21091134959798474,
      "op_leverage_ratio": 1.3723293599919841,
      "fcf_margin_change": 0.32797540099340605
    },
    {
      "date": "2021-10-31T00:00:00",
      "quarter_label": "2021-10 (Q4)",
      "revenue": 217746000,
      "gross_profit": 125574000,
      "operating_income": 41403000,
      "net_income": 31405000,
      "opex": 84171000,
      "cogs": 92172000,
      "rd": null,
      "sga": 84171000,
      "fcf": 14165000,
      "ocf": 16016000,
      "capex": -1851000,
      "gross_margin": 0.5766994571656885,
      "op_margin": 0.19014356176462482,
      "fcf_margin": 0.06505285975402533,
      "op_leverage_ratio": 1.7994696248299145,
      "fcf_margin_change": -0.1458584898439594
    },
    {
      "date": "2022-01-31T00:00:00",
      "quarter_label": "2022-01 (Q1)",
      "revenue": 205975000,
      "gross_profit": 120836000,
      "operating_income": 38199000,
      "net_income": 31375000,
      "opex": 82637000,
      "cogs": 85139000,
      "rd": null,
      "sga": 82637000,
      "fcf": 90101000,
      "ocf": 92120000,
      "capex": -2019000,
      "gross_margin": 0.5866537201116641,
      "op_margin": 0.18545454545454546,
      "fcf_margin": 0.43743658210947933,
      "incr_op_margin_yoy": 0.4454331705552541,
      "rev_growth_yoy": 0.15502158918858297,
      "fcf_margin_change": 0.372383722355454
    },
    {
      "date": "2022-04-30T00:00:00",
      "quarter_label": "2022-04 (Q2)",
      "revenue": 163424000,
      "gross_profit": 96685000,
      "operating_income": 25294000,
      "net_income": 18513000,
      "opex": 71391000,
      "cogs": 66739000,
      "rd": null,
      "sga": 71391000,
      "fcf": -22133000,
      "ocf": -20752000,
      "capex": -1381000,
      "gross_margin": 0.5916205698061484,
      "op_margin": 0.15477530840023498,
      "fcf_margin": -0.13543298413941648,
      "incr_op_margin_yoy": 0.42052679382379654,
      "rev_growth_yoy": 0.21236220121960267,
      "rev_growth_yoy_accel": 0.0573406120310197,
      "fcf_margin_change": -0.5728695662488958
    },
    {
      "date": "2022-07-31T00:00:00",
      "quarter_label": "2022-07 (Q3)",
      "revenue": 182804000,
      "gross_profit": 106927000,
      "operating_income": 30657000,
      "net_income": 24003000,
      "opex": 76270000,
      "cogs": 75877000,
      "rd": null,
      "sga": 76270000,
      "fcf": -6246000,
      "ocf": -4640000,
      "capex": -1606000,
      "gross_margin": 0.5849270256668344,
      "op_margin": 0.16770420778538764,
      "fcf_margin": -0.03416774250016411,
      "incr_op_margin_yoy": 0.6745800671892497,
      "rev_growth_yoy": 0.05135903010225796,
      "rev_growth_yoy_accel": -0.16100317111734472,
      "op_leverage_ratio": 1.7352041742255795,
      "fcf_margin_change": 0.10126524163925238
    },
    {
      "date": "2022-10-31T00:00:00",
      "quarter_label": "2022-10 (Q4)",
      "revenue": 211397000,
      "gross_profit": 121027000,
      "operating_income": 38271000,
      "net_income": 29286000,
      "opex": 82756000,
      "cogs": 90370000,
      "rd": null,
      "sga": 82756000,
      "fcf": 27000,
      "ocf": 1743000,
      "capex": -1716000,
      "gross_margin": 0.5725104897420493,
      "op_margin": 0.1810385199411534,
      "fcf_margin": 0.00012772177467040686,
      "incr_op_margin_yoy": 0.4933060324460545,
      "rev_growth_yoy": -0.029157826090950006,
      "rev_growth_yoy_accel": -0.08051685619320796,
      "op_leverage_ratio": 1.8392926351656194,
      "fcf_margin_change": 0.03429546427483452
    },
    {
      "date": "2023-01-31T00:00:00",
      "quarter_label": "2023-01 (Q1)",
      "revenue": 194273000,
      "gross_profit": 109256000,
      "operating_income": 26132000,
      "net_income": 22726000,
      "opex": 83124000,
      "cogs": 85017000,
      "rd": null,
      "sga": 83124000,
      "fcf": 75608000,
      "ocf": 77990000,
      "capex": -2382000,
      "gross_margin": 0.5623838618850793,
      "op_margin": 0.13451174378323288,
      "fcf_margin": 0.3891842922073577,
      "incr_op_margin_yoy": 1.031191249359084,
      "rev_growth_yoy": -0.056812719990290084,
      "rev_growth_yoy_accel": -0.027654893899340078,
      "fcf_margin_change": 0.38905657043268727
    },
    {
      "date": "2023-04-30T00:00:00",
      "quarter_label": "2023-04 (Q2)",
      "revenue": 144905000,
      "gross_profit": 82003000,
      "operating_income": 10899000,
      "net_income": 9128000,
      "opex": 71104000,
      "cogs": 62902000,
      "rd": null,
      "sga": 71104000,
      "fcf": -23754000,
      "ocf": -21497000,
      "capex": -2257000,
      "gross_margin": 0.5659086988026638,
      "op_margin": 0.07521479590076256,
      "fcf_margin": -0.1639280908181222,
      "incr_op_margin_yoy": 0.7773097899454614,
      "rev_growth_yoy": -0.11331872919522225,
      "rev_growth_yoy_accel": -0.056506009204932164,
      "fcf_margin_change": -0.5531123830254798
    },
    {
      "date": "2023-07-31T00:00:00",
      "quarter_label": "2023-07 (Q3)",
      "revenue": 160390000,
      "gross_profit": 89286000,
      "operating_income": 9648000,
      "net_income": 8049000,
      "opex": 79638000,
      "cogs": 71104000,
      "rd": null,
      "sga": 79638000,
      "fcf": 28360000,
      "ocf": 30723000,
      "capex": -2363000,
      "gross_margin": 0.556680591059293,
      "op_margin": 0.06015337614564499,
      "fcf_margin": 0.17681900367853357,
      "incr_op_margin_yoy": 0.9373159632372624,
      "rev_growth_yoy": -0.12261219666965711,
      "rev_growth_yoy_accel": -0.009293467474434866,
      "op_leverage_ratio": 0.8903673642413805,
      "fcf_margin_change": 0.34074709449665574
    },
    {
      "date": "2023-10-31T00:00:00",
      "quarter_label": "2023-10 (Q4)",
      "revenue": 187686000,
      "gross_profit": 102328000,
      "operating_income": 20692000,
      "net_income": 17389000,
      "opex": 81636000,
      "cogs": 85358000,
      "rd": null,
      "sga": 81636000,
      "fcf": -3865000,
      "ocf": -1858000,
      "capex": -2007000,
      "gross_margin": 0.5452084865147108,
      "op_margin": 0.1102479673497224,
      "fcf_margin": -0.020592905171403303,
      "incr_op_margin_yoy": 0.7413858546666104,
      "rev_growth_yoy": -0.11216337034111175,
      "rev_growth_yoy_accel": 0.010448826328545366,
      "op_leverage_ratio": 6.783386815957425,
      "fcf_margin_change": -0.19741190884993687
    },
    {
      "date": "2024-01-31T00:00:00",
      "quarter_label": "2024-01 (Q1)",
      "revenue": 175753000,
      "gross_profit": 94094000,
      "operating_income": 10783000,
      "net_income": 9837000,
      "opex": 83311000,
      "cogs": 81659000,
      "rd": null,
      "sga": 83311000,
      "fcf": 67814000,
      "ocf": 69410000,
      "capex": -1596000,
      "gross_margin": 0.53537635203951,
      "op_margin": 0.06135314902163832,
      "fcf_margin": 0.3858483212235353,
      "incr_op_margin_yoy": 0.82877969762419,
      "rev_growth_yoy": -0.09532976790392901,
      "rev_growth_yoy_accel": 0.016833602437182738,
      "fcf_margin_change": 0.4064412263949386
    },
    {
      "date": "2024-04-30T00:00:00",
      "quarter_label": "2024-04 (Q2)",
      "revenue": 136669000,
      "gross_profit": 75513000,
      "operating_income": 3311000,
      "net_income": 2891000,
      "opex": 72202000,
      "cogs": 61156000,
      "rd": null,
      "sga": 72202000,
      "fcf": -19698000,
      "ocf": -18074000,
      "capex": -1624000,
      "gross_margin": 0.552524712992705,
      "op_margin": 0.02422641564656213,
      "fcf_margin": -0.144129246573839,
      "incr_op_margin_yoy": 0.921321029626032,
      "rev_growth_yoy": -0.05683723819053863,
      "rev_growth_yoy_accel": 0.03849252971339038,
      "fcf_margin_change": -0.5299775677973743
    },
    {
      "date": "2024-07-31T00:00:00",
      "quarter_label": "2024-07 (Q3)",
      "revenue": 159313000,
      "gross_profit": 86365000,
      "operating_income": 3030000,
      "net_income": 3721000,
      "opex": 83335000,
      "cogs": 72948000,
      "rd": null,
      "sga": 83335000,
      "fcf": -20125000,
      "ocf": -17836000,
      "capex": -2289000,
      "gross_margin": 0.5421089302191284,
      "op_margin": 0.01901916353342163,
      "fcf_margin": -0.12632365218155456,
      "incr_op_margin_yoy": 6.144846796657381,
      "rev_growth_yoy": -0.006714882473969699,
      "rev_growth_yoy_accel": 0.050122355716568937,
      "op_leverage_ratio": 1.0745339661462372,
      "fcf_margin_change": 0.017805594392284435
    },
    {
      "date": "2024-10-31T00:00:00",
      "quarter_label": "2024-10 (Q4)",
      "revenue": 182727000,
      "gross_profit": 98396000,
      "operating_income": 6550000,
      "net_income": 5050000,
      "opex": 91846000,
      "cogs": 84331000,
      "rd": null,
      "sga": 91846000,
      "fcf": -7172000,
      "ocf": -4717000,
      "capex": -2455000,
      "gross_margin": 0.5384863758503122,
      "op_margin": 0.03584582464550942,
      "fcf_margin": -0.039249809825586804,
      "incr_op_margin_yoy": 2.8517846339987902,
      "rev_growth_yoy": -0.026421789584731945,
      "rev_growth_yoy_accel": -0.019706907110762246,
      "op_leverage_ratio": 1.439034637196468,
      "fcf_margin_change": 0.08707384235596775
    },
    {
      "date": "2025-01-31T00:00:00",
      "quarter_label": "2025-01 (Q1)",
      "revenue": 181475000,
      "gross_profit": 98338000,
      "operating_income": 9222000,
      "net_income": 8053000,
      "opex": 89116000,
      "cogs": 81803000,
      "rd": null,
      "sga": 85742000,
      "fcf": 37525000,
      "ocf": 39123000,
      "capex": -1598000,
      "gross_margin": 0.5418818019010883,
      "op_margin": 0.05081691693070671,
      "fcf_margin": 0.20677779308444688,
      "incr_op_margin_yoy": -0.2728067109402307,
      "rev_growth_yoy": 0.032557054502625846,
      "rev_growth_yoy_accel": 0.05897884408735779,
      "fcf_margin_change": 0.24602760291003367
    },
    {
      "date": "2025-04-30T00:00:00",
      "quarter_label": "2025-04 (Q2)",
      "revenue": 131769000,
      "gross_profit": 71350000,
      "operating_income": 291000,
      "net_income": 1420000,
      "opex": 71059000,
      "cogs": 60419000,
      "rd": null,
      "sga": 71059000,
      "fcf": -8747000,
      "ocf": -7214000,
      "capex": -1533000,
      "gross_margin": 0.5414778893366422,
      "op_margin": 0.002208410172347062,
      "fcf_margin": -0.06638131882309192,
      "incr_op_margin_yoy": 0.6163265306122448,
      "rev_growth_yoy": -0.03585304641140273,
      "rev_growth_yoy_accel": -0.06841010091402858,
      "fcf_margin_change": -0.27315911190753883
    },
    {
      "date": "2025-07-31T00:00:00",
      "quarter_label": "2025-07 (Q3)",
      "revenue": 161829000,
      "gross_profit": 87565000,
      "operating_income": 4007000,
      "net_income": 2986000,
      "opex": 83558000,
      "cogs": 74264000,
      "rd": null,
      "sga": 83558000,
      "fcf": -5095000,
      "ocf": -3802000,
      "capex": -1293000,
      "gross_margin": 0.5410958480865605,
      "op_margin": 0.024760704200112463,
      "fcf_margin": -0.03148385023697854,
      "incr_op_margin_yoy": 0.3883147853736089,
      "rev_growth_yoy": 0.015792810379567267,
      "rev_growth_yoy_accel": 0.05164585679097,
      "op_leverage_ratio": 1.296938998614186,
      "fcf_margin_change": 0.03489746858611338
    },
    {
      "date": "2025-10-31T00:00:00",
      "quarter_label": "2025-10 (Q4)",
      "revenue": 186132000,
      "gross_profit": 101056000,
      "operating_income": 11725000,
      "net_income": 9583000,
      "opex": 89331000,
      "cogs": 85076000,
      "rd": null,
      "sga": 89331000,
      "fcf": 11596000,
      "ocf": 12282000,
      "capex": -686000,
      "gross_margin": 0.5429265252616423,
      "op_margin": 0.06299292974878043,
      "fcf_margin": 0.0622998732082608,
      "incr_op_margin_yoy": 1.5198237885462555,
      "rev_growth_yoy": 0.018634356170680853,
      "rev_growth_yoy_accel": 0.0028415457911135852,
      "op_leverage_ratio": 2.1736520010172087,
      "fcf_margin_change": 0.09378372344523934
    }
  ],
  "signals": [
    {
      "quarter": "2025-10 (Q4)",
      "signal": "FCF TURNED POSITIVE",
      "detail": "FCF margin: -3.1% -> +6.2%",
      "severity": "HIGH"
    },
    {
      "quarter": "2025-10 (Q4)",
      "signal": "OPERATING LEVERAGE",
      "detail": "Rev growth +15.0% vs OpEx growth +6.9% (leverage: 2.2x)",
      "severity": "MEDIUM"
    },
    {
      "quarter": "2025-10 (Q4)",
      "signal": "INCREMENTAL MARGIN (YoY)",
      "detail": "YoY Incr OPM: +152.0% vs year-ago OPM: +3.6%",
      "severity": "HIGH"
    },
    {
      "quarter": "2025-07 (Q3)",
      "signal": "YoY REVENUE GROWTH ACCELERATION",
      "detail": "YoY growth: +1.6% vs prior quarter YoY: -3.6% (accel: +5.2%)",
      "severity": "MEDIUM"
    },
    {
      "quarter": "2025-07 (Q3)",
      "signal": "INCREMENTAL MARGIN (YoY)",
      "detail": "YoY Incr OPM: +38.8% vs year-ago OPM: +1.9%",
      "severity": "HIGH"
    },
    {
      "quarter": "2025-04 (Q2)",
      "signal": "YoY REVENUE GROWTH DECELERATION",
      "detail": "YoY growth: -3.6% vs prior quarter YoY: +3.3% (decel: -6.8%)",
      "severity": "WARNING"
    },
    {
      "quarter": "2025-04 (Q2)",
      "signal": "INCREMENTAL MARGIN (YoY)",
      "detail": "YoY Incr OPM: +61.6% vs year-ago OPM: +2.4%",
      "severity": "HIGH"
    },
    {
      "quarter": "2025-01 (Q1)",
      "signal": "FCF TURNED POSITIVE",
      "detail": "FCF margin: -3.9% -> +20.7%",
      "severity": "HIGH"
    },
    {
      "quarter": "2025-01 (Q1)",
      "signal": "YoY REVENUE GROWTH ACCELERATION",
      "detail": "YoY growth: +3.3% vs prior quarter YoY: -2.6% (accel: +5.9%)",
      "severity": "MEDIUM"
    },
    {
      "quarter": "2024-10 (Q4)",
      "signal": "FCF MARGIN EXPANSION",
      "detail": "FCF margin: -12.6% -> -3.9% (+8.7%)",
      "severity": "MEDIUM"
    },
    {
      "quarter": "2024-10 (Q4)",
      "signal": "INCREMENTAL MARGIN (YoY)",
      "detail": "YoY Incr OPM: +285.2% vs year-ago OPM: +11.0%",
      "severity": "HIGH"
    },
    {
      "quarter": "2024-07 (Q3)",
      "signal": "YoY REVENUE GROWTH ACCELERATION",
      "detail": "YoY growth: -0.7% vs prior quarter YoY: -5.7% (accel: +5.0%)",
      "severity": "MEDIUM"
    },
    {
      "quarter": "2024-07 (Q3)",
      "signal": "INCREMENTAL MARGIN (YoY)",
      "detail": "YoY Incr OPM: +614.5% vs year-ago OPM: +6.0%",
      "severity": "HIGH"
    },
    {
      "quarter": "2024-04 (Q2)",
      "signal": "INCREMENTAL MARGIN (YoY)",
      "detail": "YoY Incr OPM: +92.1% vs year-ago OPM: +7.5%",
      "severity": "HIGH"
    },
    {
      "quarter": "2024-01 (Q1)",
      "signal": "FCF TURNED POSITIVE",
      "detail": "FCF margin: -2.1% -> +38.6%",
      "severity": "HIGH"
    },
    {
      "quarter": "2024-01 (Q1)",
      "signal": "INCREMENTAL MARGIN (YoY)",
      "detail": "YoY Incr OPM: +82.9% vs year-ago OPM: +13.5%",
      "severity": "HIGH"
    },
    {
      "quarter": "2023-10 (Q4)",
      "signal": "OPERATING LEVERAGE",
      "detail": "Rev growth +17.0% vs OpEx growth +2.5% (leverage: 6.8x)",
      "severity": "MEDIUM"
    },
    {
      "quarter": "2023-10 (Q4)",
      "signal": "INCREMENTAL MARGIN (YoY)",
      "detail": "YoY Incr OPM: +74.1% vs year-ago OPM: +18.1%",
      "severity": "HIGH"
    },
    {
      "quarter": "2023-07 (Q3)",
      "signal": "FCF TURNED POSITIVE",
      "detail": "FCF margin: -16.4% -> +17.7%",
      "severity": "HIGH"
    },
    {
      "quarter": "2023-07 (Q3)",
      "signal": "INCREMENTAL MARGIN (YoY)",
      "detail": "YoY Incr OPM: +93.7% vs year-ago OPM: +16.8%",
      "severity": "HIGH"
    },
    {
      "quarter": "2023-04 (Q2)",
      "signal": "YoY REVENUE GROWTH DECELERATION",
      "detail": "YoY growth: -11.3% vs prior quarter YoY: -5.7% (decel: -5.7%)",
      "severity": "WARNING"
    },
    {
      "quarter": "2023-04 (Q2)",
      "signal": "INCREMENTAL MARGIN (YoY)",
      "detail": "YoY Incr OPM: +77.7% vs year-ago OPM: +15.5%",
      "severity": "HIGH"
    },
    {
      "quarter": "2023-01 (Q1)",
      "signal": "FCF MARGIN EXPANSION",
      "detail": "FCF margin: +0.0% -> +38.9% (+38.9%)",
      "severity": "MEDIUM"
    },
    {
      "quarter": "2023-01 (Q1)",
      "signal": "INCREMENTAL MARGIN (YoY)",
      "detail": "YoY Incr OPM: +103.1% vs year-ago OPM: +18.5%",
      "severity": "HIGH"
    },
    {
      "quarter": "2022-10 (Q4)",
      "signal": "FCF TURNED POSITIVE",
      "detail": "FCF margin: -3.4% -> +0.0%",
      "severity": "HIGH"
    },
    {
      "quarter": "2022-10 (Q4)",
      "signal": "OPERATING LEVERAGE",
      "detail": "Rev growth +15.6% vs OpEx growth +8.5% (leverage: 1.8x)",
      "severity": "MEDIUM"
    },
    {
      "quarter": "2022-10 (Q4)",
      "signal": "YoY REVENUE GROWTH DECELERATION",
      "detail": "YoY growth: -2.9% vs prior quarter YoY: +5.1% (decel: -8.1%)",
      "severity": "WARNING"
    },
    {
      "quarter": "2022-10 (Q4)",
      "signal": "INCREMENTAL MARGIN (YoY)",
      "detail": "YoY Incr OPM: +49.3% vs year-ago OPM: +19.0%",
      "severity": "HIGH"
    },
    {
      "quarter": "2022-07 (Q3)",
      "signal": "FCF MARGIN EXPANSION",
      "detail": "FCF margin: -13.5% -> -3.4% (+10.1%)",
      "severity": "MEDIUM"
    },
    {
      "quarter": "2022-07 (Q3)",
      "signal": "OPERATING LEVERAGE",
      "detail": "Rev growth +11.9% vs OpEx growth +6.8% (leverage: 1.7x)",
      "severity": "MEDIUM"
    },
    {
      "quarter": "2022-07 (Q3)",
      "signal": "YoY REVENUE GROWTH DECELERATION",
      "detail": "YoY growth: +5.1% vs prior quarter YoY: +21.2% (decel: -16.1%)",
      "severity": "WARNING"
    },
    {
      "quarter": "2022-07 (Q3)",
      "signal": "INCREMENTAL MARGIN (YoY)",
      "detail": "YoY Incr OPM: +67.5% vs year-ago OPM: +14.2%",
      "severity": "HIGH"
    },
    {
      "quarter": "2022-04 (Q2)",
      "signal": "YoY REVENUE GROWTH ACCELERATION",
      "detail": "YoY growth: +21.2% vs prior quarter YoY: +15.5% (accel: +5.7%)",
      "severity": "MEDIUM"
    },
    {
      "quarter": "2022-04 (Q2)",
      "signal": "INCREMENTAL MARGIN (YoY)",
      "detail": "YoY Incr OPM: +42.1% vs year-ago OPM: +9.8%",
      "severity": "HIGH"
    },
    {
      "quarter": "2022-01 (Q1)",
      "signal": "FCF MARGIN EXPANSION",
      "detail": "FCF margin: +6.5% -> +43.7% (+37.2%)",
      "severity": "MEDIUM"
    },
    {
      "quarter": "2022-01 (Q1)",
      "signal": "INCREMENTAL MARGIN (YoY)",
      "detail": "YoY Incr OPM: +44.5% vs year-ago OPM: +14.5%",
      "severity": "HIGH"
    },
    {
      "quarter": "2021-10 (Q4)",
      "signal": "OPERATING LEVERAGE",
      "detail": "Rev growth +25.2% vs OpEx growth +14.0% (leverage: 1.8x)",
      "severity": "MEDIUM"
    },
    {
      "quarter": "2021-07 (Q3)",
      "signal": "FCF TURNED POSITIVE",
      "detail": "FCF margin: -11.7% -> +21.1%",
      "severity": "HIGH"
    }
  ],
  "data_quality": {
    "n_quarters": 20,
    "coverage": {
      "revenue": [
        20,
        20
      ],
      "gross_profit": [
        20,
        20
      ],
      "op_income": [
        20,
        20
      ],
      "fcf": [
        20,
        20
      ]
    },
    "gaps": [],
    "warnings": []
  },
  "market_cap": null,
  "source": "SEC EDGAR",
  "last_updated": "2026-02-03T01:07:48.926983"
}