{
  "ticker": "MP",
  "name": "MP Materials Corp. / DE",
  "quarters": [
    {
      "date": "2020-12-31T00:00:00",
      "quarter_label": "2020-12 (Q4)",
      "revenue": 42178000,
      "gross_profit": null,
      "operating_income": 7741000,
      "net_income": 24114000,
      "opex": 34437000,
      "cogs": null,
      "rd": null,
      "sga": null,
      "fcf": -9080000,
      "ocf": 3595000,
      "capex": -12675000,
      "gross_margin": null,
      "op_margin": 0.18353169898999477,
      "fcf_margin": -0.2152781070700365
    },
    {
      "date": "2021-03-31T00:00:00",
      "quarter_label": "2021-03 (Q1)",
      "revenue": 59971000,
      "gross_profit": 42035000,
      "operating_income": 21709000,
      "net_income": 16119000,
      "opex": 38262000,
      "cogs": 17936000,
      "rd": null,
      "sga": 13458000,
      "fcf": -9963000,
      "ocf": 9335000,
      "capex": -19298000,
      "gross_margin": 0.7009221123543046,
      "op_margin": 0.36199162928748896,
      "fcf_margin": -0.1661302963098831,
      "op_leverage_ratio": 3.798018426110071,
      "fcf_margin_change": 0.0491478107601534
    },
    {
      "date": "2021-06-30T00:00:00",
      "quarter_label": "2021-06 (Q2)",
      "revenue": 73118000,
      "gross_profit": null,
      "operating_income": 32465000,
      "net_income": 27166000,
      "opex": 40653000,
      "cogs": null,
      "rd": null,
      "sga": 12647000,
      "fcf": 13241000,
      "ocf": 38634000,
      "capex": -25393000,
      "gross_margin": null,
      "op_margin": 0.44400831532591156,
      "fcf_margin": 0.18109083946497442,
      "op_leverage_ratio": 3.5081121078031714,
      "fcf_margin_change": 0.3472211357748575
    },
    {
      "date": "2021-09-30T00:00:00",
      "quarter_label": "2021-09 (Q3)",
      "revenue": 99754000,
      "gross_profit": null,
      "operating_income": 54093000,
      "net_income": 42763000,
      "opex": 45661000,
      "cogs": null,
      "rd": null,
      "sga": 14881000,
      "fcf": -19234000,
      "ocf": 22495000,
      "capex": -41729000,
      "gross_margin": null,
      "op_margin": 0.542263969364637,
      "fcf_margin": -0.19281432323515849,
      "op_leverage_ratio": 2.957147466649165,
      "fcf_margin_change": -0.3739051627001329
    },
    {
      "date": "2021-12-31T00:00:00",
      "quarter_label": "2021-12 (Q4)",
      "revenue": 99109000,
      "gross_profit": null,
      "operating_income": 57078000,
      "net_income": 48989000,
      "opex": 42031000,
      "cogs": null,
      "rd": null,
      "sga": 15660000,
      "fcf": -5943000,
      "ocf": 31507000,
      "capex": -37450000,
      "gross_margin": null,
      "op_margin": 0.5759113703094573,
      "fcf_margin": -0.05996428175039603,
      "incr_op_margin_yoy": 0.866610458274051,
      "rev_growth_yoy": 1.3497795059035516,
      "fcf_margin_change": 0.13285004148476245
    },
    {
      "date": "2022-03-31T00:00:00",
      "quarter_label": "2022-03 (Q1)",
      "revenue": 166258000,
      "gross_profit": null,
      "operating_income": 115024000,
      "net_income": 85551000,
      "opex": 51234000,
      "cogs": null,
      "rd": null,
      "sga": 20565000,
      "fcf": 66039000,
      "ocf": 120971000,
      "capex": -54932000,
      "gross_margin": null,
      "op_margin": 0.6918403926427601,
      "fcf_margin": 0.3972079539029701,
      "incr_op_margin_yoy": 0.8779530892771459,
      "rev_growth_yoy": 1.7723066148638509,
      "rev_growth_yoy_accel": 0.4225271089602993,
      "op_leverage_ratio": 3.094330913298952,
      "fcf_margin_change": 0.4571722356533661
    },
    {
      "date": "2022-06-30T00:00:00",
      "quarter_label": "2022-06 (Q2)",
      "revenue": 143562000,
      "gross_profit": null,
      "operating_income": 95754000,
      "net_income": 73269000,
      "opex": 47808000,
      "cogs": null,
      "rd": null,
      "sga": 18222000,
      "fcf": 31239000,
      "ocf": 98891000,
      "capex": -67652000,
      "gross_margin": null,
      "op_margin": 0.6669870857190622,
      "fcf_margin": 0.21759936473440047,
      "incr_op_margin_yoy": 0.8984299585486344,
      "rev_growth_yoy": 0.9634289778166799,
      "rev_growth_yoy_accel": -0.808877637047171,
      "fcf_margin_change": -0.17960858916856962
    },
    {
      "date": "2022-09-30T00:00:00",
      "quarter_label": "2022-09 (Q3)",
      "revenue": 124445000,
      "gross_profit": null,
      "operating_income": 79167000,
      "net_income": 63177000,
      "opex": 45278000,
      "cogs": null,
      "rd": null,
      "sga": 17604000,
      "fcf": 2809000,
      "ocf": 94557000,
      "capex": -91748000,
      "gross_margin": null,
      "op_margin": 0.6361605528546748,
      "fcf_margin": 0.0225722206597292,
      "incr_op_margin_yoy": 1.0155117249200114,
      "rev_growth_yoy": 0.24751889648535397,
      "rev_growth_yoy_accel": -0.7159100813313259,
      "fcf_margin_change": -0.19502714407467128
    },
    {
      "date": "2022-12-31T00:00:00",
      "quarter_label": "2022-12 (Q4)",
      "revenue": 93245000,
      "gross_profit": null,
      "operating_income": 37466000,
      "net_income": 67007000,
      "opex": 55779000,
      "cogs": null,
      "rd": null,
      "sga": 19449000,
      "fcf": -83168000,
      "ocf": 29095000,
      "capex": -112263000,
      "gross_margin": null,
      "op_margin": 0.40180170518526465,
      "fcf_margin": -0.8919298621910022,
      "incr_op_margin_yoy": 3.344474761255116,
      "rev_growth_yoy": -0.05916717956996842,
      "rev_growth_yoy_accel": -0.3066860760553224,
      "fcf_margin_change": -0.9145020828507314
    },
    {
      "date": "2023-03-31T00:00:00",
      "quarter_label": "2023-03 (Q1)",
      "revenue": 95700000,
      "gross_profit": null,
      "operating_income": 32962000,
      "net_income": 37447000,
      "opex": 62738000,
      "cogs": null,
      "rd": null,
      "sga": 19403000,
      "fcf": -18971000,
      "ocf": 55491000,
      "capex": -74462000,
      "gross_margin": null,
      "op_margin": 0.3444305120167189,
      "fcf_margin": -0.19823406478578892,
      "incr_op_margin_yoy": 1.1630431701578843,
      "rev_growth_yoy": -0.4243886008492824,
      "rev_growth_yoy_accel": -0.365221421279314,
      "op_leverage_ratio": 0.21103273656706067,
      "fcf_margin_change": 0.6936957974052134
    },
    {
      "date": "2023-06-30T00:00:00",
      "quarter_label": "2023-06 (Q2)",
      "revenue": 64024000,
      "gross_profit": null,
      "operating_income": 483000,
      "net_income": 7395000,
      "opex": 63541000,
      "cogs": null,
      "rd": null,
      "sga": 18865000,
      "fcf": -45806000,
      "ocf": 9968000,
      "capex": -55774000,
      "gross_margin": null,
      "op_margin": 0.007544045982756467,
      "fcf_margin": -0.7154504560789704,
      "incr_op_margin_yoy": 1.1978048228519702,
      "rev_growth_yoy": -0.5540324041180814,
      "rev_growth_yoy_accel": -0.12964380326879898,
      "fcf_margin_change": -0.5172163912931815
    },
    {
      "date": "2023-09-30T00:00:00",
      "quarter_label": "2023-09 (Q3)",
      "revenue": 52516000,
      "gross_profit": null,
      "operating_income": -17536000,
      "net_income": -4276000,
      "opex": 70052000,
      "cogs": null,
      "rd": null,
      "sga": 19561000,
      "fcf": -47670000,
      "ocf": 11021000,
      "capex": -58691000,
      "gross_margin": null,
      "op_margin": -0.3339172823520451,
      "fcf_margin": -0.9077233604996573,
      "incr_op_margin_yoy": 1.344422972653589,
      "rev_growth_yoy": -0.5779983125075334,
      "rev_growth_yoy_accel": -0.023965908389452006,
      "fcf_margin_change": -0.1922729044206869
    },
    {
      "date": "2023-12-31T00:00:00",
      "quarter_label": "2023-12 (Q4)",
      "revenue": 41205000,
      "gross_profit": null,
      "operating_income": -33628000,
      "net_income": -16259000,
      "opex": 74833000,
      "cogs": null,
      "rd": null,
      "sga": 21416000,
      "fcf": -86751000,
      "ocf": -13781000,
      "capex": -72970000,
      "gross_margin": null,
      "op_margin": -0.8161145492051936,
      "fcf_margin": -2.1053512923188933,
      "incr_op_margin_yoy": 1.366141429669485,
      "rev_growth_yoy": -0.5580996300069709,
      "rev_growth_yoy_accel": 0.01989868250056248,
      "fcf_margin_change": -1.197627931819236
    },
    {
      "date": "2024-03-31T00:00:00",
      "quarter_label": "2024-03 (Q1)",
      "revenue": 48684000,
      "gross_profit": 13090000,
      "operating_income": -32432000,
      "net_income": 16489000,
      "opex": 81116000,
      "cogs": 35594000,
      "rd": null,
      "sga": 21267000,
      "fcf": -92964000,
      "ocf": -41126000,
      "capex": -51838000,
      "gross_margin": 0.26887683838632814,
      "op_margin": -0.6661736915619094,
      "fcf_margin": -1.909539068277052,
      "incr_op_margin_yoy": 1.3908882082695253,
      "rev_growth_yoy": -0.4912852664576802,
      "rev_growth_yoy_accel": 0.06681436354929071,
      "op_leverage_ratio": 2.161820899809906,
      "fcf_margin_change": 0.19581222404184118
    },
    {
      "date": "2024-06-30T00:00:00",
      "quarter_label": "2024-06 (Q2)",
      "revenue": 31258000,
      "gross_profit": -10205000,
      "operating_income": -53492000,
      "net_income": -34055000,
      "opex": 84750000,
      "cogs": 41463000,
      "rd": null,
      "sga": 21434000,
      "fcf": -15646000,
      "ocf": 30842000,
      "capex": -46488000,
      "gross_margin": -0.3264764220359588,
      "op_margin": -1.711305905688144,
      "fcf_margin": -0.5005438607716425,
      "incr_op_margin_yoy": 1.6472868217054264,
      "rev_growth_yoy": -0.5117768336873673,
      "rev_growth_yoy_accel": -0.020491567229687035,
      "fcf_margin_change": 1.4089952075054097
    },
    {
      "date": "2024-09-30T00:00:00",
      "quarter_label": "2024-09 (Q3)",
      "revenue": 62927000,
      "gross_profit": 5661000,
      "operating_income": -39540000,
      "net_income": -25516000,
      "opex": 102467000,
      "cogs": 57266000,
      "rd": null,
      "sga": 21525000,
      "fcf": -53286000,
      "ocf": -6844000,
      "capex": -46442000,
      "gross_margin": 0.0899613838257028,
      "op_margin": -0.6283471323915013,
      "fcf_margin": -0.8467907257615968,
      "incr_op_margin_yoy": -2.1135337623667274,
      "rev_growth_yoy": 0.19824434458069923,
      "rev_growth_yoy_accel": 0.7100211782680665,
      "op_leverage_ratio": 4.8464382642229396,
      "fcf_margin_change": -0.3462468649899543
    },
    {
      "date": "2024-12-31T00:00:00",
      "quarter_label": "2024-12 (Q4)",
      "revenue": 60986000,
      "gross_profit": 2723000,
      "operating_income": -43962000,
      "net_income": -22342000,
      "opex": 104948000,
      "cogs": 58263000,
      "rd": null,
      "sga": 19073000,
      "fcf": -11173000,
      "ocf": 30477000,
      "capex": -41650000,
      "gross_margin": 0.04464959170957269,
      "op_margin": -0.7208539664841112,
      "fcf_margin": -0.1832059817007182,
      "incr_op_margin_yoy": -0.5224205045245438,
      "rev_growth_yoy": 0.4800630991384541,
      "rev_growth_yoy_accel": 0.28181875455775485,
      "fcf_margin_change": 0.6635847440608785
    },
    {
      "date": "2025-03-31T00:00:00",
      "quarter_label": "2025-03 (Q1)",
      "revenue": 60810000,
      "gross_profit": 11979000,
      "operating_income": -34778000,
      "net_income": -22648000,
      "opex": 95588000,
      "cogs": 48831000,
      "rd": null,
      "sga": 24166000,
      "fcf": -93665000,
      "ocf": -63198000,
      "capex": -30467000,
      "gross_margin": 0.19699062654168722,
      "op_margin": -0.5719125143890808,
      "fcf_margin": -1.5402894260812365,
      "incr_op_margin_yoy": -0.1934685799109352,
      "rev_growth_yoy": 0.24907567167858022,
      "rev_growth_yoy_accel": -0.23098742745987386,
      "fcf_margin_change": -1.3570834443805184
    },
    {
      "date": "2025-06-30T00:00:00",
      "quarter_label": "2025-06 (Q2)",
      "revenue": 57393000,
      "gross_profit": 6962000,
      "operating_income": -43882000,
      "net_income": -30872000,
      "opex": 101275000,
      "cogs": 50431000,
      "rd": null,
      "sga": 27429000,
      "fcf": -32661000,
      "ocf": -3655000,
      "capex": -29006000,
      "gross_margin": 0.12130399177600056,
      "op_margin": -0.7645880159601345,
      "fcf_margin": -0.5690763681982123,
      "incr_op_margin_yoy": 0.36770614118997513,
      "rev_growth_yoy": 0.83610595687504,
      "rev_growth_yoy_accel": 0.5870302851964597,
      "fcf_margin_change": 0.9712130578830243
    },
    {
      "date": "2025-09-30T00:00:00",
      "quarter_label": "2025-09 (Q3)",
      "revenue": 53553000,
      "gross_profit": 5076000,
      "operating_income": -67023000,
      "net_income": -41780000,
      "opex": 120576000,
      "cogs": 48477000,
      "rd": null,
      "sga": 28405000,
      "fcf": -92544000,
      "ocf": -42048000,
      "capex": -50496000,
      "gross_margin": 0.09478460590443112,
      "op_margin": -1.2515265251246428,
      "fcf_margin": -1.728082460366366,
      "incr_op_margin_yoy": 2.931832728824408,
      "rev_growth_yoy": -0.14896626249463665,
      "rev_growth_yoy_accel": -0.9850722193696766,
      "fcf_margin_change": -1.1590060921681538
    }
  ],
  "signals": [
    {
      "quarter": "2025-09 (Q3)",
      "signal": "YoY REVENUE GROWTH DECELERATION",
      "detail": "YoY growth: -14.9% vs prior quarter YoY: +83.6% (decel: -98.5%)",
      "severity": "WARNING"
    },
    {
      "quarter": "2025-06 (Q2)",
      "signal": "FCF MARGIN EXPANSION",
      "detail": "FCF margin: -154.0% -> -56.9% (+97.1%)",
      "severity": "MEDIUM"
    },
    {
      "quarter": "2025-06 (Q2)",
      "signal": "YoY REVENUE GROWTH ACCELERATION",
      "detail": "YoY growth: +83.6% vs prior quarter YoY: +24.9% (accel: +58.7%)",
      "severity": "HIGH"
    },
    {
      "quarter": "2025-03 (Q1)",
      "signal": "GROSS MARGIN INFLECTION",
      "detail": "GM: +9.0% -> +4.5% -> +19.7% (reversal +15.2%)",
      "severity": "HIGH"
    },
    {
      "quarter": "2025-03 (Q1)",
      "signal": "YoY REVENUE GROWTH DECELERATION",
      "detail": "YoY growth: +24.9% vs prior quarter YoY: +48.0% (decel: -23.1%)",
      "severity": "WARNING"
    },
    {
      "quarter": "2024-12 (Q4)",
      "signal": "FCF MARGIN EXPANSION",
      "detail": "FCF margin: -84.7% -> -18.3% (+66.4%)",
      "severity": "MEDIUM"
    },
    {
      "quarter": "2024-12 (Q4)",
      "signal": "YoY REVENUE GROWTH ACCELERATION",
      "detail": "YoY growth: +48.0% vs prior quarter YoY: +19.8% (accel: +28.2%)",
      "severity": "HIGH"
    },
    {
      "quarter": "2024-09 (Q3)",
      "signal": "OPERATING LEVERAGE",
      "detail": "Rev growth +101.3% vs OpEx growth +20.9% (leverage: 4.8x)",
      "severity": "MEDIUM"
    },
    {
      "quarter": "2024-09 (Q3)",
      "signal": "GROSS MARGIN INFLECTION",
      "detail": "GM: +26.9% -> -32.6% -> +9.0% (reversal +41.6%)",
      "severity": "HIGH"
    },
    {
      "quarter": "2024-09 (Q3)",
      "signal": "YoY REVENUE GROWTH ACCELERATION",
      "detail": "YoY growth: +19.8% vs prior quarter YoY: -51.2% (accel: +71.0%)",
      "severity": "HIGH"
    },
    {
      "quarter": "2024-06 (Q2)",
      "signal": "FCF MARGIN EXPANSION",
      "detail": "FCF margin: -191.0% -> -50.1% (+140.9%)",
      "severity": "MEDIUM"
    },
    {
      "quarter": "2024-03 (Q1)",
      "signal": "FCF MARGIN EXPANSION",
      "detail": "FCF margin: -210.5% -> -191.0% (+19.6%)",
      "severity": "MEDIUM"
    },
    {
      "quarter": "2024-03 (Q1)",
      "signal": "OPERATING LEVERAGE",
      "detail": "Rev growth +18.2% vs OpEx growth +8.4% (leverage: 2.2x)",
      "severity": "MEDIUM"
    },
    {
      "quarter": "2024-03 (Q1)",
      "signal": "YoY REVENUE GROWTH ACCELERATION",
      "detail": "YoY growth: -49.1% vs prior quarter YoY: -55.8% (accel: +6.7%)",
      "severity": "MEDIUM"
    },
    {
      "quarter": "2023-06 (Q2)",
      "signal": "YoY REVENUE GROWTH DECELERATION",
      "detail": "YoY growth: -55.4% vs prior quarter YoY: -42.4% (decel: -13.0%)",
      "severity": "WARNING"
    },
    {
      "quarter": "2023-06 (Q2)",
      "signal": "INCREMENTAL MARGIN (YoY)",
      "detail": "YoY Incr OPM: +119.8% vs year-ago OPM: +66.7%",
      "severity": "HIGH"
    },
    {
      "quarter": "2023-03 (Q1)",
      "signal": "FCF MARGIN EXPANSION",
      "detail": "FCF margin: -89.2% -> -19.8% (+69.4%)",
      "severity": "MEDIUM"
    },
    {
      "quarter": "2023-03 (Q1)",
      "signal": "YoY REVENUE GROWTH DECELERATION",
      "detail": "YoY growth: -42.4% vs prior quarter YoY: -5.9% (decel: -36.5%)",
      "severity": "WARNING"
    },
    {
      "quarter": "2023-03 (Q1)",
      "signal": "INCREMENTAL MARGIN (YoY)",
      "detail": "YoY Incr OPM: +116.3% vs year-ago OPM: +69.2%",
      "severity": "HIGH"
    },
    {
      "quarter": "2022-12 (Q4)",
      "signal": "YoY REVENUE GROWTH DECELERATION",
      "detail": "YoY growth: -5.9% vs prior quarter YoY: +24.8% (decel: -30.7%)",
      "severity": "WARNING"
    },
    {
      "quarter": "2022-12 (Q4)",
      "signal": "INCREMENTAL MARGIN (YoY)",
      "detail": "YoY Incr OPM: +334.4% vs year-ago OPM: +57.6%",
      "severity": "HIGH"
    },
    {
      "quarter": "2022-09 (Q3)",
      "signal": "YoY REVENUE GROWTH DECELERATION",
      "detail": "YoY growth: +24.8% vs prior quarter YoY: +96.3% (decel: -71.6%)",
      "severity": "WARNING"
    },
    {
      "quarter": "2022-09 (Q3)",
      "signal": "INCREMENTAL MARGIN (YoY)",
      "detail": "YoY Incr OPM: +101.6% vs year-ago OPM: +54.2%",
      "severity": "HIGH"
    },
    {
      "quarter": "2022-06 (Q2)",
      "signal": "YoY REVENUE GROWTH DECELERATION",
      "detail": "YoY growth: +96.3% vs prior quarter YoY: +177.2% (decel: -80.9%)",
      "severity": "WARNING"
    },
    {
      "quarter": "2022-06 (Q2)",
      "signal": "INCREMENTAL MARGIN (YoY)",
      "detail": "YoY Incr OPM: +89.8% vs year-ago OPM: +44.4%",
      "severity": "HIGH"
    },
    {
      "quarter": "2022-03 (Q1)",
      "signal": "FCF TURNED POSITIVE",
      "detail": "FCF margin: -6.0% -> +39.7%",
      "severity": "HIGH"
    },
    {
      "quarter": "2022-03 (Q1)",
      "signal": "OPERATING LEVERAGE",
      "detail": "Rev growth +67.8% vs OpEx growth +21.9% (leverage: 3.1x)",
      "severity": "MEDIUM"
    },
    {
      "quarter": "2022-03 (Q1)",
      "signal": "YoY REVENUE GROWTH ACCELERATION",
      "detail": "YoY growth: +177.2% vs prior quarter YoY: +135.0% (accel: +42.3%)",
      "severity": "HIGH"
    },
    {
      "quarter": "2022-03 (Q1)",
      "signal": "INCREMENTAL MARGIN (YoY)",
      "detail": "YoY Incr OPM: +87.8% vs year-ago OPM: +36.2%",
      "severity": "HIGH"
    },
    {
      "quarter": "2021-12 (Q4)",
      "signal": "FCF MARGIN EXPANSION",
      "detail": "FCF margin: -19.3% -> -6.0% (+13.3%)",
      "severity": "MEDIUM"
    },
    {
      "quarter": "2021-12 (Q4)",
      "signal": "INCREMENTAL MARGIN (YoY)",
      "detail": "YoY Incr OPM: +86.7% vs year-ago OPM: +18.4%",
      "severity": "HIGH"
    },
    {
      "quarter": "2021-09 (Q3)",
      "signal": "OPERATING LEVERAGE",
      "detail": "Rev growth +36.4% vs OpEx growth +12.3% (leverage: 3.0x)",
      "severity": "MEDIUM"
    },
    {
      "quarter": "2021-06 (Q2)",
      "signal": "FCF TURNED POSITIVE",
      "detail": "FCF margin: -16.6% -> +18.1%",
      "severity": "HIGH"
    },
    {
      "quarter": "2021-06 (Q2)",
      "signal": "OPERATING LEVERAGE",
      "detail": "Rev growth +21.9% vs OpEx growth +6.2% (leverage: 3.5x)",
      "severity": "MEDIUM"
    },
    {
      "quarter": "2021-03 (Q1)",
      "signal": "OPERATING LEVERAGE",
      "detail": "Rev growth +42.2% vs OpEx growth +11.1% (leverage: 3.8x)",
      "severity": "MEDIUM"
    }
  ],
  "data_quality": {
    "n_quarters": 20,
    "coverage": {
      "revenue": [
        20,
        20
      ],
      "gross_profit": [
        8,
        20
      ],
      "op_income": [
        20,
        20
      ],
      "fcf": [
        20,
        20
      ]
    },
    "gaps": [],
    "warnings": [
      "gross_profit: 8/20Q"
    ]
  },
  "market_cap": null,
  "source": "SEC EDGAR",
  "last_updated": "2026-02-02T20:33:38.157694"
}