{
  "ticker": "MPAA",
  "name": "MOTORCAR PARTS OF AMERICA, INC.",
  "sector": "Consumer Cyclical",
  "industry": "Auto Parts",
  "quarters": [
    {
      "date": "2021-03-31T00:00:00",
      "quarter_label": "2021-03 (Q1)",
      "revenue": 168128000,
      "gross_profit": 32107000,
      "operating_income": 5470000,
      "net_income": 835000,
      "opex": 26637000,
      "cogs": 136021000,
      "rd": 2549000,
      "sga": null,
      "fcf": -18294000,
      "ocf": -16395000,
      "capex": -1899000,
      "gross_margin": 0.190967596117244,
      "op_margin": 0.032534735439665015,
      "fcf_margin": -0.1088099543205177
    },
    {
      "date": "2021-06-30T00:00:00",
      "quarter_label": "2021-06 (Q2)",
      "revenue": 149034000,
      "gross_profit": 23571000,
      "operating_income": 5749000,
      "net_income": 861000,
      "opex": 17822000,
      "cogs": 125463000,
      "rd": 2501000,
      "sga": null,
      "fcf": -6661000,
      "ocf": -4739000,
      "capex": -1922000,
      "gross_margin": 0.15815854100406618,
      "op_margin": 0.0385750902478629,
      "fcf_margin": -0.04469449924178375,
      "fcf_margin_change": 0.06411545507873395
    },
    {
      "date": "2021-09-30T00:00:00",
      "quarter_label": "2021-09 (Q3)",
      "revenue": 175548000,
      "gross_profit": 35951000,
      "operating_income": 9554000,
      "net_income": 3683000,
      "opex": 26397000,
      "cogs": 139597000,
      "rd": 2495000,
      "sga": null,
      "fcf": -20916000,
      "ocf": -19600000,
      "capex": -1316000,
      "gross_margin": 0.2047929910907558,
      "op_margin": 0.05442386128010573,
      "fcf_margin": -0.11914689999316426,
      "op_leverage_ratio": 0.36975342429737307,
      "fcf_margin_change": -0.07445240075138052
    },
    {
      "date": "2021-12-31T00:00:00",
      "quarter_label": "2021-12 (Q4)",
      "revenue": 161810000,
      "gross_profit": 32575000,
      "operating_income": 8676000,
      "net_income": 3139000,
      "opex": 23899000,
      "cogs": 129235000,
      "rd": 2635000,
      "sga": null,
      "fcf": 292000,
      "ocf": 2165000,
      "capex": -1873000,
      "gross_margin": 0.20131635869229342,
      "op_margin": 0.053618441381867624,
      "fcf_margin": 0.0018045856251158766,
      "fcf_margin_change": 0.12095148561828013
    },
    {
      "date": "2022-03-31T00:00:00",
      "quarter_label": "2022-03 (Q1)",
      "revenue": 163916000,
      "gross_profit": 25768000,
      "operating_income": 4725000,
      "net_income": -322000,
      "opex": 21043000,
      "cogs": 138148000,
      "rd": 2871000,
      "sga": null,
      "fcf": -25127000,
      "ocf": -22688000,
      "capex": -2439000,
      "gross_margin": 0.15720246955757827,
      "op_margin": 0.028825740013177482,
      "fcf_margin": -0.15329193001293345,
      "incr_op_margin_yoy": 0.1768755935422602,
      "rev_growth_yoy": -0.025052341073467835,
      "op_leverage_ratio": null,
      "fcf_margin_change": -0.15509651563804933
    },
    {
      "date": "2022-06-30T00:00:00",
      "quarter_label": "2022-06 (Q2)",
      "revenue": 163985000,
      "gross_profit": 30302000,
      "operating_income": 7335000,
      "net_income": -175000,
      "opex": 22967000,
      "cogs": 133683000,
      "rd": 3113000,
      "sga": null,
      "fcf": -2357000,
      "ocf": -982000,
      "capex": -1375000,
      "gross_margin": 0.18478519376772265,
      "op_margin": 0.04472970088727628,
      "fcf_margin": -0.01437326584748605,
      "incr_op_margin_yoy": 0.10607986087887097,
      "rev_growth_yoy": 0.10031939020626165,
      "rev_growth_yoy_accel": 0.1253717312797295,
      "fcf_margin_change": 0.1389186641654474
    },
    {
      "date": "2022-09-30T00:00:00",
      "quarter_label": "2022-09 (Q3)",
      "revenue": 172543000,
      "gross_profit": 26516000,
      "operating_income": 1852000,
      "net_income": -6517000,
      "opex": 24664000,
      "cogs": 146027000,
      "rd": 2670000,
      "sga": null,
      "fcf": -17241000,
      "ocf": -15972000,
      "capex": -1269000,
      "gross_margin": 0.15367763398109457,
      "op_margin": 0.010733556272929066,
      "fcf_margin": -0.09992291776542658,
      "incr_op_margin_yoy": 2.5630615640599004,
      "rev_growth_yoy": -0.017117825324127874,
      "rev_growth_yoy_accel": -0.11743721553038952,
      "op_leverage_ratio": 0.7063022440016854,
      "fcf_margin_change": -0.08554965191794053
    },
    {
      "date": "2022-12-31T00:00:00",
      "quarter_label": "2022-12 (Q4)",
      "revenue": 151819000,
      "gross_profit": 20993000,
      "operating_income": 3526000,
      "net_income": 1026000,
      "opex": 17467000,
      "cogs": 130826000,
      "rd": 2547000,
      "sga": null,
      "fcf": -5437000,
      "ocf": -4474000,
      "capex": -963000,
      "gross_margin": 0.13827650030628577,
      "op_margin": 0.023225024535795915,
      "fcf_margin": -0.035812381849439134,
      "incr_op_margin_yoy": 0.5154639175257731,
      "rev_growth_yoy": -0.061745256782646314,
      "rev_growth_yoy_accel": -0.04462743145851844,
      "fcf_margin_change": 0.06411053591598745
    },
    {
      "date": "2023-03-31T00:00:00",
      "quarter_label": "2023-03 (Q1)",
      "revenue": 194727000,
      "gross_profit": 36151000,
      "operating_income": 23733000,
      "net_income": 1459000,
      "opex": 12418000,
      "cogs": 158576000,
      "rd": 1992000,
      "sga": null,
      "fcf": -920000,
      "ocf": -326000,
      "capex": -594000,
      "gross_margin": 0.18564965310408932,
      "op_margin": 0.12187832195843412,
      "fcf_margin": -0.004724563106297534,
      "incr_op_margin_yoy": 0.6169225276686897,
      "rev_growth_yoy": 0.18796822762878548,
      "rev_growth_yoy_accel": 0.2497134844114318,
      "op_leverage_ratio": null,
      "fcf_margin_change": 0.0310878187431416
    },
    {
      "date": "2023-06-30T00:00:00",
      "quarter_label": "2023-06 (Q2)",
      "revenue": 159705000,
      "gross_profit": 26567000,
      "operating_income": 10441000,
      "net_income": -1410000,
      "opex": 16126000,
      "cogs": 133138000,
      "rd": 2375000,
      "sga": null,
      "fcf": -20510000,
      "ocf": -20470000,
      "capex": -40000,
      "gross_margin": 0.16635045865815096,
      "op_margin": 0.06537678845371153,
      "fcf_margin": -0.12842428227043612,
      "incr_op_margin_yoy": -0.7257009345794393,
      "rev_growth_yoy": -0.026099948165990792,
      "rev_growth_yoy_accel": -0.21406817579477627,
      "fcf_margin_change": -0.12369971916413858
    },
    {
      "date": "2023-09-30T00:00:00",
      "quarter_label": "2023-09 (Q3)",
      "revenue": 196639000,
      "gross_profit": 41148000,
      "operating_income": 13937000,
      "net_income": -1958000,
      "opex": 27211000,
      "cogs": 155491000,
      "rd": 2438000,
      "sga": null,
      "fcf": 15171000,
      "ocf": 15300000,
      "capex": -129000,
      "gross_margin": 0.20925655643081992,
      "op_margin": 0.07087607239662529,
      "fcf_margin": 0.07715153148663287,
      "incr_op_margin_yoy": 0.5015355245683931,
      "rev_growth_yoy": 0.13965214468277473,
      "rev_growth_yoy_accel": 0.16575209284876552,
      "op_leverage_ratio": 0.33643315609659596,
      "fcf_margin_change": 0.205575813757069
    },
    {
      "date": "2023-12-31T00:00:00",
      "quarter_label": "2023-12 (Q4)",
      "revenue": 171862000,
      "gross_profit": 30043000,
      "operating_income": 9524000,
      "net_income": -47214000,
      "opex": 20519000,
      "cogs": 141819000,
      "rd": 2539000,
      "sga": null,
      "fcf": 53322000,
      "ocf": 53615000,
      "capex": -293000,
      "gross_margin": 0.17480885827000733,
      "op_margin": 0.055416555143079915,
      "fcf_margin": 0.31026055788946943,
      "incr_op_margin_yoy": 0.2992565983136257,
      "rev_growth_yoy": 0.13201904899913713,
      "rev_growth_yoy_accel": -0.007633095683637597,
      "fcf_margin_change": 0.23310902640283657
    },
    {
      "date": "2024-03-31T00:00:00",
      "quarter_label": "2024-03 (Q1)",
      "revenue": 189478000,
      "gross_profit": 34793000,
      "operating_income": 12218000,
      "net_income": 1338000,
      "opex": 22575000,
      "cogs": 154685000,
      "rd": 2643000,
      "sga": null,
      "fcf": -9811000,
      "ocf": -9273000,
      "capex": -538000,
      "gross_margin": 0.18362553964048597,
      "op_margin": 0.06448242012265276,
      "fcf_margin": -0.051779098364981686,
      "incr_op_margin_yoy": 2.193751190702991,
      "rev_growth_yoy": -0.026955686679299738,
      "rev_growth_yoy_accel": -0.15897473567843687,
      "op_leverage_ratio": 1.0229644026672926,
      "fcf_margin_change": -0.3620396562544511
    },
    {
      "date": "2024-06-30T00:00:00",
      "quarter_label": "2024-06 (Q2)",
      "revenue": 169887000,
      "gross_profit": 29174000,
      "operating_income": -6456000,
      "net_income": -18085000,
      "opex": 35630000,
      "cogs": 140713000,
      "rd": 2433000,
      "sga": null,
      "fcf": -21331000,
      "ocf": -20841000,
      "capex": -490000,
      "gross_margin": 0.17172591192969444,
      "op_margin": -0.0380017305620795,
      "fcf_margin": -0.12555993101296745,
      "incr_op_margin_yoy": -1.6594971518365744,
      "rev_growth_yoy": 0.06375504837043298,
      "rev_growth_yoy_accel": 0.09071073504973272,
      "fcf_margin_change": -0.07378083264798577
    },
    {
      "date": "2024-09-30T00:00:00",
      "quarter_label": "2024-09 (Q3)",
      "revenue": 208186000,
      "gross_profit": 41277000,
      "operating_income": 12520000,
      "net_income": -2954000,
      "opex": 28757000,
      "cogs": 166909000,
      "rd": 2443000,
      "sga": null,
      "fcf": 22295000,
      "ocf": 22852000,
      "capex": -557000,
      "gross_margin": 0.1982698164141681,
      "op_margin": 0.060138529968393646,
      "fcf_margin": 0.10709173527518662,
      "incr_op_margin_yoy": -0.12271585693253659,
      "rev_growth_yoy": 0.058721820188263774,
      "rev_growth_yoy_accel": -0.005033228182169211,
      "op_leverage_ratio": null,
      "fcf_margin_change": 0.23265166628815406
    },
    {
      "date": "2024-12-31T00:00:00",
      "quarter_label": "2024-12 (Q4)",
      "revenue": 186176000,
      "gross_profit": 44882000,
      "operating_income": 17581000,
      "net_income": 2291000,
      "opex": 27301000,
      "cogs": 141294000,
      "rd": 3008000,
      "sga": null,
      "fcf": 33688000,
      "ocf": 34357000,
      "capex": -669000,
      "gross_margin": 0.24107296321760055,
      "op_margin": 0.09443215022344448,
      "fcf_margin": 0.18094706084565143,
      "incr_op_margin_yoy": 0.5628755064971357,
      "rev_growth_yoy": 0.08328775412831226,
      "rev_growth_yoy_accel": 0.02456593394004848,
      "fcf_margin_change": 0.07385532557046481
    },
    {
      "date": "2025-03-31T00:00:00",
      "quarter_label": "2025-03 (Q1)",
      "revenue": 193105000,
      "gross_profit": 38495000,
      "operating_income": 16278000,
      "net_income": -722000,
      "opex": 22217000,
      "cogs": 154610000,
      "rd": 3521000,
      "sga": null,
      "fcf": 6247000,
      "ocf": 9109000,
      "capex": -2862000,
      "gross_margin": 0.19934750524326145,
      "op_margin": 0.08429610833484374,
      "fcf_margin": 0.03235027575671267,
      "incr_op_margin_yoy": 1.1193824097049903,
      "rev_growth_yoy": 0.01914206398632031,
      "rev_growth_yoy_accel": -0.06414569014199195,
      "op_leverage_ratio": null,
      "fcf_margin_change": -0.14859678508893875
    },
    {
      "date": "2025-06-30T00:00:00",
      "quarter_label": "2025-06 (Q2)",
      "revenue": 188364000,
      "gross_profit": 33917000,
      "operating_income": 20069000,
      "net_income": 3042000,
      "opex": 13848000,
      "cogs": 154447000,
      "rd": 3306000,
      "sga": null,
      "fcf": 9221000,
      "ocf": 10028000,
      "capex": -807000,
      "gross_margin": 0.1800609458282899,
      "op_margin": 0.10654371323607484,
      "fcf_margin": 0.04895309082414899,
      "incr_op_margin_yoy": 1.4355685446771662,
      "rev_growth_yoy": 0.10876052905755001,
      "rev_growth_yoy_accel": 0.0896184650712297,
      "fcf_margin_change": 0.01660281506743632
    },
    {
      "date": "2025-09-30T00:00:00",
      "quarter_label": "2025-09 (Q3)",
      "revenue": 221470000,
      "gross_profit": 42727000,
      "operating_income": 16371000,
      "net_income": -2149000,
      "opex": 26356000,
      "cogs": 178743000,
      "rd": 3928000,
      "sga": null,
      "fcf": 20839000,
      "ocf": 21865000,
      "capex": -1026000,
      "gross_margin": 0.19292454960039734,
      "op_margin": 0.0739197182462636,
      "fcf_margin": 0.09409400821781731,
      "incr_op_margin_yoy": 0.2898976211984342,
      "rev_growth_yoy": 0.06380832524761511,
      "rev_growth_yoy_accel": -0.04495220380993491,
      "op_leverage_ratio": 0.19458438616868182,
      "fcf_margin_change": 0.04514091739366832
    },
    {
      "date": "2025-12-31T00:00:00",
      "quarter_label": "2025-12 (Q4)",
      "revenue": 167697000,
      "gross_profit": 32878000,
      "operating_income": 8334000,
      "net_income": 1777000,
      "opex": 24544000,
      "cogs": 134819000,
      "rd": 3460000,
      "sga": null,
      "fcf": -8646000,
      "ocf": -8229000,
      "capex": -417000,
      "gross_margin": 0.19605598191977197,
      "op_margin": 0.049696774539794986,
      "fcf_margin": -0.051557272938693,
      "incr_op_margin_yoy": 0.5004058661182964,
      "rev_growth_yoy": -0.09925554314197318,
      "rev_growth_yoy_accel": -0.1630638683895883,
      "fcf_margin_change": -0.14565128115651033
    }
  ],
  "signals": [
    {
      "quarter": "2025-12 (Q4)",
      "signal": "YoY REVENUE GROWTH DECELERATION",
      "detail": "YoY growth: -9.9% vs prior quarter YoY: +6.4% (decel: -16.3%)",
      "severity": "WARNING"
    },
    {
      "quarter": "2025-12 (Q4)",
      "signal": "INCREMENTAL MARGIN (YoY)",
      "detail": "YoY Incr OPM: +50.0% vs year-ago OPM: +9.4%",
      "severity": "HIGH"
    },
    {
      "quarter": "2025-09 (Q3)",
      "signal": "INCREMENTAL MARGIN (YoY)",
      "detail": "YoY Incr OPM: +29.0% vs year-ago OPM: +6.0%",
      "severity": "HIGH"
    },
    {
      "quarter": "2025-06 (Q2)",
      "signal": "YoY REVENUE GROWTH ACCELERATION",
      "detail": "YoY growth: +10.9% vs prior quarter YoY: +1.9% (accel: +9.0%)",
      "severity": "MEDIUM"
    },
    {
      "quarter": "2025-06 (Q2)",
      "signal": "OP MARGIN TURNED POSITIVE (YoY)",
      "detail": "Op margin: -3.8% (year-ago) -> +10.7%",
      "severity": "HIGH"
    },
    {
      "quarter": "2025-03 (Q1)",
      "signal": "YoY REVENUE GROWTH DECELERATION",
      "detail": "YoY growth: +1.9% vs prior quarter YoY: +8.3% (decel: -6.4%)",
      "severity": "WARNING"
    },
    {
      "quarter": "2025-03 (Q1)",
      "signal": "INCREMENTAL MARGIN (YoY)",
      "detail": "YoY Incr OPM: +111.9% vs year-ago OPM: +6.4%",
      "severity": "HIGH"
    },
    {
      "quarter": "2024-12 (Q4)",
      "signal": "FCF MARGIN EXPANSION",
      "detail": "FCF margin: +10.7% -> +18.1% (+7.4%)",
      "severity": "MEDIUM"
    },
    {
      "quarter": "2024-12 (Q4)",
      "signal": "INCREMENTAL MARGIN (YoY)",
      "detail": "YoY Incr OPM: +56.3% vs year-ago OPM: +5.5%",
      "severity": "HIGH"
    },
    {
      "quarter": "2024-09 (Q3)",
      "signal": "FCF TURNED POSITIVE",
      "detail": "FCF margin: -12.6% -> +10.7%",
      "severity": "HIGH"
    },
    {
      "quarter": "2024-09 (Q3)",
      "signal": "GROSS MARGIN INFLECTION",
      "detail": "GM: +18.4% -> +17.2% -> +19.8% (reversal +2.7%)",
      "severity": "MEDIUM"
    },
    {
      "quarter": "2024-09 (Q3)",
      "signal": "OP MARGIN TURNED POSITIVE (QoQ)",
      "detail": "Op margin: -3.8% -> +6.0%",
      "severity": "HIGH"
    },
    {
      "quarter": "2024-06 (Q2)",
      "signal": "YoY REVENUE GROWTH ACCELERATION",
      "detail": "YoY growth: +6.4% vs prior quarter YoY: -2.7% (accel: +9.1%)",
      "severity": "MEDIUM"
    },
    {
      "quarter": "2024-03 (Q1)",
      "signal": "YoY REVENUE GROWTH DECELERATION",
      "detail": "YoY growth: -2.7% vs prior quarter YoY: +13.2% (decel: -15.9%)",
      "severity": "WARNING"
    },
    {
      "quarter": "2024-03 (Q1)",
      "signal": "INCREMENTAL MARGIN (YoY)",
      "detail": "YoY Incr OPM: +219.4% vs year-ago OPM: +12.2%",
      "severity": "HIGH"
    },
    {
      "quarter": "2023-12 (Q4)",
      "signal": "FCF MARGIN EXPANSION",
      "detail": "FCF margin: +7.7% -> +31.0% (+23.3%)",
      "severity": "MEDIUM"
    },
    {
      "quarter": "2023-12 (Q4)",
      "signal": "INCREMENTAL MARGIN (YoY)",
      "detail": "YoY Incr OPM: +29.9% vs year-ago OPM: +2.3%",
      "severity": "HIGH"
    },
    {
      "quarter": "2023-09 (Q3)",
      "signal": "FCF TURNED POSITIVE",
      "detail": "FCF margin: -12.8% -> +7.7%",
      "severity": "HIGH"
    },
    {
      "quarter": "2023-09 (Q3)",
      "signal": "GROSS MARGIN INFLECTION",
      "detail": "GM: +18.6% -> +16.6% -> +20.9% (reversal +4.3%)",
      "severity": "MEDIUM"
    },
    {
      "quarter": "2023-09 (Q3)",
      "signal": "YoY REVENUE GROWTH ACCELERATION",
      "detail": "YoY growth: +14.0% vs prior quarter YoY: -2.6% (accel: +16.6%)",
      "severity": "HIGH"
    },
    {
      "quarter": "2023-09 (Q3)",
      "signal": "INCREMENTAL MARGIN (YoY)",
      "detail": "YoY Incr OPM: +50.2% vs year-ago OPM: +1.1%",
      "severity": "HIGH"
    },
    {
      "quarter": "2023-06 (Q2)",
      "signal": "YoY REVENUE GROWTH DECELERATION",
      "detail": "YoY growth: -2.6% vs prior quarter YoY: +18.8% (decel: -21.4%)",
      "severity": "WARNING"
    },
    {
      "quarter": "2023-03 (Q1)",
      "signal": "GROSS MARGIN INFLECTION",
      "detail": "GM: +15.4% -> +13.8% -> +18.6% (reversal +4.7%)",
      "severity": "MEDIUM"
    },
    {
      "quarter": "2023-03 (Q1)",
      "signal": "YoY REVENUE GROWTH ACCELERATION",
      "detail": "YoY growth: +18.8% vs prior quarter YoY: -6.2% (accel: +25.0%)",
      "severity": "HIGH"
    },
    {
      "quarter": "2023-03 (Q1)",
      "signal": "INCREMENTAL MARGIN (YoY)",
      "detail": "YoY Incr OPM: +61.7% vs year-ago OPM: +2.9%",
      "severity": "HIGH"
    },
    {
      "quarter": "2022-12 (Q4)",
      "signal": "FCF MARGIN EXPANSION",
      "detail": "FCF margin: -10.0% -> -3.6% (+6.4%)",
      "severity": "MEDIUM"
    },
    {
      "quarter": "2022-12 (Q4)",
      "signal": "INCREMENTAL MARGIN (YoY)",
      "detail": "YoY Incr OPM: +51.5% vs year-ago OPM: +5.4%",
      "severity": "HIGH"
    },
    {
      "quarter": "2022-09 (Q3)",
      "signal": "YoY REVENUE GROWTH DECELERATION",
      "detail": "YoY growth: -1.7% vs prior quarter YoY: +10.0% (decel: -11.7%)",
      "severity": "WARNING"
    },
    {
      "quarter": "2022-09 (Q3)",
      "signal": "INCREMENTAL MARGIN (YoY)",
      "detail": "YoY Incr OPM: +256.3% vs year-ago OPM: +5.4%",
      "severity": "HIGH"
    },
    {
      "quarter": "2022-06 (Q2)",
      "signal": "FCF MARGIN EXPANSION",
      "detail": "FCF margin: -15.3% -> -1.4% (+13.9%)",
      "severity": "MEDIUM"
    },
    {
      "quarter": "2022-06 (Q2)",
      "signal": "GROSS MARGIN INFLECTION",
      "detail": "GM: +20.1% -> +15.7% -> +18.5% (reversal +2.8%)",
      "severity": "MEDIUM"
    },
    {
      "quarter": "2022-06 (Q2)",
      "signal": "YoY REVENUE GROWTH ACCELERATION",
      "detail": "YoY growth: +10.0% vs prior quarter YoY: -2.5% (accel: +12.5%)",
      "severity": "MEDIUM"
    },
    {
      "quarter": "2022-03 (Q1)",
      "signal": "INCREMENTAL MARGIN (YoY)",
      "detail": "YoY Incr OPM: +17.7% vs year-ago OPM: +3.3%",
      "severity": "MEDIUM"
    },
    {
      "quarter": "2021-12 (Q4)",
      "signal": "FCF TURNED POSITIVE",
      "detail": "FCF margin: -11.9% -> +0.2%",
      "severity": "HIGH"
    },
    {
      "quarter": "2021-09 (Q3)",
      "signal": "GROSS MARGIN INFLECTION",
      "detail": "GM: +19.1% -> +15.8% -> +20.5% (reversal +4.7%)",
      "severity": "MEDIUM"
    },
    {
      "quarter": "2021-06 (Q2)",
      "signal": "FCF MARGIN EXPANSION",
      "detail": "FCF margin: -10.9% -> -4.5% (+6.4%)",
      "severity": "MEDIUM"
    }
  ],
  "data_quality": {
    "n_quarters": 20,
    "coverage": {
      "revenue": [
        20,
        20
      ],
      "gross_profit": [
        20,
        20
      ],
      "op_income": [
        20,
        20
      ],
      "fcf": [
        20,
        20
      ]
    },
    "gaps": [],
    "warnings": []
  },
  "market_cap": null,
  "source": "SEC EDGAR",
  "last_updated": "2026-02-24T11:09:03.571653"
}