{
  "ticker": "MPC",
  "name": "Marathon Petroleum Corporation",
  "quarters": [
    {
      "date": "2020-12-31T00:00:00",
      "quarter_label": "2020-12 (Q4)",
      "revenue": 17972000000,
      "gross_profit": 756000000,
      "operating_income": 390000000,
      "net_income": 285000000,
      "opex": 17797000000,
      "cogs": 17216000000,
      "rd": null,
      "sga": 630000000,
      "fcf": 871000000,
      "ocf": 1328000000,
      "capex": -457000000,
      "gross_margin": 0.0420654351212998,
      "op_margin": 0.02170042288003561,
      "fcf_margin": 0.048464277765412865
    },
    {
      "date": "2021-03-31T00:00:00",
      "quarter_label": "2021-03 (Q1)",
      "revenue": 22711000000,
      "gross_profit": 1627000000,
      "operating_income": 217000000,
      "net_income": -242000000,
      "opex": 22665000000,
      "cogs": 21084000000,
      "rd": null,
      "sga": 575000000,
      "fcf": 150000000,
      "ocf": 454000000,
      "capex": -304000000,
      "gross_margin": 0.07163929373431377,
      "op_margin": 0.009554841266346705,
      "fcf_margin": 0.006604728985953943,
      "op_leverage_ratio": 0.9640210778896268,
      "fcf_margin_change": -0.041859548779458924
    },
    {
      "date": "2021-06-30T00:00:00",
      "quarter_label": "2021-06 (Q2)",
      "revenue": 29615000000,
      "gross_profit": 2438000000,
      "operating_income": 965000000,
      "net_income": 8512000000,
      "opex": 28862000000,
      "cogs": 27177000000,
      "rd": null,
      "sga": 625000000,
      "fcf": 1078000000,
      "ocf": 1380000000,
      "capex": -302000000,
      "gross_margin": 0.08232314705385785,
      "op_margin": 0.03258483876413979,
      "fcf_margin": 0.03640047273341212,
      "op_leverage_ratio": 1.1118309329780267,
      "fcf_margin_change": 0.029795743747458175
    },
    {
      "date": "2021-09-30T00:00:00",
      "quarter_label": "2021-09 (Q3)",
      "revenue": 32321000000,
      "gross_profit": 2758000000,
      "operating_income": 1340000000,
      "net_income": 694000000,
      "opex": 31273000000,
      "cogs": 29563000000,
      "rd": null,
      "sga": 681000000,
      "fcf": -1525000000,
      "ocf": -1148000000,
      "capex": -377000000,
      "gross_margin": 0.08533151820797624,
      "op_margin": 0.04145911327001021,
      "fcf_margin": -0.047182946072213114,
      "op_leverage_ratio": 1.0938185071475472,
      "fcf_margin_change": -0.08358341880562523
    },
    {
      "date": "2021-12-31T00:00:00",
      "quarter_label": "2021-12 (Q4)",
      "revenue": 35336000000,
      "gross_profit": 3152000000,
      "operating_income": 1778000000,
      "net_income": 774000000,
      "opex": 33830000000,
      "cogs": 32184000000,
      "rd": null,
      "sga": 656000000,
      "fcf": 3193000000,
      "ocf": 3674000000,
      "capex": -481000000,
      "gross_margin": 0.08920081503282772,
      "op_margin": 0.050316957210776544,
      "fcf_margin": 0.09036110482227756,
      "incr_op_margin_yoy": 0.07993549873301083,
      "rev_growth_yoy": 0.9661695971511239,
      "op_leverage_ratio": 1.1408836178761503,
      "fcf_margin_change": 0.13754405089449068
    },
    {
      "date": "2022-03-31T00:00:00",
      "quarter_label": "2022-03 (Q1)",
      "revenue": 38058000000,
      "gross_profit": 2990000000,
      "operating_income": 1716000000,
      "net_income": 845000000,
      "opex": 36668000000,
      "cogs": 35068000000,
      "rd": null,
      "sga": 603000000,
      "fcf": 2018000000,
      "ocf": 2513000000,
      "capex": -495000000,
      "gross_margin": 0.07856429659992643,
      "op_margin": 0.04508907457039256,
      "fcf_margin": 0.05302433128382995,
      "incr_op_margin_yoy": 0.0976738124714928,
      "rev_growth_yoy": 0.6757518383162344,
      "rev_growth_yoy_accel": -0.2904177588348895,
      "op_leverage_ratio": 0.9182487404117892,
      "fcf_margin_change": -0.03733677353844762
    },
    {
      "date": "2022-06-30T00:00:00",
      "quarter_label": "2022-06 (Q2)",
      "revenue": 53795000000,
      "gross_profit": 9588000000,
      "operating_income": 8328000000,
      "net_income": 5873000000,
      "opex": 45910000000,
      "cogs": 44207000000,
      "rd": null,
      "sga": 694000000,
      "fcf": 6454000000,
      "ocf": 6952000000,
      "capex": -498000000,
      "gross_margin": 0.17823217771168323,
      "op_margin": 0.15480992657310158,
      "fcf_margin": 0.11997397527651268,
      "incr_op_margin_yoy": 0.3045078577336642,
      "rev_growth_yoy": 0.8164781360796893,
      "rev_growth_yoy_accel": 0.1407262977634549,
      "op_leverage_ratio": 1.640579352857128,
      "fcf_margin_change": 0.06694964399268274
    },
    {
      "date": "2022-09-30T00:00:00",
      "quarter_label": "2022-09 (Q3)",
      "revenue": 45787000000,
      "gross_profit": 6966000000,
      "operating_income": 6686000000,
      "net_income": 4477000000,
      "opex": 40551000000,
      "cogs": 38821000000,
      "rd": null,
      "sga": 712000000,
      "fcf": 1813000000,
      "ocf": 2514000000,
      "capex": -701000000,
      "gross_margin": 0.1521392534999017,
      "op_margin": 0.1460239806058488,
      "fcf_margin": 0.03959639198899251,
      "incr_op_margin_yoy": 0.39699985147779593,
      "rev_growth_yoy": 0.41663314872683394,
      "rev_growth_yoy_accel": -0.3998449873528554,
      "fcf_margin_change": -0.08037758328752018
    },
    {
      "date": "2022-12-31T00:00:00",
      "quarter_label": "2022-12 (Q4)",
      "revenue": 39813000000,
      "gross_profit": 6238000000,
      "operating_income": 4739000000,
      "net_income": 3321000000,
      "opex": 35354000000,
      "cogs": 33575000000,
      "rd": null,
      "sga": 763000000,
      "fcf": 3656000000,
      "ocf": 4382000000,
      "capex": -726000000,
      "gross_margin": 0.15668249064375958,
      "op_margin": 0.11903147213221812,
      "fcf_margin": 0.09182930198678824,
      "incr_op_margin_yoy": 0.6613803886531159,
      "rev_growth_yoy": 0.1266979850577315,
      "rev_growth_yoy_accel": -0.28993516366910244,
      "fcf_margin_change": 0.05223290999779573
    },
    {
      "date": "2023-03-31T00:00:00",
      "quarter_label": "2023-03 (Q1)",
      "revenue": 34864000000,
      "gross_profit": 5570000000,
      "operating_income": 4061000000,
      "net_income": 2724000000,
      "opex": 31016000000,
      "cogs": 29294000000,
      "rd": null,
      "sga": 691000000,
      "fcf": 3600000000,
      "ocf": 4057000000,
      "capex": -457000000,
      "gross_margin": 0.15976365305185866,
      "op_margin": 0.11648118402937127,
      "fcf_margin": 0.10325837540156035,
      "incr_op_margin_yoy": -0.7341891045710708,
      "rev_growth_yoy": -0.0839245362341689,
      "rev_growth_yoy_accel": -0.2106225212919004,
      "fcf_margin_change": 0.011429073414772117
    },
    {
      "date": "2023-06-30T00:00:00",
      "quarter_label": "2023-06 (Q2)",
      "revenue": 36343000000,
      "gross_profit": 4581000000,
      "operating_income": 3305000000,
      "net_income": 2226000000,
      "opex": 33519000000,
      "cogs": 31762000000,
      "rd": null,
      "sga": 704000000,
      "fcf": 3503000000,
      "ocf": 3984000000,
      "capex": -481000000,
      "gross_margin": 0.12604903282612884,
      "op_margin": 0.09093910794375808,
      "fcf_margin": 0.0963871997358501,
      "incr_op_margin_yoy": 0.28781801512720606,
      "rev_growth_yoy": -0.3244167673575611,
      "rev_growth_yoy_accel": -0.24049223112339219,
      "op_leverage_ratio": 0.525673276510592,
      "fcf_margin_change": -0.006871175665710258
    },
    {
      "date": "2023-09-30T00:00:00",
      "quarter_label": "2023-09 (Q3)",
      "revenue": 40917000000,
      "gross_profit": 5989000000,
      "operating_income": 4753000000,
      "net_income": 3280000000,
      "opex": 36830000000,
      "cogs": 34928000000,
      "rd": null,
      "sga": 824000000,
      "fcf": 4533000000,
      "ocf": 4953000000,
      "capex": -420000000,
      "gross_margin": 0.1463694796783733,
      "op_margin": 0.11616198646039544,
      "fcf_margin": 0.11078524818535083,
      "incr_op_margin_yoy": 0.3969199178644764,
      "rev_growth_yoy": -0.1063620678358486,
      "rev_growth_yoy_accel": 0.21805469952171247,
      "op_leverage_ratio": 1.2741109815700808,
      "fcf_margin_change": 0.014398048449500739
    },
    {
      "date": "2023-12-31T00:00:00",
      "quarter_label": "2023-12 (Q4)",
      "revenue": 36255000000,
      "gross_profit": 3673000000,
      "operating_income": 2395000000,
      "net_income": 1451000000,
      "opex": 34428000000,
      "cogs": 32582000000,
      "rd": null,
      "sga": 820000000,
      "fcf": 591000000,
      "ocf": 1123000000,
      "capex": -532000000,
      "gross_margin": 0.10131016411529445,
      "op_margin": 0.06605985381326714,
      "fcf_margin": 0.016301199834505585,
      "incr_op_margin_yoy": 0.6587970770095559,
      "rev_growth_yoy": -0.08936779443900233,
      "rev_growth_yoy_accel": 0.01699427339684627,
      "fcf_margin_change": -0.09448404835084526
    },
    {
      "date": "2024-03-31T00:00:00",
      "quarter_label": "2024-03 (Q1)",
      "revenue": 32706000000,
      "gross_profit": 3113000000,
      "operating_income": 1784000000,
      "net_income": 937000000,
      "opex": 31427000000,
      "cogs": 29593000000,
      "rd": null,
      "sga": 779000000,
      "fcf": 947000000,
      "ocf": 1532000000,
      "capex": -585000000,
      "gross_margin": 0.09518131229743777,
      "op_margin": 0.05454656637925763,
      "fcf_margin": 0.028954931816792026,
      "incr_op_margin_yoy": 1.0551436515291936,
      "rev_growth_yoy": -0.061897659476824234,
      "rev_growth_yoy_accel": 0.0274701349621781,
      "fcf_margin_change": 0.012653731982286441
    },
    {
      "date": "2024-06-30T00:00:00",
      "quarter_label": "2024-06 (Q2)",
      "revenue": 37914000000,
      "gross_profit": 3969000000,
      "operating_income": 2522000000,
      "net_income": 1515000000,
      "opex": 35840000000,
      "cogs": 33945000000,
      "rd": null,
      "sga": 823000000,
      "fcf": 2755000000,
      "ocf": 3242000000,
      "capex": -487000000,
      "gross_margin": 0.10468428548821015,
      "op_margin": 0.06651896397109247,
      "fcf_margin": 0.07266445112623306,
      "incr_op_margin_yoy": -0.49840865690642905,
      "rev_growth_yoy": 0.04322703134028561,
      "rev_growth_yoy_accel": 0.10512469081710984,
      "op_leverage_ratio": 1.1339986596696114,
      "fcf_margin_change": 0.04370951930944103
    },
    {
      "date": "2024-09-30T00:00:00",
      "quarter_label": "2024-09 (Q3)",
      "revenue": 35107000000,
      "gross_profit": 2963000000,
      "operating_income": 1349000000,
      "net_income": 622000000,
      "opex": 34024000000,
      "cogs": 32144000000,
      "rd": null,
      "sga": 815000000,
      "fcf": 1033000000,
      "ocf": 1684000000,
      "capex": -651000000,
      "gross_margin": 0.0843991226820862,
      "op_margin": 0.03842538525080468,
      "fcf_margin": 0.0294243313299342,
      "incr_op_margin_yoy": 0.5858864027538726,
      "rev_growth_yoy": -0.14199476990004153,
      "rev_growth_yoy_accel": -0.18522180124032714,
      "fcf_margin_change": -0.043240119796298854
    },
    {
      "date": "2024-12-31T00:00:00",
      "quarter_label": "2024-12 (Q4)",
      "revenue": 33137000000,
      "gross_profit": 2579000000,
      "operating_income": 1141000000,
      "net_income": 371000000,
      "opex": 32325000000,
      "cogs": 30558000000,
      "rd": null,
      "sga": 804000000,
      "fcf": 1397000000,
      "ocf": 2207000000,
      "capex": -810000000,
      "gross_margin": 0.07782840933095934,
      "op_margin": 0.03443280924646166,
      "fcf_margin": 0.04215831246039171,
      "incr_op_margin_yoy": 0.4021808851828095,
      "rev_growth_yoy": -0.0860019307681699,
      "rev_growth_yoy_accel": 0.05599283913187163,
      "fcf_margin_change": 0.012733981130457508
    },
    {
      "date": "2025-03-31T00:00:00",
      "quarter_label": "2025-03 (Q1)",
      "revenue": 31517000000,
      "gross_profit": 2157000000,
      "operating_income": 687000000,
      "net_income": -74000000,
      "opex": 31163000000,
      "cogs": 29360000000,
      "rd": null,
      "sga": 783000000,
      "fcf": -727000000,
      "ocf": -64000000,
      "capex": -663000000,
      "gross_margin": 0.06843925500523527,
      "op_margin": 0.021797759939080497,
      "fcf_margin": -0.02306691626741124,
      "incr_op_margin_yoy": 0.9226240538267452,
      "rev_growth_yoy": -0.03635418577631016,
      "rev_growth_yoy_accel": 0.04964774499185975,
      "fcf_margin_change": -0.06522522872780295
    },
    {
      "date": "2025-06-30T00:00:00",
      "quarter_label": "2025-06 (Q2)",
      "revenue": 33799000000,
      "gross_profit": 3774000000,
      "operating_income": 2197000000,
      "net_income": 1216000000,
      "opex": 31904000000,
      "cogs": 30025000000,
      "rd": null,
      "sga": 867000000,
      "fcf": 1944000000,
      "ocf": 2639000000,
      "capex": -695000000,
      "gross_margin": 0.11166010828722743,
      "op_margin": 0.06500192313382053,
      "fcf_margin": 0.05751649457084529,
      "incr_op_margin_yoy": 0.07897934386391252,
      "rev_growth_yoy": -0.10853510576568022,
      "rev_growth_yoy_accel": -0.07218091998937007,
      "op_leverage_ratio": 3.0450317132792586,
      "fcf_margin_change": 0.08058341083825653
    },
    {
      "date": "2025-09-30T00:00:00",
      "quarter_label": "2025-09 (Q3)",
      "revenue": 34809000000,
      "gross_profit": 3609000000,
      "operating_income": 2713000000,
      "net_income": 1370000000,
      "opex": 33136000000,
      "cogs": 31200000000,
      "rd": null,
      "sga": 863000000,
      "fcf": 1662000000,
      "ocf": 2609000000,
      "capex": -947000000,
      "gross_margin": 0.10368008273722314,
      "op_margin": 0.07793961331839466,
      "fcf_margin": 0.04774627251572869,
      "incr_op_margin_yoy": -4.577181208053691,
      "rev_growth_yoy": -0.008488335659555075,
      "rev_growth_yoy_accel": 0.10004677010612514,
      "op_leverage_ratio": 0.7738413839186051,
      "fcf_margin_change": -0.0097702220551166
    }
  ],
  "signals": [
    {
      "quarter": "2025-09 (Q3)",
      "signal": "YoY REVENUE GROWTH ACCELERATION",
      "detail": "YoY growth: -0.8% vs prior quarter YoY: -10.9% (accel: +10.0%)",
      "severity": "MEDIUM"
    },
    {
      "quarter": "2025-06 (Q2)",
      "signal": "FCF TURNED POSITIVE",
      "detail": "FCF margin: -2.3% -> +5.8%",
      "severity": "HIGH"
    },
    {
      "quarter": "2025-06 (Q2)",
      "signal": "OPERATING LEVERAGE",
      "detail": "Rev growth +7.2% vs OpEx growth +2.4% (leverage: 3.0x)",
      "severity": "MEDIUM"
    },
    {
      "quarter": "2025-06 (Q2)",
      "signal": "GROSS MARGIN INFLECTION",
      "detail": "GM: +7.8% -> +6.8% -> +11.2% (reversal +4.3%)",
      "severity": "MEDIUM"
    },
    {
      "quarter": "2025-06 (Q2)",
      "signal": "YoY REVENUE GROWTH DECELERATION",
      "detail": "YoY growth: -10.9% vs prior quarter YoY: -3.6% (decel: -7.2%)",
      "severity": "WARNING"
    },
    {
      "quarter": "2025-03 (Q1)",
      "signal": "INCREMENTAL MARGIN (YoY)",
      "detail": "YoY Incr OPM: +92.3% vs year-ago OPM: +5.5%",
      "severity": "HIGH"
    },
    {
      "quarter": "2024-12 (Q4)",
      "signal": "YoY REVENUE GROWTH ACCELERATION",
      "detail": "YoY growth: -8.6% vs prior quarter YoY: -14.2% (accel: +5.6%)",
      "severity": "MEDIUM"
    },
    {
      "quarter": "2024-12 (Q4)",
      "signal": "INCREMENTAL MARGIN (YoY)",
      "detail": "YoY Incr OPM: +40.2% vs year-ago OPM: +6.6%",
      "severity": "HIGH"
    },
    {
      "quarter": "2024-09 (Q3)",
      "signal": "YoY REVENUE GROWTH DECELERATION",
      "detail": "YoY growth: -14.2% vs prior quarter YoY: +4.3% (decel: -18.5%)",
      "severity": "WARNING"
    },
    {
      "quarter": "2024-09 (Q3)",
      "signal": "INCREMENTAL MARGIN (YoY)",
      "detail": "YoY Incr OPM: +58.6% vs year-ago OPM: +11.6%",
      "severity": "HIGH"
    },
    {
      "quarter": "2024-06 (Q2)",
      "signal": "YoY REVENUE GROWTH ACCELERATION",
      "detail": "YoY growth: +4.3% vs prior quarter YoY: -6.2% (accel: +10.5%)",
      "severity": "MEDIUM"
    },
    {
      "quarter": "2024-03 (Q1)",
      "signal": "INCREMENTAL MARGIN (YoY)",
      "detail": "YoY Incr OPM: +105.5% vs year-ago OPM: +11.6%",
      "severity": "HIGH"
    },
    {
      "quarter": "2023-12 (Q4)",
      "signal": "INCREMENTAL MARGIN (YoY)",
      "detail": "YoY Incr OPM: +65.9% vs year-ago OPM: +11.9%",
      "severity": "HIGH"
    },
    {
      "quarter": "2023-09 (Q3)",
      "signal": "GROSS MARGIN INFLECTION",
      "detail": "GM: +16.0% -> +12.6% -> +14.6% (reversal +2.0%)",
      "severity": "MEDIUM"
    },
    {
      "quarter": "2023-09 (Q3)",
      "signal": "YoY REVENUE GROWTH ACCELERATION",
      "detail": "YoY growth: -10.6% vs prior quarter YoY: -32.4% (accel: +21.8%)",
      "severity": "HIGH"
    },
    {
      "quarter": "2023-09 (Q3)",
      "signal": "INCREMENTAL MARGIN (YoY)",
      "detail": "YoY Incr OPM: +39.7% vs year-ago OPM: +14.6%",
      "severity": "HIGH"
    },
    {
      "quarter": "2023-06 (Q2)",
      "signal": "YoY REVENUE GROWTH DECELERATION",
      "detail": "YoY growth: -32.4% vs prior quarter YoY: -8.4% (decel: -24.0%)",
      "severity": "WARNING"
    },
    {
      "quarter": "2023-06 (Q2)",
      "signal": "INCREMENTAL MARGIN (YoY)",
      "detail": "YoY Incr OPM: +28.8% vs year-ago OPM: +15.5%",
      "severity": "MEDIUM"
    },
    {
      "quarter": "2023-03 (Q1)",
      "signal": "YoY REVENUE GROWTH DECELERATION",
      "detail": "YoY growth: -8.4% vs prior quarter YoY: +12.7% (decel: -21.1%)",
      "severity": "WARNING"
    },
    {
      "quarter": "2022-12 (Q4)",
      "signal": "FCF MARGIN EXPANSION",
      "detail": "FCF margin: +4.0% -> +9.2% (+5.2%)",
      "severity": "MEDIUM"
    },
    {
      "quarter": "2022-12 (Q4)",
      "signal": "YoY REVENUE GROWTH DECELERATION",
      "detail": "YoY growth: +12.7% vs prior quarter YoY: +41.7% (decel: -29.0%)",
      "severity": "WARNING"
    },
    {
      "quarter": "2022-12 (Q4)",
      "signal": "INCREMENTAL MARGIN (YoY)",
      "detail": "YoY Incr OPM: +66.1% vs year-ago OPM: +5.0%",
      "severity": "HIGH"
    },
    {
      "quarter": "2022-09 (Q3)",
      "signal": "YoY REVENUE GROWTH DECELERATION",
      "detail": "YoY growth: +41.7% vs prior quarter YoY: +81.6% (decel: -40.0%)",
      "severity": "WARNING"
    },
    {
      "quarter": "2022-09 (Q3)",
      "signal": "INCREMENTAL MARGIN (YoY)",
      "detail": "YoY Incr OPM: +39.7% vs year-ago OPM: +4.1%",
      "severity": "HIGH"
    },
    {
      "quarter": "2022-06 (Q2)",
      "signal": "FCF MARGIN EXPANSION",
      "detail": "FCF margin: +5.3% -> +12.0% (+6.7%)",
      "severity": "MEDIUM"
    },
    {
      "quarter": "2022-06 (Q2)",
      "signal": "OPERATING LEVERAGE",
      "detail": "Rev growth +41.4% vs OpEx growth +25.2% (leverage: 1.6x)",
      "severity": "MEDIUM"
    },
    {
      "quarter": "2022-06 (Q2)",
      "signal": "GROSS MARGIN INFLECTION",
      "detail": "GM: +8.9% -> +7.9% -> +17.8% (reversal +10.0%)",
      "severity": "HIGH"
    },
    {
      "quarter": "2022-06 (Q2)",
      "signal": "YoY REVENUE GROWTH ACCELERATION",
      "detail": "YoY growth: +81.6% vs prior quarter YoY: +67.6% (accel: +14.1%)",
      "severity": "MEDIUM"
    },
    {
      "quarter": "2022-06 (Q2)",
      "signal": "INCREMENTAL MARGIN (YoY)",
      "detail": "YoY Incr OPM: +30.5% vs year-ago OPM: +3.3%",
      "severity": "HIGH"
    },
    {
      "quarter": "2022-03 (Q1)",
      "signal": "YoY REVENUE GROWTH DECELERATION",
      "detail": "YoY growth: +67.6% vs prior quarter YoY: +96.6% (decel: -29.0%)",
      "severity": "WARNING"
    },
    {
      "quarter": "2021-12 (Q4)",
      "signal": "FCF TURNED POSITIVE",
      "detail": "FCF margin: -4.7% -> +9.0%",
      "severity": "HIGH"
    }
  ],
  "data_quality": {
    "n_quarters": 20,
    "coverage": {
      "revenue": [
        20,
        20
      ],
      "gross_profit": [
        20,
        20
      ],
      "op_income": [
        20,
        20
      ],
      "fcf": [
        20,
        20
      ]
    },
    "gaps": [],
    "warnings": []
  },
  "market_cap": null,
  "source": "SEC EDGAR",
  "last_updated": "2026-02-02T19:59:10.983716"
}