{
  "ticker": "MPWR",
  "name": "MONOLITHIC POWER SYSTEMS INC",
  "quarters": [
    {
      "date": "2020-12-31T00:00:00",
      "quarter_label": "2020-12 (Q4)",
      "revenue": 233043000,
      "gross_profit": 128874000,
      "operating_income": 39962000,
      "net_income": 42887000,
      "opex": 88912000,
      "cogs": 104169000,
      "rd": null,
      "sga": 45120000,
      "fcf": 68167000,
      "ocf": 79648000,
      "capex": -11481000,
      "gross_margin": 0.5530052393764241,
      "op_margin": 0.17147908325931266,
      "fcf_margin": 0.29250824955051213
    },
    {
      "date": "2021-03-31T00:00:00",
      "quarter_label": "2021-03 (Q1)",
      "revenue": 254455000,
      "gross_profit": 141059000,
      "operating_income": 46086000,
      "net_income": 45413000,
      "opex": 94973000,
      "cogs": 113396000,
      "rd": null,
      "sga": 51453000,
      "fcf": 58087000,
      "ocf": 77057000,
      "capex": -18970000,
      "gross_margin": 0.5543573519875813,
      "op_margin": 0.18111650390049322,
      "fcf_margin": 0.22828004951759642,
      "op_leverage_ratio": 1.3478366696551047,
      "fcf_margin_change": -0.06422820003291571
    },
    {
      "date": "2021-06-30T00:00:00",
      "quarter_label": "2021-06 (Q2)",
      "revenue": 293317000,
      "gross_profit": 164215000,
      "operating_income": 60628000,
      "net_income": 55169000,
      "opex": 103587000,
      "cogs": 129102000,
      "rd": null,
      "sga": 57238000,
      "fcf": 57648000,
      "ocf": 96946000,
      "capex": -39298000,
      "gross_margin": 0.5598550373827633,
      "op_margin": 0.2066978729497438,
      "fcf_margin": 0.19653821633250032,
      "op_leverage_ratio": 1.6838734430416087,
      "fcf_margin_change": -0.0317418331850961
    },
    {
      "date": "2021-09-30T00:00:00",
      "quarter_label": "2021-09 (Q3)",
      "revenue": 323522000,
      "gross_profit": 186311000,
      "operating_income": 77131000,
      "net_income": 68770000,
      "opex": 109180000,
      "cogs": 137211000,
      "rd": null,
      "sga": 56291000,
      "fcf": 99220000,
      "ocf": 117801000,
      "capex": -18581000,
      "gross_margin": 0.5758835566051149,
      "op_margin": 0.2384103708557687,
      "fcf_margin": 0.3066870259209575,
      "op_leverage_ratio": 1.9072254875199992,
      "fcf_margin_change": 0.11014880958845716
    },
    {
      "date": "2021-12-31T00:00:00",
      "quarter_label": "2021-12 (Q4)",
      "revenue": 336504000,
      "gross_profit": 193874000,
      "operating_income": 78572000,
      "net_income": 72671000,
      "opex": 115302000,
      "cogs": 142630000,
      "rd": null,
      "sga": 61208000,
      "fcf": 10635000,
      "ocf": 28206000,
      "capex": -17571000,
      "gross_margin": 0.5761417397712955,
      "op_margin": 0.23349499560183534,
      "fcf_margin": 0.031604379145567366,
      "incr_op_margin_yoy": 0.3731840983559022,
      "rev_growth_yoy": 0.4439566946872466,
      "op_leverage_ratio": 0.7156283726556703,
      "fcf_margin_change": -0.2750826467753901
    },
    {
      "date": "2022-03-31T00:00:00",
      "quarter_label": "2022-03 (Q1)",
      "revenue": 377714000,
      "gross_profit": 218880000,
      "operating_income": 96134000,
      "net_income": 79566000,
      "opex": 122746000,
      "cogs": 158834000,
      "rd": null,
      "sga": 67153000,
      "fcf": 80542000,
      "ocf": 107419000,
      "capex": -26877000,
      "gross_margin": 0.5794860661770546,
      "op_margin": 0.25451532111597663,
      "fcf_margin": 0.21323541091937287,
      "incr_op_margin_yoy": 0.4060393155875027,
      "rev_growth_yoy": 0.48440392210803485,
      "rev_growth_yoy_accel": 0.04044722742078827,
      "op_leverage_ratio": 1.8968931122008934,
      "fcf_margin_change": 0.18163103177380552
    },
    {
      "date": "2022-06-30T00:00:00",
      "quarter_label": "2022-06 (Q2)",
      "revenue": 461004000,
      "gross_profit": 270961000,
      "operating_income": 141888000,
      "net_income": 114679000,
      "opex": 129073000,
      "cogs": 190043000,
      "rd": null,
      "sga": 70668000,
      "fcf": 93393000,
      "ocf": 105237000,
      "capex": -11844000,
      "gross_margin": 0.5877627959844166,
      "op_margin": 0.3077804097144493,
      "fcf_margin": 0.2025860946976599,
      "incr_op_margin_yoy": 0.48459331969681607,
      "rev_growth_yoy": 0.5716920601260752,
      "rev_growth_yoy_accel": 0.08728813801804036,
      "op_leverage_ratio": 4.27798535737904,
      "fcf_margin_change": -0.010649316221712973
    },
    {
      "date": "2022-09-30T00:00:00",
      "quarter_label": "2022-09 (Q3)",
      "revenue": 495418000,
      "gross_profit": 290902000,
      "operating_income": 151871000,
      "net_income": 124337000,
      "opex": 139031000,
      "cogs": 204516000,
      "rd": null,
      "sga": 69717000,
      "fcf": -25466000,
      "ocf": -18185000,
      "capex": -7281000,
      "gross_margin": 0.5871849630009406,
      "op_margin": 0.3065512355223266,
      "fcf_margin": -0.05140305762002995,
      "incr_op_margin_yoy": 0.4347977847070322,
      "rev_growth_yoy": 0.5313270813113173,
      "rev_growth_yoy_accel": -0.04036497881475787,
      "op_leverage_ratio": 0.9675952843035402,
      "fcf_margin_change": -0.25398915231768987
    },
    {
      "date": "2022-12-31T00:00:00",
      "quarter_label": "2022-12 (Q4)",
      "revenue": 460012000,
      "gross_profit": 267809000,
      "operating_income": 136892000,
      "net_income": 119090000,
      "opex": 130917000,
      "cogs": 192203000,
      "rd": null,
      "sga": 66057000,
      "fcf": 39362000,
      "ocf": 52203000,
      "capex": -12841000,
      "gross_margin": 0.5821782910011043,
      "op_margin": 0.2975835412989226,
      "fcf_margin": 0.08556733302609497,
      "incr_op_margin_yoy": 0.47219613304401337,
      "rev_growth_yoy": 0.36703278415709767,
      "rev_growth_yoy_accel": -0.16429429715421967,
      "fcf_margin_change": 0.13697039064612493
    },
    {
      "date": "2023-03-31T00:00:00",
      "quarter_label": "2023-03 (Q1)",
      "revenue": 451065000,
      "gross_profit": 258780000,
      "operating_income": 124276000,
      "net_income": 109802000,
      "opex": 134504000,
      "cogs": 192285000,
      "rd": null,
      "sga": 70795000,
      "fcf": 209953000,
      "ocf": 218807000,
      "capex": -8854000,
      "gross_margin": 0.573708888962788,
      "op_margin": 0.27551683238557634,
      "fcf_margin": 0.46546063205968097,
      "incr_op_margin_yoy": 0.383662117762539,
      "rev_growth_yoy": 0.19419719682087505,
      "rev_growth_yoy_accel": -0.17283558733622262,
      "fcf_margin_change": 0.379893299033586
    },
    {
      "date": "2023-06-30T00:00:00",
      "quarter_label": "2023-06 (Q2)",
      "revenue": 441128000,
      "gross_profit": 247675000,
      "operating_income": 112325000,
      "net_income": 99504000,
      "opex": 135350000,
      "cogs": 193453000,
      "rd": null,
      "sga": 71662000,
      "fcf": 82358000,
      "ocf": 90185000,
      "capex": -7827000,
      "gross_margin": 0.5614583522242977,
      "op_margin": 0.25463130882646307,
      "fcf_margin": 0.18669864529116265,
      "incr_op_margin_yoy": 1.4873717045683237,
      "rev_growth_yoy": -0.04311459336578424,
      "rev_growth_yoy_accel": -0.2373117901866593,
      "fcf_margin_change": -0.2787619867685183
    },
    {
      "date": "2023-09-30T00:00:00",
      "quarter_label": "2023-09 (Q3)",
      "revenue": 474867000,
      "gross_profit": 263541000,
      "operating_income": 135566000,
      "net_income": 121163000,
      "opex": 127975000,
      "cogs": 211326000,
      "rd": null,
      "sga": 63188000,
      "fcf": 148817000,
      "ocf": 175908000,
      "capex": -27091000,
      "gross_margin": 0.5549785518892658,
      "op_margin": 0.28548204023442353,
      "fcf_margin": 0.31338669564320115,
      "incr_op_margin_yoy": 0.7933920490487081,
      "rev_growth_yoy": -0.04148214235251848,
      "rev_growth_yoy_accel": 0.0016324510132657635,
      "op_leverage_ratio": Infinity,
      "fcf_margin_change": 0.1266880503520385
    },
    {
      "date": "2023-12-31T00:00:00",
      "quarter_label": "2023-12 (Q4)",
      "revenue": 454012000,
      "gross_profit": 251123000,
      "operating_income": 109569000,
      "net_income": 96905000,
      "opex": 141554000,
      "cogs": 202889000,
      "rd": null,
      "sga": 70095000,
      "fcf": 139507000,
      "ocf": 153313000,
      "capex": -13806000,
      "gross_margin": 0.553119741328423,
      "op_margin": 0.24133503079213764,
      "fcf_margin": 0.30727601913605807,
      "incr_op_margin_yoy": 4.553833333333333,
      "rev_growth_yoy": -0.013043138005095519,
      "rev_growth_yoy_accel": 0.028439004347422962,
      "fcf_margin_change": -0.006110676507143087
    },
    {
      "date": "2024-03-31T00:00:00",
      "quarter_label": "2024-03 (Q1)",
      "revenue": 457885000,
      "gross_profit": 252441000,
      "operating_income": 95487000,
      "net_income": 92541000,
      "opex": 156954000,
      "cogs": 205444000,
      "rd": null,
      "sga": 80964000,
      "fcf": 232060000,
      "ocf": 248051000,
      "capex": -15991000,
      "gross_margin": 0.5513196544984003,
      "op_margin": 0.20853926204177906,
      "fcf_margin": 0.5068084781113161,
      "incr_op_margin_yoy": -4.221260997067449,
      "rev_growth_yoy": 0.015119772094930886,
      "rev_growth_yoy_accel": 0.028162910100026403,
      "fcf_margin_change": 0.19953245897525806
    },
    {
      "date": "2024-06-30T00:00:00",
      "quarter_label": "2024-06 (Q2)",
      "revenue": 507431000,
      "gross_profit": 280578000,
      "operating_income": 116536000,
      "net_income": 100366000,
      "opex": 164042000,
      "cogs": 226853000,
      "rd": null,
      "sga": 86097000,
      "fcf": 109468000,
      "ocf": 140975000,
      "capex": -31507000,
      "gross_margin": 0.5529382319960744,
      "op_margin": 0.22965881075456565,
      "fcf_margin": 0.21572982336514718,
      "incr_op_margin_yoy": 0.06351145498695383,
      "rev_growth_yoy": 0.15030331332402386,
      "rev_growth_yoy_accel": 0.13518354122909298,
      "op_leverage_ratio": 2.39607750065685,
      "fcf_margin_change": -0.29107865474616895
    },
    {
      "date": "2024-09-30T00:00:00",
      "quarter_label": "2024-09 (Q3)",
      "revenue": 620119000,
      "gross_profit": 343443000,
      "operating_income": 164028000,
      "net_income": 144430000,
      "opex": 179415000,
      "cogs": 276676000,
      "rd": null,
      "sga": 94364000,
      "fcf": 197885000,
      "ocf": 231703000,
      "capex": -33818000,
      "gross_margin": 0.5538340221796139,
      "op_margin": 0.264510521367673,
      "fcf_margin": 0.31910810666984885,
      "incr_op_margin_yoy": 0.19594910913446975,
      "rev_growth_yoy": 0.30587933042304477,
      "rev_growth_yoy_accel": 0.1555760170990209,
      "op_leverage_ratio": 2.3697203812439427,
      "fcf_margin_change": 0.10337828330470167
    },
    {
      "date": "2024-12-31T00:00:00",
      "quarter_label": "2024-12 (Q4)",
      "revenue": 621665000,
      "gross_profit": 344408000,
      "operating_income": 163307000,
      "net_income": 1449363000,
      "opex": 181101000,
      "cogs": 277257000,
      "rd": null,
      "sga": 95339000,
      "fcf": 102879000,
      "ocf": 167681000,
      "capex": -64802000,
      "gross_margin": 0.5540089919812118,
      "op_margin": 0.2626929294716608,
      "fcf_margin": 0.16548945171434776,
      "incr_op_margin_yoy": 0.3205310969681425,
      "rev_growth_yoy": 0.36926997524294514,
      "rev_growth_yoy_accel": 0.06339064481990037,
      "fcf_margin_change": -0.1536186549555011
    },
    {
      "date": "2025-03-31T00:00:00",
      "quarter_label": "2025-03 (Q1)",
      "revenue": 637554000,
      "gross_profit": 353230000,
      "operating_income": 168759000,
      "net_income": 133791000,
      "opex": 184471000,
      "cogs": 284324000,
      "rd": null,
      "sga": 92244000,
      "fcf": 216045000,
      "ocf": 256387000,
      "capex": -40342000,
      "gross_margin": 0.5540393441183021,
      "op_margin": 0.26469757855805154,
      "fcf_margin": 0.33886541375318796,
      "incr_op_margin_yoy": 0.4078165960738914,
      "rev_growth_yoy": 0.3923889186149361,
      "rev_growth_yoy_accel": 0.02311894337199094,
      "op_leverage_ratio": 1.3735076905680283,
      "fcf_margin_change": 0.1733759620388402
    },
    {
      "date": "2025-06-30T00:00:00",
      "quarter_label": "2025-06 (Q2)",
      "revenue": 664574000,
      "gross_profit": 366016000,
      "operating_income": 164758000,
      "net_income": 133726000,
      "opex": 201258000,
      "cogs": 298558000,
      "rd": null,
      "sga": 104992000,
      "fcf": 189494000,
      "ocf": 237637000,
      "capex": -48143000,
      "gross_margin": 0.5507528130802589,
      "op_margin": 0.24791520583110382,
      "fcf_margin": 0.28513604203595083,
      "incr_op_margin_yoy": 0.3068669937572784,
      "rev_growth_yoy": 0.30968348405990176,
      "rev_growth_yoy_accel": -0.08270543455503432,
      "op_leverage_ratio": 0.46571838359671,
      "fcf_margin_change": -0.05372937171723713
    },
    {
      "date": "2025-09-30T00:00:00",
      "quarter_label": "2025-09 (Q3)",
      "revenue": 737176000,
      "gross_profit": 406228000,
      "operating_income": 195183000,
      "net_income": 178274000,
      "opex": 211045000,
      "cogs": 330948000,
      "rd": null,
      "sga": 112872000,
      "fcf": 196753000,
      "ocf": 239268000,
      "capex": -42515000,
      "gross_margin": 0.551059719795544,
      "op_margin": 0.26477123509175554,
      "fcf_margin": 0.26690098429683007,
      "incr_op_margin_yoy": 0.2661523872984956,
      "rev_growth_yoy": 0.18876538212826893,
      "rev_growth_yoy_accel": -0.12091810193163283,
      "op_leverage_ratio": 2.2465123083174783,
      "fcf_margin_change": -0.018235057739120764
    }
  ],
  "signals": [
    {
      "quarter": "2025-09 (Q3)",
      "signal": "OPERATING LEVERAGE",
      "detail": "Rev growth +10.9% vs OpEx growth +4.9% (leverage: 2.2x)",
      "severity": "MEDIUM"
    },
    {
      "quarter": "2025-09 (Q3)",
      "signal": "YoY REVENUE GROWTH DECELERATION",
      "detail": "YoY growth: +18.9% vs prior quarter YoY: +31.0% (decel: -12.1%)",
      "severity": "WARNING"
    },
    {
      "quarter": "2025-06 (Q2)",
      "signal": "YoY REVENUE GROWTH DECELERATION",
      "detail": "YoY growth: +31.0% vs prior quarter YoY: +39.2% (decel: -8.3%)",
      "severity": "WARNING"
    },
    {
      "quarter": "2025-03 (Q1)",
      "signal": "FCF MARGIN EXPANSION",
      "detail": "FCF margin: +16.5% -> +33.9% (+17.3%)",
      "severity": "MEDIUM"
    },
    {
      "quarter": "2025-03 (Q1)",
      "signal": "INCREMENTAL MARGIN (YoY)",
      "detail": "YoY Incr OPM: +40.8% vs year-ago OPM: +20.9%",
      "severity": "MEDIUM"
    },
    {
      "quarter": "2024-12 (Q4)",
      "signal": "YoY REVENUE GROWTH ACCELERATION",
      "detail": "YoY growth: +36.9% vs prior quarter YoY: +30.6% (accel: +6.3%)",
      "severity": "MEDIUM"
    },
    {
      "quarter": "2024-09 (Q3)",
      "signal": "FCF MARGIN EXPANSION",
      "detail": "FCF margin: +21.6% -> +31.9% (+10.3%)",
      "severity": "MEDIUM"
    },
    {
      "quarter": "2024-09 (Q3)",
      "signal": "OPERATING LEVERAGE",
      "detail": "Rev growth +22.2% vs OpEx growth +9.4% (leverage: 2.4x)",
      "severity": "MEDIUM"
    },
    {
      "quarter": "2024-09 (Q3)",
      "signal": "YoY REVENUE GROWTH ACCELERATION",
      "detail": "YoY growth: +30.6% vs prior quarter YoY: +15.0% (accel: +15.6%)",
      "severity": "HIGH"
    },
    {
      "quarter": "2024-06 (Q2)",
      "signal": "OPERATING LEVERAGE",
      "detail": "Rev growth +10.8% vs OpEx growth +4.5% (leverage: 2.4x)",
      "severity": "MEDIUM"
    },
    {
      "quarter": "2024-06 (Q2)",
      "signal": "YoY REVENUE GROWTH ACCELERATION",
      "detail": "YoY growth: +15.0% vs prior quarter YoY: +1.5% (accel: +13.5%)",
      "severity": "MEDIUM"
    },
    {
      "quarter": "2024-03 (Q1)",
      "signal": "FCF MARGIN EXPANSION",
      "detail": "FCF margin: +30.7% -> +50.7% (+20.0%)",
      "severity": "MEDIUM"
    },
    {
      "quarter": "2023-12 (Q4)",
      "signal": "INCREMENTAL MARGIN (YoY)",
      "detail": "YoY Incr OPM: +455.4% vs year-ago OPM: +29.8%",
      "severity": "HIGH"
    },
    {
      "quarter": "2023-09 (Q3)",
      "signal": "FCF MARGIN EXPANSION",
      "detail": "FCF margin: +18.7% -> +31.3% (+12.7%)",
      "severity": "MEDIUM"
    },
    {
      "quarter": "2023-09 (Q3)",
      "signal": "INCREMENTAL MARGIN (YoY)",
      "detail": "YoY Incr OPM: +79.3% vs year-ago OPM: +30.7%",
      "severity": "HIGH"
    },
    {
      "quarter": "2023-06 (Q2)",
      "signal": "YoY REVENUE GROWTH DECELERATION",
      "detail": "YoY growth: -4.3% vs prior quarter YoY: +19.4% (decel: -23.7%)",
      "severity": "WARNING"
    },
    {
      "quarter": "2023-06 (Q2)",
      "signal": "INCREMENTAL MARGIN (YoY)",
      "detail": "YoY Incr OPM: +148.7% vs year-ago OPM: +30.8%",
      "severity": "HIGH"
    },
    {
      "quarter": "2023-03 (Q1)",
      "signal": "FCF MARGIN EXPANSION",
      "detail": "FCF margin: +8.6% -> +46.5% (+38.0%)",
      "severity": "MEDIUM"
    },
    {
      "quarter": "2023-03 (Q1)",
      "signal": "YoY REVENUE GROWTH DECELERATION",
      "detail": "YoY growth: +19.4% vs prior quarter YoY: +36.7% (decel: -17.3%)",
      "severity": "WARNING"
    },
    {
      "quarter": "2023-03 (Q1)",
      "signal": "INCREMENTAL MARGIN (YoY)",
      "detail": "YoY Incr OPM: +38.4% vs year-ago OPM: +25.5%",
      "severity": "MEDIUM"
    },
    {
      "quarter": "2022-12 (Q4)",
      "signal": "FCF TURNED POSITIVE",
      "detail": "FCF margin: -5.1% -> +8.6%",
      "severity": "HIGH"
    },
    {
      "quarter": "2022-12 (Q4)",
      "signal": "YoY REVENUE GROWTH DECELERATION",
      "detail": "YoY growth: +36.7% vs prior quarter YoY: +53.1% (decel: -16.4%)",
      "severity": "WARNING"
    },
    {
      "quarter": "2022-12 (Q4)",
      "signal": "INCREMENTAL MARGIN (YoY)",
      "detail": "YoY Incr OPM: +47.2% vs year-ago OPM: +23.3%",
      "severity": "HIGH"
    },
    {
      "quarter": "2022-09 (Q3)",
      "signal": "INCREMENTAL MARGIN (YoY)",
      "detail": "YoY Incr OPM: +43.5% vs year-ago OPM: +23.8%",
      "severity": "MEDIUM"
    },
    {
      "quarter": "2022-06 (Q2)",
      "signal": "OPERATING LEVERAGE",
      "detail": "Rev growth +22.1% vs OpEx growth +5.2% (leverage: 4.3x)",
      "severity": "MEDIUM"
    },
    {
      "quarter": "2022-06 (Q2)",
      "signal": "YoY REVENUE GROWTH ACCELERATION",
      "detail": "YoY growth: +57.2% vs prior quarter YoY: +48.4% (accel: +8.7%)",
      "severity": "MEDIUM"
    },
    {
      "quarter": "2022-06 (Q2)",
      "signal": "INCREMENTAL MARGIN (YoY)",
      "detail": "YoY Incr OPM: +48.5% vs year-ago OPM: +20.7%",
      "severity": "HIGH"
    },
    {
      "quarter": "2022-03 (Q1)",
      "signal": "FCF MARGIN EXPANSION",
      "detail": "FCF margin: +3.2% -> +21.3% (+18.2%)",
      "severity": "MEDIUM"
    },
    {
      "quarter": "2022-03 (Q1)",
      "signal": "OPERATING LEVERAGE",
      "detail": "Rev growth +12.2% vs OpEx growth +6.5% (leverage: 1.9x)",
      "severity": "MEDIUM"
    },
    {
      "quarter": "2022-03 (Q1)",
      "signal": "INCREMENTAL MARGIN (YoY)",
      "detail": "YoY Incr OPM: +40.6% vs year-ago OPM: +18.1%",
      "severity": "HIGH"
    },
    {
      "quarter": "2021-12 (Q4)",
      "signal": "INCREMENTAL MARGIN (YoY)",
      "detail": "YoY Incr OPM: +37.3% vs year-ago OPM: +17.1%",
      "severity": "HIGH"
    },
    {
      "quarter": "2021-09 (Q3)",
      "signal": "FCF MARGIN EXPANSION",
      "detail": "FCF margin: +19.7% -> +30.7% (+11.0%)",
      "severity": "MEDIUM"
    },
    {
      "quarter": "2021-09 (Q3)",
      "signal": "OPERATING LEVERAGE",
      "detail": "Rev growth +10.3% vs OpEx growth +5.4% (leverage: 1.9x)",
      "severity": "MEDIUM"
    },
    {
      "quarter": "2021-06 (Q2)",
      "signal": "OPERATING LEVERAGE",
      "detail": "Rev growth +15.3% vs OpEx growth +9.1% (leverage: 1.7x)",
      "severity": "MEDIUM"
    }
  ],
  "data_quality": {
    "n_quarters": 20,
    "coverage": {
      "revenue": [
        20,
        20
      ],
      "gross_profit": [
        20,
        20
      ],
      "op_income": [
        20,
        20
      ],
      "fcf": [
        20,
        20
      ]
    },
    "gaps": [],
    "warnings": []
  },
  "market_cap": null,
  "source": "SEC EDGAR",
  "last_updated": "2026-02-02T19:59:00.123984"
}