{
  "ticker": "MPX",
  "name": "MARINE PRODUCTS CORPORATION",
  "quarters": [
    {
      "date": "2020-12-31T00:00:00",
      "quarter_label": "2020-12 (Q4)",
      "revenue": 71110000,
      "gross_profit": 17431000,
      "operating_income": 9083000,
      "net_income": 6994000,
      "opex": 8348000,
      "cogs": 53679000,
      "rd": null,
      "sga": 8348000,
      "fcf": 6598000,
      "ocf": 7239000,
      "capex": -641000,
      "gross_margin": 0.24512726761355647,
      "op_margin": 0.1277316833075517,
      "fcf_margin": 0.09278582477851216
    },
    {
      "date": "2021-03-31T00:00:00",
      "quarter_label": "2021-03 (Q1)",
      "revenue": 78375000,
      "gross_profit": 18462000,
      "operating_income": 10025000,
      "net_income": 8097000,
      "opex": 8437000,
      "cogs": 59913000,
      "rd": null,
      "sga": 8437000,
      "fcf": 7891000,
      "ocf": 8127000,
      "capex": -236000,
      "gross_margin": 0.2355598086124402,
      "op_margin": 0.12791068580542264,
      "fcf_margin": 0.10068261562998405,
      "op_leverage_ratio": 9.582909213293537,
      "fcf_margin_change": 0.007896790851471894
    },
    {
      "date": "2021-06-30T00:00:00",
      "quarter_label": "2021-06 (Q2)",
      "revenue": 67259000,
      "gross_profit": 14608000,
      "operating_income": 7363000,
      "net_income": 5794000,
      "opex": 7245000,
      "cogs": 52651000,
      "rd": null,
      "sga": 7245000,
      "fcf": -2329000,
      "ocf": -2024000,
      "capex": -305000,
      "gross_margin": 0.21719026449991824,
      "op_margin": 0.10947233827443167,
      "fcf_margin": -0.03462733611858636,
      "fcf_margin_change": -0.1353099517485704
    },
    {
      "date": "2021-09-30T00:00:00",
      "quarter_label": "2021-09 (Q3)",
      "revenue": 75843000,
      "gross_profit": 16044000,
      "operating_income": 8343000,
      "net_income": 6687000,
      "opex": 7701000,
      "cogs": 59799000,
      "rd": null,
      "sga": 7701000,
      "fcf": -14903000,
      "ocf": -14724000,
      "capex": -179000,
      "gross_margin": 0.21154226494205133,
      "op_margin": 0.11000355998576006,
      "fcf_margin": -0.1964980288226995,
      "op_leverage_ratio": 2.0277427164902995,
      "fcf_margin_change": -0.16187069270411314
    },
    {
      "date": "2021-12-31T00:00:00",
      "quarter_label": "2021-12 (Q4)",
      "revenue": 76537000,
      "gross_profit": 19158000,
      "operating_income": 10661000,
      "net_income": 8448000,
      "opex": 8497000,
      "cogs": 57379000,
      "rd": null,
      "sga": 8497000,
      "fcf": 8550000,
      "ocf": 9078000,
      "capex": -528000,
      "gross_margin": 0.25031030743300625,
      "op_margin": 0.13929210708546194,
      "fcf_margin": 0.11171067588225303,
      "incr_op_margin_yoy": 0.29076838032061914,
      "rev_growth_yoy": 0.0763183799746871,
      "fcf_margin_change": 0.30820870470495254
    },
    {
      "date": "2022-03-31T00:00:00",
      "quarter_label": "2022-03 (Q1)",
      "revenue": 76612000,
      "gross_profit": 18395000,
      "operating_income": 9155000,
      "net_income": 7063000,
      "opex": 9240000,
      "cogs": 58217000,
      "rd": null,
      "sga": 9240000,
      "fcf": 4317000,
      "ocf": 4519000,
      "capex": -202000,
      "gross_margin": 0.24010598861797108,
      "op_margin": 0.11949825092674776,
      "fcf_margin": 0.05634887484989297,
      "incr_op_margin_yoy": 0.49347702779353375,
      "rev_growth_yoy": -0.022494417862838914,
      "rev_growth_yoy_accel": -0.09881279783752601,
      "fcf_margin_change": -0.05536180103236006
    },
    {
      "date": "2022-06-30T00:00:00",
      "quarter_label": "2022-06 (Q2)",
      "revenue": 95813000,
      "gross_profit": 22997000,
      "operating_income": 13114000,
      "net_income": 9955000,
      "opex": 9883000,
      "cogs": 72816000,
      "rd": null,
      "sga": 9883000,
      "fcf": 12042000,
      "ocf": 12638000,
      "capex": -596000,
      "gross_margin": 0.24001962155448633,
      "op_margin": 0.13687077953931095,
      "fcf_margin": 0.12568231868326846,
      "incr_op_margin_yoy": 0.20140785879386425,
      "rev_growth_yoy": 0.42453798004727994,
      "rev_growth_yoy_accel": 0.44703239791011884,
      "op_leverage_ratio": 3.6015383692211174,
      "fcf_margin_change": 0.06933344383337549
    },
    {
      "date": "2022-09-30T00:00:00",
      "quarter_label": "2022-09 (Q3)",
      "revenue": 100061000,
      "gross_profit": 25005000,
      "operating_income": 14679000,
      "net_income": 11472000,
      "opex": 10326000,
      "cogs": 75056000,
      "rd": null,
      "sga": 10326000,
      "fcf": 9396000,
      "ocf": 9971000,
      "capex": -575000,
      "gross_margin": 0.249897562486883,
      "op_margin": 0.14670051268726078,
      "fcf_margin": 0.09390271934120187,
      "incr_op_margin_yoy": 0.2616235857626559,
      "rev_growth_yoy": 0.31931753754466463,
      "rev_growth_yoy_accel": -0.10522044250261531,
      "op_leverage_ratio": 0.9891112435224945,
      "fcf_margin_change": -0.03177959934206659
    },
    {
      "date": "2022-12-31T00:00:00",
      "quarter_label": "2022-12 (Q4)",
      "revenue": 108509000,
      "gross_profit": 27320000,
      "operating_income": 14848000,
      "net_income": 11857000,
      "opex": 12472000,
      "cogs": 81189000,
      "rd": null,
      "sga": 12472000,
      "fcf": 21093000,
      "ocf": 22220000,
      "capex": -1127000,
      "gross_margin": 0.251776350348819,
      "op_margin": 0.13683657576790864,
      "fcf_margin": 0.19438940548710246,
      "incr_op_margin_yoy": 0.13095833854622796,
      "rev_growth_yoy": 0.4177325999189934,
      "rev_growth_yoy_accel": 0.09841506237432879,
      "op_leverage_ratio": 0.4062482184096965,
      "fcf_margin_change": 0.10048668614590059
    },
    {
      "date": "2023-03-31T00:00:00",
      "quarter_label": "2023-03 (Q1)",
      "revenue": 118914000,
      "gross_profit": 29022000,
      "operating_income": 14489000,
      "net_income": 11549000,
      "opex": 14533000,
      "cogs": 89892000,
      "rd": null,
      "sga": 14533000,
      "fcf": 25157000,
      "ocf": 26946000,
      "capex": -1789000,
      "gross_margin": 0.24405873152025834,
      "op_margin": 0.12184435810753991,
      "fcf_margin": 0.2115562507358259,
      "incr_op_margin_yoy": 0.12609332892061842,
      "rev_growth_yoy": 0.5521589307158148,
      "rev_growth_yoy_accel": 0.13442633079682137,
      "op_leverage_ratio": 0.5802757663825192,
      "fcf_margin_change": 0.017166845248723445
    },
    {
      "date": "2023-06-30T00:00:00",
      "quarter_label": "2023-06 (Q2)",
      "revenue": 116158000,
      "gross_profit": 28656000,
      "operating_income": 16483000,
      "net_income": 14321000,
      "opex": 12173000,
      "cogs": 87502000,
      "rd": null,
      "sga": 12173000,
      "fcf": 8434000,
      "ocf": 13839000,
      "capex": -5405000,
      "gross_margin": 0.24669846243909158,
      "op_margin": 0.14190154789166481,
      "fcf_margin": 0.07260799944902632,
      "incr_op_margin_yoy": 0.1655935119193905,
      "rev_growth_yoy": 0.2123407053322618,
      "rev_growth_yoy_accel": -0.339818225383553,
      "fcf_margin_change": -0.13894825128679958
    },
    {
      "date": "2023-09-30T00:00:00",
      "quarter_label": "2023-09 (Q3)",
      "revenue": 77786000,
      "gross_profit": 19238000,
      "operating_income": 12411000,
      "net_income": 10403000,
      "opex": 6827000,
      "cogs": 58548000,
      "rd": null,
      "sga": 8789000,
      "fcf": -1818000,
      "ocf": -607000,
      "capex": -1211000,
      "gross_margin": 0.24731956907412644,
      "op_margin": 0.15955313295451623,
      "fcf_margin": -0.023371814979559303,
      "incr_op_margin_yoy": 0.10181818181818182,
      "rev_growth_yoy": -0.2226142053347458,
      "rev_growth_yoy_accel": -0.4349549106670076,
      "fcf_margin_change": -0.09597981442858562
    },
    {
      "date": "2023-12-31T00:00:00",
      "quarter_label": "2023-12 (Q4)",
      "revenue": 70871000,
      "gross_profit": 13463000,
      "operating_income": 5819000,
      "net_income": 5422000,
      "opex": 7644000,
      "cogs": 57408000,
      "rd": null,
      "sga": 7718000,
      "fcf": 14899000,
      "ocf": 16668000,
      "capex": -1769000,
      "gross_margin": 0.1899648657419819,
      "op_margin": 0.08210692666958276,
      "fcf_margin": 0.21022703221345826,
      "incr_op_margin_yoy": 0.23989053616026357,
      "rev_growth_yoy": -0.34686523698495053,
      "rev_growth_yoy_accel": -0.12425103165020474,
      "fcf_margin_change": 0.23359884719301757
    },
    {
      "date": "2024-03-31T00:00:00",
      "quarter_label": "2024-03 (Q1)",
      "revenue": 69340000,
      "gross_profit": 13984000,
      "operating_income": 5242000,
      "net_income": 4597000,
      "opex": 8742000,
      "cogs": 55356000,
      "rd": null,
      "sga": 8742000,
      "fcf": 15032000,
      "ocf": 15915000,
      "capex": -883000,
      "gross_margin": 0.2016729160657629,
      "op_margin": 0.0755985001442169,
      "fcf_margin": 0.21678684741851745,
      "incr_op_margin_yoy": 0.18652922903134708,
      "rev_growth_yoy": -0.4168895167936492,
      "rev_growth_yoy_accel": -0.07002427980869869,
      "fcf_margin_change": 0.0065598152050591885
    },
    {
      "date": "2024-06-30T00:00:00",
      "quarter_label": "2024-06 (Q2)",
      "revenue": 69547000,
      "gross_profit": 13174000,
      "operating_income": 5750000,
      "net_income": 5585000,
      "opex": 7424000,
      "cogs": 56373000,
      "rd": null,
      "sga": 7424000,
      "fcf": 3044000,
      "ocf": 3822000,
      "capex": -778000,
      "gross_margin": 0.18942585589601277,
      "op_margin": 0.0826779012753965,
      "fcf_margin": 0.04376896199692294,
      "incr_op_margin_yoy": 0.23026753341485914,
      "rev_growth_yoy": -0.4012724048279068,
      "rev_growth_yoy_accel": 0.015617111965742392,
      "fcf_margin_change": -0.17301788542159452
    },
    {
      "date": "2024-09-30T00:00:00",
      "quarter_label": "2024-09 (Q3)",
      "revenue": 49850000,
      "gross_profit": 9182000,
      "operating_income": 3590000,
      "net_income": 3404000,
      "opex": 5592000,
      "cogs": 40668000,
      "rd": null,
      "sga": 5642000,
      "fcf": 3232000,
      "ocf": 5145000,
      "capex": -1913000,
      "gross_margin": 0.1841925777331996,
      "op_margin": 0.0720160481444333,
      "fcf_margin": 0.06483450351053159,
      "incr_op_margin_yoy": 0.3157574455899198,
      "rev_growth_yoy": -0.35913917671560436,
      "rev_growth_yoy_accel": 0.04213322811230247,
      "fcf_margin_change": 0.02106554151360865
    },
    {
      "date": "2024-12-31T00:00:00",
      "quarter_label": "2024-12 (Q4)",
      "revenue": 47818000,
      "gross_profit": 9158000,
      "operating_income": 3684000,
      "net_income": 4267000,
      "opex": 5474000,
      "cogs": 38660000,
      "rd": null,
      "sga": 5567000,
      "fcf": 3622000,
      "ocf": 4644000,
      "capex": -1022000,
      "gross_margin": 0.1915178384708687,
      "op_margin": 0.07704211803086704,
      "fcf_margin": 0.07574553515412606,
      "incr_op_margin_yoy": 0.09261267513989502,
      "rev_growth_yoy": -0.3252811446148636,
      "rev_growth_yoy_accel": 0.03385803210074073,
      "fcf_margin_change": 0.010911031643594471
    },
    {
      "date": "2025-03-31T00:00:00",
      "quarter_label": "2025-03 (Q1)",
      "revenue": 59002000,
      "gross_profit": 10953000,
      "operating_income": 2613000,
      "net_income": 2206000,
      "opex": 8340000,
      "cogs": 48049000,
      "rd": null,
      "sga": 8340000,
      "fcf": 10673000,
      "ocf": 10769000,
      "capex": -96000,
      "gross_margin": 0.1856377749906783,
      "op_margin": 0.04428663435137792,
      "fcf_margin": 0.180892173146673,
      "incr_op_margin_yoy": 0.2543045076417102,
      "rev_growth_yoy": -0.14909143351600807,
      "rev_growth_yoy_accel": 0.17618971109885556,
      "op_leverage_ratio": 0.4467189314029933,
      "fcf_margin_change": 0.10514663799254693
    },
    {
      "date": "2025-06-30T00:00:00",
      "quarter_label": "2025-06 (Q2)",
      "revenue": 67698000,
      "gross_profit": 12909000,
      "operating_income": 4811000,
      "net_income": 4162000,
      "opex": 8098000,
      "cogs": 54789000,
      "rd": null,
      "sga": 8098000,
      "fcf": -2031000,
      "ocf": -1604000,
      "capex": -427000,
      "gross_margin": 0.19068510148010281,
      "op_margin": 0.07106561493692576,
      "fcf_margin": -0.030000886289107506,
      "incr_op_margin_yoy": 0.5078420767982693,
      "rev_growth_yoy": -0.02658633729707967,
      "rev_growth_yoy_accel": 0.1225050962189284,
      "op_leverage_ratio": Infinity,
      "fcf_margin_change": -0.21089305943578052
    },
    {
      "date": "2025-09-30T00:00:00",
      "quarter_label": "2025-09 (Q3)",
      "revenue": 53148000,
      "gross_profit": 10228000,
      "operating_income": 2865000,
      "net_income": 2650000,
      "opex": 7363000,
      "cogs": 42920000,
      "rd": null,
      "sga": 7363000,
      "fcf": 2132000,
      "ocf": 2577000,
      "capex": -445000,
      "gross_margin": 0.19244374200346204,
      "op_margin": 0.053906073605780085,
      "fcf_margin": 0.04011439753142169,
      "incr_op_margin_yoy": -0.21983020012128562,
      "rev_growth_yoy": 0.06615847542627884,
      "rev_growth_yoy_accel": 0.09274481272335851,
      "fcf_margin_change": 0.0701152838205292
    }
  ],
  "signals": [
    {
      "quarter": "2025-09 (Q3)",
      "signal": "FCF TURNED POSITIVE",
      "detail": "FCF margin: -3.0% -> +4.0%",
      "severity": "HIGH"
    },
    {
      "quarter": "2025-09 (Q3)",
      "signal": "YoY REVENUE GROWTH ACCELERATION",
      "detail": "YoY growth: +6.6% vs prior quarter YoY: -2.7% (accel: +9.3%)",
      "severity": "MEDIUM"
    },
    {
      "quarter": "2025-06 (Q2)",
      "signal": "YoY REVENUE GROWTH ACCELERATION",
      "detail": "YoY growth: -2.7% vs prior quarter YoY: -14.9% (accel: +12.3%)",
      "severity": "MEDIUM"
    },
    {
      "quarter": "2025-06 (Q2)",
      "signal": "INCREMENTAL MARGIN (YoY)",
      "detail": "YoY Incr OPM: +50.8% vs year-ago OPM: +8.3%",
      "severity": "HIGH"
    },
    {
      "quarter": "2025-03 (Q1)",
      "signal": "FCF MARGIN EXPANSION",
      "detail": "FCF margin: +7.6% -> +18.1% (+10.5%)",
      "severity": "MEDIUM"
    },
    {
      "quarter": "2025-03 (Q1)",
      "signal": "YoY REVENUE GROWTH ACCELERATION",
      "detail": "YoY growth: -14.9% vs prior quarter YoY: -32.5% (accel: +17.6%)",
      "severity": "HIGH"
    },
    {
      "quarter": "2025-03 (Q1)",
      "signal": "INCREMENTAL MARGIN (YoY)",
      "detail": "YoY Incr OPM: +25.4% vs year-ago OPM: +7.6%",
      "severity": "MEDIUM"
    },
    {
      "quarter": "2024-09 (Q3)",
      "signal": "INCREMENTAL MARGIN (YoY)",
      "detail": "YoY Incr OPM: +31.6% vs year-ago OPM: +16.0%",
      "severity": "MEDIUM"
    },
    {
      "quarter": "2024-03 (Q1)",
      "signal": "YoY REVENUE GROWTH DECELERATION",
      "detail": "YoY growth: -41.7% vs prior quarter YoY: -34.7% (decel: -7.0%)",
      "severity": "WARNING"
    },
    {
      "quarter": "2023-12 (Q4)",
      "signal": "FCF TURNED POSITIVE",
      "detail": "FCF margin: -2.3% -> +21.0%",
      "severity": "HIGH"
    },
    {
      "quarter": "2023-12 (Q4)",
      "signal": "YoY REVENUE GROWTH DECELERATION",
      "detail": "YoY growth: -34.7% vs prior quarter YoY: -22.3% (decel: -12.4%)",
      "severity": "WARNING"
    },
    {
      "quarter": "2023-12 (Q4)",
      "signal": "INCREMENTAL MARGIN (YoY)",
      "detail": "YoY Incr OPM: +24.0% vs year-ago OPM: +13.7%",
      "severity": "MEDIUM"
    },
    {
      "quarter": "2023-09 (Q3)",
      "signal": "YoY REVENUE GROWTH DECELERATION",
      "detail": "YoY growth: -22.3% vs prior quarter YoY: +21.2% (decel: -43.5%)",
      "severity": "WARNING"
    },
    {
      "quarter": "2023-06 (Q2)",
      "signal": "YoY REVENUE GROWTH DECELERATION",
      "detail": "YoY growth: +21.2% vs prior quarter YoY: +55.2% (decel: -34.0%)",
      "severity": "WARNING"
    },
    {
      "quarter": "2023-03 (Q1)",
      "signal": "YoY REVENUE GROWTH ACCELERATION",
      "detail": "YoY growth: +55.2% vs prior quarter YoY: +41.8% (accel: +13.4%)",
      "severity": "MEDIUM"
    },
    {
      "quarter": "2022-12 (Q4)",
      "signal": "FCF MARGIN EXPANSION",
      "detail": "FCF margin: +9.4% -> +19.4% (+10.0%)",
      "severity": "MEDIUM"
    },
    {
      "quarter": "2022-12 (Q4)",
      "signal": "YoY REVENUE GROWTH ACCELERATION",
      "detail": "YoY growth: +41.8% vs prior quarter YoY: +31.9% (accel: +9.8%)",
      "severity": "MEDIUM"
    },
    {
      "quarter": "2022-09 (Q3)",
      "signal": "YoY REVENUE GROWTH DECELERATION",
      "detail": "YoY growth: +31.9% vs prior quarter YoY: +42.5% (decel: -10.5%)",
      "severity": "WARNING"
    },
    {
      "quarter": "2022-09 (Q3)",
      "signal": "INCREMENTAL MARGIN (YoY)",
      "detail": "YoY Incr OPM: +26.2% vs year-ago OPM: +11.0%",
      "severity": "MEDIUM"
    },
    {
      "quarter": "2022-06 (Q2)",
      "signal": "FCF MARGIN EXPANSION",
      "detail": "FCF margin: +5.6% -> +12.6% (+6.9%)",
      "severity": "MEDIUM"
    },
    {
      "quarter": "2022-06 (Q2)",
      "signal": "OPERATING LEVERAGE",
      "detail": "Rev growth +25.1% vs OpEx growth +7.0% (leverage: 3.6x)",
      "severity": "MEDIUM"
    },
    {
      "quarter": "2022-06 (Q2)",
      "signal": "YoY REVENUE GROWTH ACCELERATION",
      "detail": "YoY growth: +42.5% vs prior quarter YoY: -2.2% (accel: +44.7%)",
      "severity": "HIGH"
    },
    {
      "quarter": "2022-03 (Q1)",
      "signal": "YoY REVENUE GROWTH DECELERATION",
      "detail": "YoY growth: -2.2% vs prior quarter YoY: +7.6% (decel: -9.9%)",
      "severity": "WARNING"
    },
    {
      "quarter": "2022-03 (Q1)",
      "signal": "INCREMENTAL MARGIN (YoY)",
      "detail": "YoY Incr OPM: +49.3% vs year-ago OPM: +12.8%",
      "severity": "HIGH"
    },
    {
      "quarter": "2021-12 (Q4)",
      "signal": "FCF TURNED POSITIVE",
      "detail": "FCF margin: -19.6% -> +11.2%",
      "severity": "HIGH"
    },
    {
      "quarter": "2021-12 (Q4)",
      "signal": "GROSS MARGIN INFLECTION",
      "detail": "GM: +21.7% -> +21.2% -> +25.0% (reversal +3.9%)",
      "severity": "MEDIUM"
    },
    {
      "quarter": "2021-12 (Q4)",
      "signal": "INCREMENTAL MARGIN (YoY)",
      "detail": "YoY Incr OPM: +29.1% vs year-ago OPM: +12.8%",
      "severity": "MEDIUM"
    },
    {
      "quarter": "2021-09 (Q3)",
      "signal": "OPERATING LEVERAGE",
      "detail": "Rev growth +12.8% vs OpEx growth +6.3% (leverage: 2.0x)",
      "severity": "MEDIUM"
    },
    {
      "quarter": "2021-03 (Q1)",
      "signal": "OPERATING LEVERAGE",
      "detail": "Rev growth +10.2% vs OpEx growth +1.1% (leverage: 9.6x)",
      "severity": "MEDIUM"
    }
  ],
  "data_quality": {
    "n_quarters": 20,
    "coverage": {
      "revenue": [
        20,
        20
      ],
      "gross_profit": [
        20,
        20
      ],
      "op_income": [
        20,
        20
      ],
      "fcf": [
        20,
        20
      ]
    },
    "gaps": [],
    "warnings": []
  },
  "market_cap": null,
  "source": "SEC EDGAR",
  "last_updated": "2026-02-02T22:41:29.108519",
  "sector": "Consumer Cyclical",
  "industry": "Recreational Vehicles"
}