{
  "ticker": "MQ",
  "name": "Marqeta, Inc.",
  "quarters": [
    {
      "date": "2020-12-31T00:00:00",
      "quarter_label": "2020-12 (Q4)",
      "revenue": 88196000,
      "gross_profit": 36446000,
      "operating_income": -13105000,
      "net_income": -13760000,
      "opex": 49551000,
      "cogs": 51750000,
      "rd": null,
      "sga": null,
      "fcf": 21475000,
      "ocf": 21699000,
      "capex": -224000,
      "gross_margin": 0.41323869563245497,
      "op_margin": -0.14858950519297928,
      "fcf_margin": 0.2434917683341648
    },
    {
      "date": "2021-03-31T00:00:00",
      "quarter_label": "2021-03 (Q1)",
      "revenue": 107983000,
      "gross_profit": 49857000,
      "operating_income": -10652000,
      "net_income": -12838000,
      "opex": 60509000,
      "cogs": 58126000,
      "rd": null,
      "sga": null,
      "fcf": 17266000,
      "ocf": 17870000,
      "capex": -604000,
      "gross_margin": 0.46171156570941724,
      "op_margin": -0.0986451571080633,
      "fcf_margin": 0.1598955391126381,
      "op_leverage_ratio": 1.014500329415301,
      "fcf_margin_change": -0.08359622922152671
    },
    {
      "date": "2021-06-30T00:00:00",
      "quarter_label": "2021-06 (Q2)",
      "revenue": 122266000,
      "gross_profit": 46975000,
      "operating_income": -67986000,
      "net_income": -68554000,
      "opex": 114961000,
      "cogs": 75291000,
      "rd": null,
      "sga": null,
      "fcf": -12549000,
      "ocf": -12057000,
      "capex": -492000,
      "gross_margin": 0.38420329445634926,
      "op_margin": -0.5560499239363356,
      "fcf_margin": -0.10263687370160143,
      "op_leverage_ratio": 0.1469840423125335,
      "fcf_margin_change": -0.26253241281423956
    },
    {
      "date": "2021-09-30T00:00:00",
      "quarter_label": "2021-09 (Q3)",
      "revenue": 131512000,
      "gross_profit": 59074000,
      "operating_income": -45638000,
      "net_income": -45730000,
      "opex": 104712000,
      "cogs": 72438000,
      "rd": null,
      "sga": null,
      "fcf": -5615000,
      "ocf": -4460000,
      "capex": -1155000,
      "gross_margin": 0.4491909483545228,
      "op_margin": -0.34702536650647847,
      "fcf_margin": -0.04269572358415962,
      "op_leverage_ratio": Infinity,
      "fcf_margin_change": 0.05994115011744181
    },
    {
      "date": "2021-12-31T00:00:00",
      "quarter_label": "2021-12 (Q4)",
      "revenue": 155414000,
      "gross_profit": 75799000,
      "operating_income": -37730000,
      "net_income": -36807000,
      "opex": 113529000,
      "cogs": 79615000,
      "rd": null,
      "sga": null,
      "fcf": 55127000,
      "ocf": 55619000,
      "capex": -492000,
      "gross_margin": 0.4877231137477962,
      "op_margin": -0.24277092153860014,
      "fcf_margin": 0.3547106438287413,
      "incr_op_margin_yoy": -0.36634532416912136,
      "rev_growth_yoy": 0.7621434078643022,
      "op_leverage_ratio": 2.158462329341914,
      "fcf_margin_change": 0.3974063674129009
    },
    {
      "date": "2022-03-31T00:00:00",
      "quarter_label": "2022-03 (Q1)",
      "revenue": 166102000,
      "gross_profit": 74726000,
      "operating_income": -49272000,
      "net_income": -60598000,
      "opex": 123998000,
      "cogs": 91376000,
      "rd": null,
      "sga": null,
      "fcf": -47371000,
      "ocf": -46759000,
      "capex": -612000,
      "gross_margin": 0.44988019409760266,
      "op_margin": -0.29663700617692745,
      "fcf_margin": -0.2851922312795752,
      "incr_op_margin_yoy": -0.6644987009411725,
      "rev_growth_yoy": 0.5382236092718298,
      "rev_growth_yoy_accel": -0.22391979859247246,
      "op_leverage_ratio": 0.7457751694661385,
      "fcf_margin_change": -0.6399028751083164
    },
    {
      "date": "2022-06-30T00:00:00",
      "quarter_label": "2022-06 (Q2)",
      "revenue": 186678000,
      "gross_profit": 78049000,
      "operating_income": -46717000,
      "net_income": -44688000,
      "opex": 124766000,
      "cogs": 108629000,
      "rd": null,
      "sga": null,
      "fcf": 22560000,
      "ocf": 22816000,
      "capex": -256000,
      "gross_margin": 0.41809425856287297,
      "op_margin": -0.2502544488370349,
      "fcf_margin": 0.12084980554752033,
      "incr_op_margin_yoy": 0.33020244674905297,
      "rev_growth_yoy": 0.5268185758919078,
      "rev_growth_yoy_accel": -0.011405033379921936,
      "op_leverage_ratio": 20.000439990688456,
      "fcf_margin_change": 0.40604203682709555
    },
    {
      "date": "2022-09-30T00:00:00",
      "quarter_label": "2022-09 (Q3)",
      "revenue": 191621000,
      "gross_profit": 80102000,
      "operating_income": -59496000,
      "net_income": -53168000,
      "opex": 139598000,
      "cogs": 111519000,
      "rd": null,
      "sga": null,
      "fcf": -4783000,
      "ocf": -3951000,
      "capex": -832000,
      "gross_margin": 0.4180230768026469,
      "op_margin": -0.3104878901581768,
      "fcf_margin": -0.024960729773876558,
      "incr_op_margin_yoy": -0.230547838094129,
      "rev_growth_yoy": 0.45706095261268936,
      "rev_growth_yoy_accel": -0.06975762327921847,
      "op_leverage_ratio": 0.2227378411999558,
      "fcf_margin_change": -0.14581053532139687
    },
    {
      "date": "2022-12-31T00:00:00",
      "quarter_label": "2022-12 (Q4)",
      "revenue": 203805000,
      "gross_profit": 87124000,
      "operating_income": -54323000,
      "net_income": -26326000,
      "opex": 141447000,
      "cogs": 116681000,
      "rd": null,
      "sga": null,
      "fcf": 14309000,
      "ocf": 14928000,
      "capex": -619000,
      "gross_margin": 0.4274870587080788,
      "op_margin": -0.26654400039253207,
      "fcf_margin": 0.07020926866367361,
      "incr_op_margin_yoy": -0.3428943398565849,
      "rev_growth_yoy": 0.31136834519412665,
      "rev_growth_yoy_accel": -0.14569260741856271,
      "op_leverage_ratio": 4.800528729827299,
      "fcf_margin_change": 0.09516999843755017
    },
    {
      "date": "2023-03-31T00:00:00",
      "quarter_label": "2023-03 (Q1)",
      "revenue": 217343000,
      "gross_profit": 89164000,
      "operating_income": -87433000,
      "net_income": -68801000,
      "opex": 176597000,
      "cogs": 128179000,
      "rd": null,
      "sga": null,
      "fcf": -11123000,
      "ocf": -10546000,
      "capex": -577000,
      "gross_margin": 0.4102455565626682,
      "op_margin": -0.4022811868797247,
      "fcf_margin": -0.0511771715675223,
      "incr_op_margin_yoy": -0.7447356608965476,
      "rev_growth_yoy": 0.30849116807744636,
      "rev_growth_yoy_accel": -0.002877177116680285,
      "op_leverage_ratio": 0.26730561815374315,
      "fcf_margin_change": -0.12138644023119591
    },
    {
      "date": "2023-06-30T00:00:00",
      "quarter_label": "2023-06 (Q2)",
      "revenue": 231115000,
      "gross_profit": 84609000,
      "operating_income": -69421000,
      "net_income": -58797000,
      "opex": 154030000,
      "cogs": 146506000,
      "rd": null,
      "sga": null,
      "fcf": -26065000,
      "ocf": -25974000,
      "capex": -91000,
      "gross_margin": 0.366090474439132,
      "op_margin": -0.30037427254829846,
      "fcf_margin": -0.11277935227051468,
      "incr_op_margin_yoy": -0.5109255800346558,
      "rev_growth_yoy": 0.23804090465935998,
      "rev_growth_yoy_accel": -0.07045026341808638,
      "op_leverage_ratio": Infinity,
      "fcf_margin_change": -0.06160218070299238
    },
    {
      "date": "2023-09-30T00:00:00",
      "quarter_label": "2023-09 (Q3)",
      "revenue": 108891000,
      "gross_profit": 72508000,
      "operating_income": -69826000,
      "net_income": -54990000,
      "opex": 142334000,
      "cogs": 36383000,
      "rd": null,
      "sga": null,
      "fcf": 41048000,
      "ocf": 41102000,
      "capex": -54000,
      "gross_margin": 0.6658768860603723,
      "op_margin": -0.6412467513384944,
      "fcf_margin": 0.37696412008338614,
      "incr_op_margin_yoy": 0.1248640154720174,
      "rev_growth_yoy": -0.4317376487963219,
      "rev_growth_yoy_accel": -0.6697785534556819,
      "fcf_margin_change": 0.4897434723539008
    },
    {
      "date": "2023-12-31T00:00:00",
      "quarter_label": "2023-12 (Q4)",
      "revenue": 118822000,
      "gross_profit": 83233000,
      "operating_income": -56336000,
      "net_income": -40375000,
      "opex": 139569000,
      "cogs": 35589000,
      "rd": null,
      "sga": null,
      "fcf": 16482000,
      "ocf": 16522000,
      "capex": -40000,
      "gross_margin": 0.7004847587147162,
      "op_margin": -0.4741209540320816,
      "fcf_margin": 0.13871168638804263,
      "incr_op_margin_yoy": 0.02368709035924832,
      "rev_growth_yoy": -0.4169819189911926,
      "rev_growth_yoy_accel": 0.014755729805129347,
      "op_leverage_ratio": Infinity,
      "fcf_margin_change": -0.23825243369534352
    },
    {
      "date": "2024-03-31T00:00:00",
      "quarter_label": "2024-03 (Q1)",
      "revenue": 117968000,
      "gross_profit": 84161000,
      "operating_income": -49852000,
      "net_income": -36060000,
      "opex": 134013000,
      "cogs": 33807000,
      "rd": null,
      "sga": null,
      "fcf": -765000,
      "ocf": 426000,
      "capex": -1191000,
      "gross_margin": 0.7134222840092228,
      "op_margin": -0.42258917672589175,
      "fcf_margin": -0.006484809439848095,
      "incr_op_margin_yoy": -0.3781735849056604,
      "rev_growth_yoy": -0.4572265957495756,
      "rev_growth_yoy_accel": -0.040244676758383,
      "fcf_margin_change": -0.1451964958278907
    },
    {
      "date": "2024-06-30T00:00:00",
      "quarter_label": "2024-06 (Q2)",
      "revenue": 125270000,
      "gross_profit": 79353000,
      "operating_income": 105042000,
      "net_income": 119108000,
      "opex": -25689000,
      "cogs": 45917000,
      "rd": null,
      "sga": null,
      "fcf": 24706000,
      "ocf": 25708000,
      "capex": -1002000,
      "gross_margin": 0.63345573561108,
      "op_margin": 0.8385247864612437,
      "fcf_margin": 0.19722200047896543,
      "incr_op_margin_yoy": -1.6482875903443714,
      "rev_growth_yoy": -0.4579754667589728,
      "rev_growth_yoy_accel": -0.000748871009397245,
      "op_leverage_ratio": Infinity,
      "fcf_margin_change": 0.20370680991881351
    },
    {
      "date": "2024-09-30T00:00:00",
      "quarter_label": "2024-09 (Q3)",
      "revenue": 127967000,
      "gross_profit": 90132000,
      "operating_income": -42231000,
      "net_income": -28643000,
      "opex": 132363000,
      "cogs": 37835000,
      "rd": null,
      "sga": null,
      "fcf": 7092000,
      "ocf": 7281000,
      "capex": -189000,
      "gross_margin": 0.704337837098627,
      "op_margin": -0.3300147694327444,
      "fcf_margin": 0.055420538107480835,
      "incr_op_margin_yoy": 1.446582092681904,
      "rev_growth_yoy": 0.1751843586705972,
      "rev_growth_yoy_accel": 0.6331598254295701,
      "op_leverage_ratio": Infinity,
      "fcf_margin_change": -0.1418014623714846
    },
    {
      "date": "2024-12-31T00:00:00",
      "quarter_label": "2024-12 (Q4)",
      "revenue": 135790000,
      "gross_profit": 98203000,
      "operating_income": -37425000,
      "net_income": -27118000,
      "opex": 135628000,
      "cogs": 37587000,
      "rd": null,
      "sga": null,
      "fcf": 24719000,
      "ocf": 24755000,
      "capex": -36000,
      "gross_margin": 0.7231975845054864,
      "op_margin": -0.27560939686280284,
      "fcf_margin": 0.18203844171146624,
      "incr_op_margin_yoy": 1.1145096652522395,
      "rev_growth_yoy": 0.14280183804345997,
      "rev_growth_yoy_accel": -0.03238252062713723,
      "op_leverage_ratio": 2.478327853260312,
      "fcf_margin_change": 0.1266179036039854
    },
    {
      "date": "2025-03-31T00:00:00",
      "quarter_label": "2025-03 (Q1)",
      "revenue": 139073000,
      "gross_profit": 98679000,
      "operating_income": -18538000,
      "net_income": -8260000,
      "opex": 117217000,
      "cogs": 40394000,
      "rd": null,
      "sga": null,
      "fcf": 8721000,
      "ocf": 9987000,
      "capex": -1266000,
      "gross_margin": 0.7095482228757559,
      "op_margin": -0.13329690162720298,
      "fcf_margin": 0.06270807417687115,
      "incr_op_margin_yoy": 1.483724235963042,
      "rev_growth_yoy": 0.17890444866404448,
      "rev_growth_yoy_accel": 0.03610261062058451,
      "op_leverage_ratio": Infinity,
      "fcf_margin_change": -0.1193303675345951
    },
    {
      "date": "2025-06-30T00:00:00",
      "quarter_label": "2025-06 (Q2)",
      "revenue": 150392000,
      "gross_profit": 104061000,
      "operating_income": -9228000,
      "net_income": -647000,
      "opex": 113289000,
      "cogs": 46331000,
      "rd": null,
      "sga": null,
      "fcf": 12212000,
      "ocf": 12547000,
      "capex": -335000,
      "gross_margin": 0.6919317516889196,
      "op_margin": -0.06135964678972286,
      "fcf_margin": 0.08120112771955955,
      "incr_op_margin_yoy": -4.5486028182469544,
      "rev_growth_yoy": 0.20054282749261595,
      "rev_growth_yoy_accel": 0.021638378828571475,
      "op_leverage_ratio": Infinity,
      "fcf_margin_change": 0.018493053542688404
    },
    {
      "date": "2025-09-30T00:00:00",
      "quarter_label": "2025-09 (Q3)",
      "revenue": 163306000,
      "gross_profit": 114557000,
      "operating_income": -10370000,
      "net_income": -3624000,
      "opex": 124927000,
      "cogs": 48749000,
      "rd": null,
      "sga": null,
      "fcf": 86376000,
      "ocf": 86767000,
      "capex": -391000,
      "gross_margin": 0.7014867794202295,
      "op_margin": -0.06350042251968697,
      "fcf_margin": 0.528921166399275,
      "incr_op_margin_yoy": 0.9015818217832989,
      "rev_growth_yoy": 0.2761571342611767,
      "rev_growth_yoy_accel": 0.07561430676856076,
      "op_leverage_ratio": 0.8358828939640135,
      "fcf_margin_change": 0.44772003867971544
    }
  ],
  "signals": [
    {
      "quarter": "2025-09 (Q3)",
      "signal": "FCF MARGIN EXPANSION",
      "detail": "FCF margin: +8.1% -> +52.9% (+44.8%)",
      "severity": "MEDIUM"
    },
    {
      "quarter": "2025-09 (Q3)",
      "signal": "YoY REVENUE GROWTH ACCELERATION",
      "detail": "YoY growth: +27.6% vs prior quarter YoY: +20.1% (accel: +7.6%)",
      "severity": "MEDIUM"
    },
    {
      "quarter": "2024-12 (Q4)",
      "signal": "FCF MARGIN EXPANSION",
      "detail": "FCF margin: +5.5% -> +18.2% (+12.7%)",
      "severity": "MEDIUM"
    },
    {
      "quarter": "2024-12 (Q4)",
      "signal": "OPERATING LEVERAGE",
      "detail": "Rev growth +6.1% vs OpEx growth +2.5% (leverage: 2.5x)",
      "severity": "MEDIUM"
    },
    {
      "quarter": "2024-09 (Q3)",
      "signal": "GROSS MARGIN INFLECTION",
      "detail": "GM: +71.3% -> +63.3% -> +70.4% (reversal +7.1%)",
      "severity": "HIGH"
    },
    {
      "quarter": "2024-09 (Q3)",
      "signal": "YoY REVENUE GROWTH ACCELERATION",
      "detail": "YoY growth: +17.5% vs prior quarter YoY: -45.8% (accel: +63.3%)",
      "severity": "HIGH"
    },
    {
      "quarter": "2024-06 (Q2)",
      "signal": "FCF TURNED POSITIVE",
      "detail": "FCF margin: -0.6% -> +19.7%",
      "severity": "HIGH"
    },
    {
      "quarter": "2024-06 (Q2)",
      "signal": "OP MARGIN TURNED POSITIVE (YoY)",
      "detail": "Op margin: -30.0% (year-ago) -> +83.9%",
      "severity": "HIGH"
    },
    {
      "quarter": "2024-06 (Q2)",
      "signal": "OP MARGIN TURNED POSITIVE (QoQ)",
      "detail": "Op margin: -42.3% -> +83.9%",
      "severity": "HIGH"
    },
    {
      "quarter": "2023-09 (Q3)",
      "signal": "FCF TURNED POSITIVE",
      "detail": "FCF margin: -11.3% -> +37.7%",
      "severity": "HIGH"
    },
    {
      "quarter": "2023-09 (Q3)",
      "signal": "GROSS MARGIN INFLECTION",
      "detail": "GM: +41.0% -> +36.6% -> +66.6% (reversal +30.0%)",
      "severity": "HIGH"
    },
    {
      "quarter": "2023-09 (Q3)",
      "signal": "YoY REVENUE GROWTH DECELERATION",
      "detail": "YoY growth: -43.2% vs prior quarter YoY: +23.8% (decel: -67.0%)",
      "severity": "WARNING"
    },
    {
      "quarter": "2023-06 (Q2)",
      "signal": "YoY REVENUE GROWTH DECELERATION",
      "detail": "YoY growth: +23.8% vs prior quarter YoY: +30.8% (decel: -7.0%)",
      "severity": "WARNING"
    },
    {
      "quarter": "2022-12 (Q4)",
      "signal": "FCF TURNED POSITIVE",
      "detail": "FCF margin: -2.5% -> +7.0%",
      "severity": "HIGH"
    },
    {
      "quarter": "2022-12 (Q4)",
      "signal": "OPERATING LEVERAGE",
      "detail": "Rev growth +6.4% vs OpEx growth +1.3% (leverage: 4.8x)",
      "severity": "MEDIUM"
    },
    {
      "quarter": "2022-12 (Q4)",
      "signal": "YoY REVENUE GROWTH DECELERATION",
      "detail": "YoY growth: +31.1% vs prior quarter YoY: +45.7% (decel: -14.6%)",
      "severity": "WARNING"
    },
    {
      "quarter": "2022-09 (Q3)",
      "signal": "YoY REVENUE GROWTH DECELERATION",
      "detail": "YoY growth: +45.7% vs prior quarter YoY: +52.7% (decel: -7.0%)",
      "severity": "WARNING"
    },
    {
      "quarter": "2022-06 (Q2)",
      "signal": "FCF TURNED POSITIVE",
      "detail": "FCF margin: -28.5% -> +12.1%",
      "severity": "HIGH"
    },
    {
      "quarter": "2022-06 (Q2)",
      "signal": "OPERATING LEVERAGE",
      "detail": "Rev growth +12.4% vs OpEx growth +0.6% (leverage: 20.0x)",
      "severity": "MEDIUM"
    },
    {
      "quarter": "2022-03 (Q1)",
      "signal": "YoY REVENUE GROWTH DECELERATION",
      "detail": "YoY growth: +53.8% vs prior quarter YoY: +76.2% (decel: -22.4%)",
      "severity": "WARNING"
    },
    {
      "quarter": "2021-12 (Q4)",
      "signal": "FCF TURNED POSITIVE",
      "detail": "FCF margin: -4.3% -> +35.5%",
      "severity": "HIGH"
    },
    {
      "quarter": "2021-12 (Q4)",
      "signal": "OPERATING LEVERAGE",
      "detail": "Rev growth +18.2% vs OpEx growth +8.4% (leverage: 2.2x)",
      "severity": "MEDIUM"
    },
    {
      "quarter": "2021-09 (Q3)",
      "signal": "FCF MARGIN EXPANSION",
      "detail": "FCF margin: -10.3% -> -4.3% (+6.0%)",
      "severity": "MEDIUM"
    },
    {
      "quarter": "2021-09 (Q3)",
      "signal": "GROSS MARGIN INFLECTION",
      "detail": "GM: +46.2% -> +38.4% -> +44.9% (reversal +6.5%)",
      "severity": "HIGH"
    }
  ],
  "data_quality": {
    "n_quarters": 20,
    "coverage": {
      "revenue": [
        20,
        20
      ],
      "gross_profit": [
        20,
        20
      ],
      "op_income": [
        20,
        20
      ],
      "fcf": [
        20,
        20
      ]
    },
    "gaps": [],
    "warnings": []
  },
  "market_cap": null,
  "source": "SEC EDGAR",
  "last_updated": "2026-02-02T21:38:13.207394",
  "sector": "Technology",
  "industry": "Software - Infrastructure"
}