{
  "ticker": "MRAI",
  "name": "MARPAI, INC.",
  "quarters": [
    {
      "date": "2021-06-30T00:00:00",
      "quarter_label": "2021-06 (Q2)",
      "revenue": 3531512,
      "gross_profit": 811029,
      "operating_income": -3971047,
      "net_income": -3871974,
      "opex": 7502559,
      "cogs": 2720483,
      "rd": 285363,
      "sga": null,
      "fcf": -4132450,
      "ocf": -4115616,
      "capex": -16834,
      "gross_margin": 0.22965489003010608,
      "op_margin": -1.1244608541610506,
      "fcf_margin": -1.1701645074404392
    },
    {
      "date": "2021-09-30T00:00:00",
      "quarter_label": "2021-09 (Q3)",
      "revenue": 4799251,
      "gross_profit": 1456055,
      "operating_income": -4735757,
      "net_income": -4792579,
      "opex": 9535008,
      "cogs": 3343196,
      "rd": 568817,
      "sga": null,
      "fcf": -691087,
      "ocf": -650659,
      "capex": -40428,
      "gross_margin": 0.30339213348082855,
      "op_margin": -0.9867700189050334,
      "fcf_margin": -0.1439989281660826,
      "op_leverage_ratio": 1.3251313458754812,
      "fcf_margin_change": 1.0261655792743567
    },
    {
      "date": "2021-12-31T00:00:00",
      "quarter_label": "2021-12 (Q4)",
      "revenue": 5896031,
      "gross_profit": 1670132,
      "operating_income": -5749322,
      "net_income": -5728668,
      "opex": 11645353,
      "cogs": 4225899,
      "rd": 615773,
      "sga": null,
      "fcf": -5475500,
      "ocf": -5268684,
      "capex": -206816,
      "gross_margin": 0.28326377524134455,
      "op_margin": -0.9751173289285623,
      "fcf_margin": -0.9286755785374942,
      "op_leverage_ratio": 1.0325561087569388,
      "fcf_margin_change": -0.7846766503714115
    },
    {
      "date": "2022-03-31T00:00:00",
      "quarter_label": "2022-03 (Q1)",
      "revenue": 6218809,
      "gross_profit": 1672014,
      "operating_income": -5538607,
      "net_income": -5489664,
      "opex": 11757416,
      "cogs": 4546795,
      "rd": 593107,
      "sga": null,
      "fcf": -3428763,
      "ocf": -3327712,
      "capex": -101051,
      "gross_margin": 0.268864022033801,
      "op_margin": -0.8906218216381947,
      "fcf_margin": -0.5513536434387999,
      "op_leverage_ratio": 5.688982279582944,
      "fcf_margin_change": 0.37732193509869427
    },
    {
      "date": "2022-06-30T00:00:00",
      "quarter_label": "2022-06 (Q2)",
      "revenue": 5556506,
      "gross_profit": 1404946,
      "operating_income": -6663932,
      "net_income": -6664782,
      "opex": 12220438,
      "cogs": 4151560,
      "rd": 1309157,
      "sga": null,
      "fcf": -6706131,
      "ocf": -6794892,
      "capex": 88761,
      "gross_margin": 0.2528470229313169,
      "op_margin": -1.1993025833140467,
      "fcf_margin": -1.2068971040434402,
      "incr_op_margin_yoy": -1.3298236933047702,
      "rev_growth_yoy": 0.5734070845575493,
      "fcf_margin_change": -0.6555434606046403
    },
    {
      "date": "2022-09-30T00:00:00",
      "quarter_label": "2022-09 (Q3)",
      "revenue": 4938105,
      "gross_profit": 1312690,
      "operating_income": -5814456,
      "net_income": -5779860,
      "opex": 10752561,
      "cogs": 3625415,
      "rd": 781750,
      "sga": null,
      "fcf": -5274499,
      "ocf": -5216613,
      "capex": -57886,
      "gross_margin": 0.26582869339554344,
      "op_margin": -1.1774670647950984,
      "fcf_margin": -1.0681220832687843,
      "rev_growth_yoy": 0.028932431331472348,
      "rev_growth_yoy_accel": -0.5444746532260769,
      "fcf_margin_change": 0.13877502077465587
    },
    {
      "date": "2022-12-31T00:00:00",
      "quarter_label": "2022-12 (Q4)",
      "revenue": 7628454,
      "gross_profit": 2815894,
      "operating_income": -8939860,
      "net_income": -8534084,
      "opex": 16568314,
      "cogs": 4812560,
      "rd": 1024054,
      "sga": null,
      "fcf": -20192674,
      "ocf": -19900082,
      "capex": -292592,
      "gross_margin": 0.3691303637670228,
      "op_margin": -1.171909799810027,
      "fcf_margin": -2.6470204840980887,
      "incr_op_margin_yoy": -1.8416622268349012,
      "rev_growth_yoy": 0.2938286789876105,
      "rev_growth_yoy_accel": 0.2648962476561382,
      "op_leverage_ratio": 1.0072893983469429,
      "fcf_margin_change": -1.5788984008293043
    },
    {
      "date": "2023-03-31T00:00:00",
      "quarter_label": "2023-03 (Q1)",
      "revenue": 9672045,
      "gross_profit": 3263244,
      "operating_income": -8522782,
      "net_income": -8872849,
      "opex": 18194827,
      "cogs": 6408801,
      "rd": 500209,
      "sga": null,
      "fcf": -6541000,
      "ocf": -6541000,
      "capex": null,
      "gross_margin": 0.3373892491194985,
      "op_margin": -0.8811768348885887,
      "fcf_margin": -0.6762789048231268,
      "incr_op_margin_yoy": -0.8641676966184761,
      "rev_growth_yoy": 0.5552889628866234,
      "rev_growth_yoy_accel": 0.26146028389901294,
      "op_leverage_ratio": 2.7288409743442403,
      "fcf_margin_change": 1.9707415792749619
    },
    {
      "date": "2023-06-30T00:00:00",
      "quarter_label": "2023-06 (Q2)",
      "revenue": 10046980,
      "gross_profit": 3617292,
      "operating_income": -7270688,
      "net_income": -7556620,
      "opex": 17317668,
      "cogs": 6429688,
      "rd": 523432,
      "sga": null,
      "fcf": -2198000,
      "ocf": -2198000,
      "capex": null,
      "gross_margin": 0.3600377426848665,
      "op_margin": -0.7236690030237942,
      "fcf_margin": -0.21877220816603596,
      "incr_op_margin_yoy": -0.13512070217976987,
      "rev_growth_yoy": 0.8081470622005987,
      "rev_growth_yoy_accel": 0.2528580993139753,
      "op_leverage_ratio": Infinity,
      "fcf_margin_change": 0.45750669665709087
    },
    {
      "date": "2023-09-30T00:00:00",
      "quarter_label": "2023-09 (Q3)",
      "revenue": 8729152,
      "gross_profit": 3037874,
      "operating_income": -7028283,
      "net_income": -7295380,
      "opex": 15757435,
      "cogs": 5691278,
      "rd": 267269,
      "sga": null,
      "fcf": -6585000,
      "ocf": -6585000,
      "capex": null,
      "gross_margin": 0.34801478998189056,
      "op_margin": -0.8051507179620655,
      "fcf_margin": -0.7543688092497416,
      "incr_op_margin_yoy": -0.3201825247748181,
      "rev_growth_yoy": 0.7677129182145782,
      "rev_growth_yoy_accel": -0.04043414398602052,
      "fcf_margin_change": -0.5355966010837057
    },
    {
      "date": "2023-12-31T00:00:00",
      "quarter_label": "2023-12 (Q4)",
      "revenue": 8706824,
      "gross_profit": 2997475,
      "operating_income": -5155229,
      "net_income": -5027051,
      "opex": 13862103,
      "cogs": 5709349,
      "rd": 20785,
      "sga": null,
      "fcf": -425000,
      "ocf": -425000,
      "capex": null,
      "gross_margin": 0.344267324112673,
      "op_margin": -0.5920906406285461,
      "fcf_margin": -0.048812287924965524,
      "incr_op_margin_yoy": 3.5095848363734152,
      "rev_growth_yoy": 0.1413615393105864,
      "rev_growth_yoy_accel": -0.6263513789039918,
      "fcf_margin_change": 0.7055565213247761
    },
    {
      "date": "2024-03-31T00:00:00",
      "quarter_label": "2024-03 (Q1)",
      "revenue": 7385000,
      "gross_profit": 2514000,
      "operating_income": -4065000,
      "net_income": -4346000,
      "opex": 11450000,
      "cogs": 4871000,
      "rd": 7000,
      "sga": null,
      "fcf": -3585000,
      "ocf": -3585000,
      "capex": null,
      "gross_margin": 0.34041976980365607,
      "op_margin": -0.5504400812457685,
      "fcf_margin": -0.4854434664861205,
      "incr_op_margin_yoy": -1.9491448572284322,
      "rev_growth_yoy": -0.2364593010061471,
      "rev_growth_yoy_accel": -0.37782084031673346,
      "fcf_margin_change": -0.436631178561155
    },
    {
      "date": "2024-06-30T00:00:00",
      "quarter_label": "2024-06 (Q2)",
      "revenue": 7189000,
      "gross_profit": 2015000,
      "operating_income": -12273000,
      "net_income": -13026000,
      "opex": 19462000,
      "cogs": 5174000,
      "rd": 8000,
      "sga": null,
      "fcf": -3120000,
      "ocf": -3120000,
      "capex": null,
      "gross_margin": 0.28028933092224234,
      "op_margin": -1.7071915426345805,
      "fcf_margin": -0.43399638336347196,
      "incr_op_margin_yoy": 1.7502963631655926,
      "rev_growth_yoy": -0.28446159940599064,
      "rev_growth_yoy_accel": -0.048002298399843546,
      "fcf_margin_change": 0.05144708312264856
    },
    {
      "date": "2024-09-30T00:00:00",
      "quarter_label": "2024-09 (Q3)",
      "revenue": 7008000,
      "gross_profit": 1975000,
      "operating_income": -3060000,
      "net_income": -3560000,
      "opex": 10068000,
      "cogs": 5033000,
      "rd": 7000,
      "sga": null,
      "fcf": -3773000,
      "ocf": -3773000,
      "capex": null,
      "gross_margin": 0.2818207762557078,
      "op_margin": -0.4366438356164384,
      "fcf_margin": -0.538384703196347,
      "incr_op_margin_yoy": -2.3055970652214333,
      "rev_growth_yoy": -0.19717287544082174,
      "rev_growth_yoy_accel": 0.0872887239651689,
      "fcf_margin_change": -0.10438831983287505
    },
    {
      "date": "2024-12-31T00:00:00",
      "quarter_label": "2024-12 (Q4)",
      "revenue": 6591000,
      "gross_profit": 2603000,
      "operating_income": -2688000,
      "net_income": -1156000,
      "opex": 9279000,
      "cogs": 3988000,
      "rd": 7000,
      "sga": null,
      "fcf": -4680000,
      "ocf": -4680000,
      "capex": null,
      "gross_margin": 0.39493248368988015,
      "op_margin": -0.4078288575329995,
      "fcf_margin": -0.7100591715976331,
      "incr_op_margin_yoy": -1.1660842300682854,
      "rev_growth_yoy": -0.24300755361541707,
      "rev_growth_yoy_accel": -0.04583467817459533,
      "fcf_margin_change": -0.17167446840128608
    },
    {
      "date": "2025-03-31T00:00:00",
      "quarter_label": "2025-03 (Q1)",
      "revenue": 5418000,
      "gross_profit": 1934000,
      "operating_income": -2250000,
      "net_income": -3069000,
      "opex": 7668000,
      "cogs": 3484000,
      "rd": 7000,
      "sga": null,
      "fcf": -115000,
      "ocf": -115000,
      "capex": null,
      "gross_margin": 0.3569582871908453,
      "op_margin": -0.4152823920265781,
      "fcf_margin": -0.021225544481358435,
      "incr_op_margin_yoy": -0.9227249618708694,
      "rev_growth_yoy": -0.2663507109004739,
      "rev_growth_yoy_accel": -0.023343157285056843,
      "fcf_margin_change": 0.6888336271162747
    },
    {
      "date": "2025-06-30T00:00:00",
      "quarter_label": "2025-06 (Q2)",
      "revenue": 4656000,
      "gross_profit": 746000,
      "operating_income": -3607000,
      "net_income": -4371000,
      "opex": 8263000,
      "cogs": 3910000,
      "rd": null,
      "sga": null,
      "fcf": -3209000,
      "ocf": -3209000,
      "capex": null,
      "gross_margin": 0.16022336769759452,
      "op_margin": -0.7746993127147767,
      "fcf_margin": -0.6892182130584192,
      "incr_op_margin_yoy": -3.421239636794315,
      "rev_growth_yoy": -0.3523438586729726,
      "rev_growth_yoy_accel": -0.08599314777249867,
      "fcf_margin_change": -0.6679926685770609
    },
    {
      "date": "2025-09-30T00:00:00",
      "quarter_label": "2025-09 (Q3)",
      "revenue": 4037000,
      "gross_profit": 1074000,
      "operating_income": -2771000,
      "net_income": -3494000,
      "opex": 6808000,
      "cogs": 2963000,
      "rd": null,
      "sga": null,
      "fcf": 634000,
      "ocf": 634000,
      "capex": null,
      "gross_margin": 0.2660391379737429,
      "op_margin": -0.6864007926678226,
      "fcf_margin": 0.15704731236066385,
      "incr_op_margin_yoy": -0.09727364523729384,
      "rev_growth_yoy": -0.4239440639269406,
      "rev_growth_yoy_accel": -0.07160020525396804,
      "fcf_margin_change": 0.8462655254190831
    }
  ],
  "signals": [
    {
      "quarter": "2025-09 (Q3)",
      "signal": "FCF TURNED POSITIVE",
      "detail": "FCF margin: -68.9% -> +15.7%",
      "severity": "HIGH"
    },
    {
      "quarter": "2025-09 (Q3)",
      "signal": "GROSS MARGIN INFLECTION",
      "detail": "GM: +35.7% -> +16.0% -> +26.6% (reversal +10.6%)",
      "severity": "HIGH"
    },
    {
      "quarter": "2025-09 (Q3)",
      "signal": "YoY REVENUE GROWTH DECELERATION",
      "detail": "YoY growth: -42.4% vs prior quarter YoY: -35.2% (decel: -7.2%)",
      "severity": "WARNING"
    },
    {
      "quarter": "2025-06 (Q2)",
      "signal": "YoY REVENUE GROWTH DECELERATION",
      "detail": "YoY growth: -35.2% vs prior quarter YoY: -26.6% (decel: -8.6%)",
      "severity": "WARNING"
    },
    {
      "quarter": "2025-03 (Q1)",
      "signal": "FCF MARGIN EXPANSION",
      "detail": "FCF margin: -71.0% -> -2.1% (+68.9%)",
      "severity": "MEDIUM"
    },
    {
      "quarter": "2024-09 (Q3)",
      "signal": "YoY REVENUE GROWTH ACCELERATION",
      "detail": "YoY growth: -19.7% vs prior quarter YoY: -28.4% (accel: +8.7%)",
      "severity": "MEDIUM"
    },
    {
      "quarter": "2024-06 (Q2)",
      "signal": "FCF MARGIN EXPANSION",
      "detail": "FCF margin: -48.5% -> -43.4% (+5.1%)",
      "severity": "MEDIUM"
    },
    {
      "quarter": "2024-03 (Q1)",
      "signal": "YoY REVENUE GROWTH DECELERATION",
      "detail": "YoY growth: -23.6% vs prior quarter YoY: +14.1% (decel: -37.8%)",
      "severity": "WARNING"
    },
    {
      "quarter": "2023-12 (Q4)",
      "signal": "FCF MARGIN EXPANSION",
      "detail": "FCF margin: -75.4% -> -4.9% (+70.6%)",
      "severity": "MEDIUM"
    },
    {
      "quarter": "2023-12 (Q4)",
      "signal": "YoY REVENUE GROWTH DECELERATION",
      "detail": "YoY growth: +14.1% vs prior quarter YoY: +76.8% (decel: -62.6%)",
      "severity": "WARNING"
    },
    {
      "quarter": "2023-06 (Q2)",
      "signal": "FCF MARGIN EXPANSION",
      "detail": "FCF margin: -67.6% -> -21.9% (+45.8%)",
      "severity": "MEDIUM"
    },
    {
      "quarter": "2023-06 (Q2)",
      "signal": "GROSS MARGIN INFLECTION",
      "detail": "GM: +36.9% -> +33.7% -> +36.0% (reversal +2.3%)",
      "severity": "MEDIUM"
    },
    {
      "quarter": "2023-06 (Q2)",
      "signal": "YoY REVENUE GROWTH ACCELERATION",
      "detail": "YoY growth: +80.8% vs prior quarter YoY: +55.5% (accel: +25.3%)",
      "severity": "HIGH"
    },
    {
      "quarter": "2023-03 (Q1)",
      "signal": "FCF MARGIN EXPANSION",
      "detail": "FCF margin: -264.7% -> -67.6% (+197.1%)",
      "severity": "MEDIUM"
    },
    {
      "quarter": "2023-03 (Q1)",
      "signal": "OPERATING LEVERAGE",
      "detail": "Rev growth +26.8% vs OpEx growth +9.8% (leverage: 2.7x)",
      "severity": "MEDIUM"
    },
    {
      "quarter": "2023-03 (Q1)",
      "signal": "YoY REVENUE GROWTH ACCELERATION",
      "detail": "YoY growth: +55.5% vs prior quarter YoY: +29.4% (accel: +26.1%)",
      "severity": "HIGH"
    },
    {
      "quarter": "2022-12 (Q4)",
      "signal": "YoY REVENUE GROWTH ACCELERATION",
      "detail": "YoY growth: +29.4% vs prior quarter YoY: +2.9% (accel: +26.5%)",
      "severity": "HIGH"
    },
    {
      "quarter": "2022-09 (Q3)",
      "signal": "FCF MARGIN EXPANSION",
      "detail": "FCF margin: -120.7% -> -106.8% (+13.9%)",
      "severity": "MEDIUM"
    },
    {
      "quarter": "2022-09 (Q3)",
      "signal": "YoY REVENUE GROWTH DECELERATION",
      "detail": "YoY growth: +2.9% vs prior quarter YoY: +57.3% (decel: -54.4%)",
      "severity": "WARNING"
    },
    {
      "quarter": "2022-03 (Q1)",
      "signal": "FCF MARGIN EXPANSION",
      "detail": "FCF margin: -92.9% -> -55.1% (+37.7%)",
      "severity": "MEDIUM"
    },
    {
      "quarter": "2022-03 (Q1)",
      "signal": "OPERATING LEVERAGE",
      "detail": "Rev growth +5.5% vs OpEx growth +1.0% (leverage: 5.7x)",
      "severity": "MEDIUM"
    },
    {
      "quarter": "2021-09 (Q3)",
      "signal": "FCF MARGIN EXPANSION",
      "detail": "FCF margin: -117.0% -> -14.4% (+102.6%)",
      "severity": "MEDIUM"
    }
  ],
  "data_quality": {
    "n_quarters": 18,
    "coverage": {
      "revenue": [
        18,
        18
      ],
      "gross_profit": [
        18,
        18
      ],
      "op_income": [
        18,
        18
      ],
      "fcf": [
        18,
        18
      ]
    },
    "gaps": [],
    "warnings": []
  },
  "market_cap": null,
  "source": "SEC EDGAR",
  "last_updated": "2026-02-03T00:04:26.640502",
  "sector": "Healthcare",
  "industry": "Healthcare Plans"
}