{
  "ticker": "MRAM",
  "name": "Everspin Technologies, Inc.",
  "quarters": [
    {
      "date": "2020-12-31T00:00:00",
      "quarter_label": "2020-12 (Q4)",
      "revenue": 9977000,
      "gross_profit": 5218000,
      "operating_income": -1183000,
      "net_income": -1591000,
      "opex": 6401000,
      "cogs": 4759000,
      "rd": 2513000,
      "sga": null,
      "fcf": 601000,
      "ocf": 614000,
      "capex": -13000,
      "gross_margin": 0.5230029066853764,
      "op_margin": -0.11857271724967425,
      "fcf_margin": 0.06023854866192242
    },
    {
      "date": "2021-03-31T00:00:00",
      "quarter_label": "2021-03 (Q1)",
      "revenue": 10280000,
      "gross_profit": 5985000,
      "operating_income": -284000,
      "net_income": -460000,
      "opex": 6269000,
      "cogs": 4295000,
      "rd": 2439000,
      "sga": null,
      "fcf": 1342000,
      "ocf": 1651000,
      "capex": -309000,
      "gross_margin": 0.5821984435797666,
      "op_margin": -0.02762645914396887,
      "fcf_margin": 0.13054474708171207,
      "op_leverage_ratio": Infinity,
      "fcf_margin_change": 0.07030619841978965
    },
    {
      "date": "2021-06-30T00:00:00",
      "quarter_label": "2021-06 (Q2)",
      "revenue": 11848000,
      "gross_profit": 7196000,
      "operating_income": 456000,
      "net_income": 256000,
      "opex": 6740000,
      "cogs": 4652000,
      "rd": 3357000,
      "sga": null,
      "fcf": -815000,
      "ocf": -570000,
      "capex": -245000,
      "gross_margin": 0.6073598919648886,
      "op_margin": 0.03848750844024308,
      "fcf_margin": -0.0687879810938555,
      "op_leverage_ratio": 2.0301601857129876,
      "fcf_margin_change": -0.19933272817556758
    },
    {
      "date": "2021-09-30T00:00:00",
      "quarter_label": "2021-09 (Q3)",
      "revenue": 14795000,
      "gross_profit": 8448000,
      "operating_income": 1075000,
      "net_income": 880000,
      "opex": 7373000,
      "cogs": 6347000,
      "rd": 3105000,
      "sga": null,
      "fcf": 1833000,
      "ocf": 1857000,
      "capex": -24000,
      "gross_margin": 0.571003717472119,
      "op_margin": 0.07265968232510983,
      "fcf_margin": 0.12389320716458263,
      "op_leverage_ratio": 2.6484469419385945,
      "fcf_margin_change": 0.19268118825843814
    },
    {
      "date": "2021-12-31T00:00:00",
      "quarter_label": "2021-12 (Q4)",
      "revenue": 18223000,
      "gross_profit": 11443000,
      "operating_income": 3788000,
      "net_income": 3667000,
      "opex": 7655000,
      "cogs": 6780000,
      "rd": 3727000,
      "sga": null,
      "fcf": 5969000,
      "ocf": 6421000,
      "capex": -452000,
      "gross_margin": 0.6279427097623882,
      "op_margin": 0.20786917631564505,
      "fcf_margin": 0.32755309224606266,
      "incr_op_margin_yoy": 0.6028377395100655,
      "rev_growth_yoy": 0.826500952190037,
      "op_leverage_ratio": 6.05788422866648,
      "fcf_margin_change": 0.20365988508148003
    },
    {
      "date": "2022-03-31T00:00:00",
      "quarter_label": "2022-03 (Q1)",
      "revenue": 14347000,
      "gross_profit": 8323000,
      "operating_income": 2024000,
      "net_income": 1935000,
      "opex": 6299000,
      "cogs": 6024000,
      "rd": 2436000,
      "sga": null,
      "fcf": -993000,
      "ocf": -971000,
      "capex": -22000,
      "gross_margin": 0.5801212797100439,
      "op_margin": 0.1410747891545271,
      "fcf_margin": -0.06921307590437026,
      "incr_op_margin_yoy": 0.5674944676665847,
      "rev_growth_yoy": 0.3956225680933852,
      "rev_growth_yoy_accel": -0.43087838409665186,
      "fcf_margin_change": -0.3967661681504329
    },
    {
      "date": "2022-06-30T00:00:00",
      "quarter_label": "2022-06 (Q2)",
      "revenue": 14707000,
      "gross_profit": 8591000,
      "operating_income": 1740000,
      "net_income": 1671000,
      "opex": 6851000,
      "cogs": 6116000,
      "rd": 2699000,
      "sga": null,
      "fcf": 3347000,
      "ocf": 4321000,
      "capex": -974000,
      "gross_margin": 0.5841436050860135,
      "op_margin": 0.11831100836336439,
      "fcf_margin": 0.2275787040184946,
      "incr_op_margin_yoy": 0.4491080797481637,
      "rev_growth_yoy": 0.2413065496286293,
      "rev_growth_yoy_accel": -0.1543160184647559,
      "op_leverage_ratio": 0.28633466775359795,
      "fcf_margin_change": 0.2967917799228649
    },
    {
      "date": "2022-09-30T00:00:00",
      "quarter_label": "2022-09 (Q3)",
      "revenue": 15241000,
      "gross_profit": 8964000,
      "operating_income": 1911000,
      "net_income": 1907000,
      "opex": 7053000,
      "cogs": 6277000,
      "rd": 2879000,
      "sga": null,
      "fcf": 584000,
      "ocf": 908000,
      "capex": -324000,
      "gross_margin": 0.5881503838330818,
      "op_margin": 0.12538547339413425,
      "fcf_margin": 0.03831769568925923,
      "rev_growth_yoy": 0.03014531936465022,
      "rev_growth_yoy_accel": -0.21116123026397907,
      "op_leverage_ratio": 1.2314584487618545,
      "fcf_margin_change": -0.18926100832923537
    },
    {
      "date": "2022-12-31T00:00:00",
      "quarter_label": "2022-12 (Q4)",
      "revenue": 15690000,
      "gross_profit": 8067000,
      "operating_income": 552000,
      "net_income": 616000,
      "opex": 7515000,
      "cogs": 7623000,
      "rd": 3094000,
      "sga": null,
      "fcf": 3767000,
      "ocf": 5235000,
      "capex": -1468000,
      "gross_margin": 0.5141491395793499,
      "op_margin": 0.03518164435946463,
      "fcf_margin": 0.24008922880815806,
      "incr_op_margin_yoy": 1.27753651796289,
      "rev_growth_yoy": -0.1390001646271196,
      "rev_growth_yoy_accel": -0.16914548399176982,
      "op_leverage_ratio": 0.44974338698503774,
      "fcf_margin_change": 0.20177153311889884
    },
    {
      "date": "2023-03-31T00:00:00",
      "quarter_label": "2023-03 (Q1)",
      "revenue": 14846000,
      "gross_profit": 8430000,
      "operating_income": 696000,
      "net_income": 761000,
      "opex": 7734000,
      "cogs": 6416000,
      "rd": 3199000,
      "sga": null,
      "fcf": 193000,
      "ocf": 1204000,
      "capex": -1011000,
      "gross_margin": 0.5678297184426782,
      "op_margin": 0.04688131483227805,
      "fcf_margin": 0.013000134716421932,
      "rev_growth_yoy": 0.034780790409144766,
      "rev_growth_yoy_accel": 0.17378095503626434,
      "fcf_margin_change": -0.2270890940917361
    },
    {
      "date": "2023-06-30T00:00:00",
      "quarter_label": "2023-06 (Q2)",
      "revenue": 15747000,
      "gross_profit": 9193000,
      "operating_income": 1623000,
      "net_income": 3885000,
      "opex": 7570000,
      "cogs": 6554000,
      "rd": 2708000,
      "sga": null,
      "fcf": 6275000,
      "ocf": 6327000,
      "capex": -52000,
      "gross_margin": 0.583793738489871,
      "op_margin": 0.10306725090493428,
      "fcf_margin": 0.3984886010033657,
      "incr_op_margin_yoy": -0.1125,
      "rev_growth_yoy": 0.07071462568844768,
      "rev_growth_yoy_accel": 0.03593383527930291,
      "op_leverage_ratio": Infinity,
      "fcf_margin_change": 0.3854884662869438
    },
    {
      "date": "2023-09-30T00:00:00",
      "quarter_label": "2023-09 (Q3)",
      "revenue": 16466000,
      "gross_profit": 9919000,
      "operating_income": 1979000,
      "net_income": 2438000,
      "opex": 7940000,
      "cogs": 6547000,
      "rd": 2659000,
      "sga": null,
      "fcf": 3538000,
      "ocf": 3555000,
      "capex": -17000,
      "gross_margin": 0.6023928094254828,
      "op_margin": 0.12018705210737277,
      "fcf_margin": 0.2148669986639135,
      "incr_op_margin_yoy": 0.05551020408163265,
      "rev_growth_yoy": 0.08037530345777837,
      "rev_growth_yoy_accel": 0.009660677769330689,
      "op_leverage_ratio": 0.9341684988474853,
      "fcf_margin_change": -0.18362160233945218
    },
    {
      "date": "2023-12-31T00:00:00",
      "quarter_label": "2023-12 (Q4)",
      "revenue": 16706000,
      "gross_profit": 9703000,
      "operating_income": 1587000,
      "net_income": 1968000,
      "opex": 8116000,
      "cogs": 7003000,
      "rd": 3210000,
      "sga": null,
      "fcf": 1718000,
      "ocf": 2042000,
      "capex": -324000,
      "gross_margin": 0.580809290075422,
      "op_margin": 0.09499580988866275,
      "fcf_margin": 0.10283730396264815,
      "incr_op_margin_yoy": 1.0187007874015748,
      "rev_growth_yoy": 0.06475462077756533,
      "rev_growth_yoy_accel": -0.015620682680213036,
      "op_leverage_ratio": 0.6575533054337864,
      "fcf_margin_change": -0.11202969470126536
    },
    {
      "date": "2024-03-31T00:00:00",
      "quarter_label": "2024-03 (Q1)",
      "revenue": 14430000,
      "gross_profit": 8160000,
      "operating_income": -600000,
      "net_income": -202000,
      "opex": 8760000,
      "cogs": 6270000,
      "rd": 3418000,
      "sga": null,
      "fcf": -2498000,
      "ocf": -1293000,
      "capex": -1205000,
      "gross_margin": 0.5654885654885655,
      "op_margin": -0.04158004158004158,
      "fcf_margin": -0.1731115731115731,
      "rev_growth_yoy": -0.028021015761821366,
      "rev_growth_yoy_accel": -0.0927756365393867,
      "fcf_margin_change": -0.2759488770742212
    },
    {
      "date": "2024-06-30T00:00:00",
      "quarter_label": "2024-06 (Q2)",
      "revenue": 10636000,
      "gross_profit": 5216000,
      "operating_income": -2819000,
      "net_income": -2502000,
      "opex": 8035000,
      "cogs": 5420000,
      "rd": 3457000,
      "sga": null,
      "fcf": 1687000,
      "ocf": 1721000,
      "capex": -34000,
      "gross_margin": 0.4904099285445656,
      "op_margin": -0.26504324934185786,
      "fcf_margin": 0.15861226024821362,
      "incr_op_margin_yoy": 0.8691058501271767,
      "rev_growth_yoy": -0.32456975931923543,
      "rev_growth_yoy_accel": -0.29654874355741406,
      "fcf_margin_change": 0.3317238333597867
    },
    {
      "date": "2024-09-30T00:00:00",
      "quarter_label": "2024-09 (Q3)",
      "revenue": 12093000,
      "gross_profit": 5952000,
      "operating_income": -2115000,
      "net_income": 2271000,
      "opex": 8067000,
      "cogs": 6141000,
      "rd": 3384000,
      "sga": null,
      "fcf": 2775000,
      "ocf": 2838000,
      "capex": -63000,
      "gross_margin": 0.4921855618953113,
      "op_margin": -0.17489456710493673,
      "fcf_margin": 0.22947159513768295,
      "incr_op_margin_yoy": 0.936199405442488,
      "rev_growth_yoy": -0.2655775537471153,
      "rev_growth_yoy_accel": 0.05899220557212015,
      "op_leverage_ratio": 34.39672750564122,
      "fcf_margin_change": 0.07085933488946933
    },
    {
      "date": "2024-12-31T00:00:00",
      "quarter_label": "2024-12 (Q4)",
      "revenue": 13243000,
      "gross_profit": 6798000,
      "operating_income": -1557000,
      "net_income": 1214000,
      "opex": 8355000,
      "cogs": 6445000,
      "rd": 3427000,
      "sga": null,
      "fcf": 2086000,
      "ocf": 3833000,
      "capex": -1747000,
      "gross_margin": 0.5133277958166579,
      "op_margin": -0.11757154723250018,
      "fcf_margin": 0.15751717888695915,
      "incr_op_margin_yoy": 0.9078833381461161,
      "rev_growth_yoy": -0.20729079372680473,
      "rev_growth_yoy_accel": 0.05828676002031055,
      "op_leverage_ratio": 2.6636880151051576,
      "fcf_margin_change": -0.0719544162507238
    },
    {
      "date": "2025-03-31T00:00:00",
      "quarter_label": "2025-03 (Q1)",
      "revenue": 13138000,
      "gross_profit": 6753000,
      "operating_income": -1932000,
      "net_income": -1166000,
      "opex": 8685000,
      "cogs": 6385000,
      "rd": 3356000,
      "sga": null,
      "fcf": 527000,
      "ocf": 1440000,
      "capex": -913000,
      "gross_margin": 0.5140051758258487,
      "op_margin": -0.14705434617141117,
      "fcf_margin": 0.04011265032729487,
      "incr_op_margin_yoy": 1.0309597523219813,
      "rev_growth_yoy": -0.08953568953568954,
      "rev_growth_yoy_accel": 0.11775510419111519,
      "fcf_margin_change": -0.11740452855966428
    },
    {
      "date": "2025-06-30T00:00:00",
      "quarter_label": "2025-06 (Q2)",
      "revenue": 13201000,
      "gross_profit": 6768000,
      "operating_income": -1961000,
      "net_income": -670000,
      "opex": 8729000,
      "cogs": 6433000,
      "rd": 3580000,
      "sga": null,
      "fcf": 3027000,
      "ocf": 5015000,
      "capex": -1988000,
      "gross_margin": 0.5126884326944928,
      "op_margin": -0.1485493523217938,
      "fcf_margin": 0.2293008105446557,
      "incr_op_margin_yoy": 0.3345029239766082,
      "rev_growth_yoy": 0.24116209101165853,
      "rev_growth_yoy_accel": 0.33069778054734805,
      "fcf_margin_change": 0.18918816021736085
    },
    {
      "date": "2025-09-30T00:00:00",
      "quarter_label": "2025-09 (Q3)",
      "revenue": 14060000,
      "gross_profit": 7206000,
      "operating_income": -1545000,
      "net_income": 54000,
      "opex": 8751000,
      "cogs": 6854000,
      "rd": 3583000,
      "sga": null,
      "fcf": 543000,
      "ocf": 881000,
      "capex": -338000,
      "gross_margin": 0.5125177809388336,
      "op_margin": -0.10988620199146515,
      "fcf_margin": 0.03862019914651493,
      "incr_op_margin_yoy": 0.28978139298423994,
      "rev_growth_yoy": 0.162656082030927,
      "rev_growth_yoy_accel": -0.07850600898073154,
      "op_leverage_ratio": 25.81832987859046,
      "fcf_margin_change": -0.19068061139814077
    }
  ],
  "signals": [
    {
      "quarter": "2025-09 (Q3)",
      "signal": "OPERATING LEVERAGE",
      "detail": "Rev growth +6.5% vs OpEx growth +0.3% (leverage: 25.8x)",
      "severity": "MEDIUM"
    },
    {
      "quarter": "2025-09 (Q3)",
      "signal": "YoY REVENUE GROWTH DECELERATION",
      "detail": "YoY growth: +16.3% vs prior quarter YoY: +24.1% (decel: -7.9%)",
      "severity": "WARNING"
    },
    {
      "quarter": "2025-06 (Q2)",
      "signal": "FCF MARGIN EXPANSION",
      "detail": "FCF margin: +4.0% -> +22.9% (+18.9%)",
      "severity": "MEDIUM"
    },
    {
      "quarter": "2025-06 (Q2)",
      "signal": "YoY REVENUE GROWTH ACCELERATION",
      "detail": "YoY growth: +24.1% vs prior quarter YoY: -9.0% (accel: +33.1%)",
      "severity": "HIGH"
    },
    {
      "quarter": "2025-03 (Q1)",
      "signal": "YoY REVENUE GROWTH ACCELERATION",
      "detail": "YoY growth: -9.0% vs prior quarter YoY: -20.7% (accel: +11.8%)",
      "severity": "MEDIUM"
    },
    {
      "quarter": "2024-12 (Q4)",
      "signal": "OPERATING LEVERAGE",
      "detail": "Rev growth +9.5% vs OpEx growth +3.6% (leverage: 2.7x)",
      "severity": "MEDIUM"
    },
    {
      "quarter": "2024-12 (Q4)",
      "signal": "YoY REVENUE GROWTH ACCELERATION",
      "detail": "YoY growth: -20.7% vs prior quarter YoY: -26.6% (accel: +5.8%)",
      "severity": "MEDIUM"
    },
    {
      "quarter": "2024-09 (Q3)",
      "signal": "FCF MARGIN EXPANSION",
      "detail": "FCF margin: +15.9% -> +22.9% (+7.1%)",
      "severity": "MEDIUM"
    },
    {
      "quarter": "2024-09 (Q3)",
      "signal": "OPERATING LEVERAGE",
      "detail": "Rev growth +13.7% vs OpEx growth +0.4% (leverage: 34.4x)",
      "severity": "MEDIUM"
    },
    {
      "quarter": "2024-09 (Q3)",
      "signal": "YoY REVENUE GROWTH ACCELERATION",
      "detail": "YoY growth: -26.6% vs prior quarter YoY: -32.5% (accel: +5.9%)",
      "severity": "MEDIUM"
    },
    {
      "quarter": "2024-06 (Q2)",
      "signal": "FCF TURNED POSITIVE",
      "detail": "FCF margin: -17.3% -> +15.9%",
      "severity": "HIGH"
    },
    {
      "quarter": "2024-06 (Q2)",
      "signal": "YoY REVENUE GROWTH DECELERATION",
      "detail": "YoY growth: -32.5% vs prior quarter YoY: -2.8% (decel: -29.7%)",
      "severity": "WARNING"
    },
    {
      "quarter": "2024-03 (Q1)",
      "signal": "YoY REVENUE GROWTH DECELERATION",
      "detail": "YoY growth: -2.8% vs prior quarter YoY: +6.5% (decel: -9.3%)",
      "severity": "WARNING"
    },
    {
      "quarter": "2023-12 (Q4)",
      "signal": "INCREMENTAL MARGIN (YoY)",
      "detail": "YoY Incr OPM: +101.9% vs year-ago OPM: +3.5%",
      "severity": "HIGH"
    },
    {
      "quarter": "2023-06 (Q2)",
      "signal": "FCF MARGIN EXPANSION",
      "detail": "FCF margin: +1.3% -> +39.8% (+38.5%)",
      "severity": "MEDIUM"
    },
    {
      "quarter": "2023-03 (Q1)",
      "signal": "GROSS MARGIN INFLECTION",
      "detail": "GM: +58.8% -> +51.4% -> +56.8% (reversal +5.4%)",
      "severity": "HIGH"
    },
    {
      "quarter": "2023-03 (Q1)",
      "signal": "YoY REVENUE GROWTH ACCELERATION",
      "detail": "YoY growth: +3.5% vs prior quarter YoY: -13.9% (accel: +17.4%)",
      "severity": "HIGH"
    },
    {
      "quarter": "2022-12 (Q4)",
      "signal": "FCF MARGIN EXPANSION",
      "detail": "FCF margin: +3.8% -> +24.0% (+20.2%)",
      "severity": "MEDIUM"
    },
    {
      "quarter": "2022-12 (Q4)",
      "signal": "YoY REVENUE GROWTH DECELERATION",
      "detail": "YoY growth: -13.9% vs prior quarter YoY: +3.0% (decel: -16.9%)",
      "severity": "WARNING"
    },
    {
      "quarter": "2022-12 (Q4)",
      "signal": "INCREMENTAL MARGIN (YoY)",
      "detail": "YoY Incr OPM: +127.8% vs year-ago OPM: +20.8%",
      "severity": "HIGH"
    },
    {
      "quarter": "2022-09 (Q3)",
      "signal": "YoY REVENUE GROWTH DECELERATION",
      "detail": "YoY growth: +3.0% vs prior quarter YoY: +24.1% (decel: -21.1%)",
      "severity": "WARNING"
    },
    {
      "quarter": "2022-06 (Q2)",
      "signal": "FCF TURNED POSITIVE",
      "detail": "FCF margin: -6.9% -> +22.8%",
      "severity": "HIGH"
    },
    {
      "quarter": "2022-06 (Q2)",
      "signal": "YoY REVENUE GROWTH DECELERATION",
      "detail": "YoY growth: +24.1% vs prior quarter YoY: +39.6% (decel: -15.4%)",
      "severity": "WARNING"
    },
    {
      "quarter": "2022-06 (Q2)",
      "signal": "INCREMENTAL MARGIN (YoY)",
      "detail": "YoY Incr OPM: +44.9% vs year-ago OPM: +3.8%",
      "severity": "HIGH"
    },
    {
      "quarter": "2022-03 (Q1)",
      "signal": "YoY REVENUE GROWTH DECELERATION",
      "detail": "YoY growth: +39.6% vs prior quarter YoY: +82.7% (decel: -43.1%)",
      "severity": "WARNING"
    },
    {
      "quarter": "2022-03 (Q1)",
      "signal": "OP MARGIN TURNED POSITIVE (YoY)",
      "detail": "Op margin: -2.8% (year-ago) -> +14.1%",
      "severity": "HIGH"
    },
    {
      "quarter": "2021-12 (Q4)",
      "signal": "FCF MARGIN EXPANSION",
      "detail": "FCF margin: +12.4% -> +32.8% (+20.4%)",
      "severity": "MEDIUM"
    },
    {
      "quarter": "2021-12 (Q4)",
      "signal": "OPERATING LEVERAGE",
      "detail": "Rev growth +23.2% vs OpEx growth +3.8% (leverage: 6.1x)",
      "severity": "MEDIUM"
    },
    {
      "quarter": "2021-12 (Q4)",
      "signal": "GROSS MARGIN INFLECTION",
      "detail": "GM: +60.7% -> +57.1% -> +62.8% (reversal +5.7%)",
      "severity": "HIGH"
    },
    {
      "quarter": "2021-12 (Q4)",
      "signal": "OP MARGIN TURNED POSITIVE (YoY)",
      "detail": "Op margin: -11.9% (year-ago) -> +20.8%",
      "severity": "HIGH"
    },
    {
      "quarter": "2021-09 (Q3)",
      "signal": "FCF TURNED POSITIVE",
      "detail": "FCF margin: -6.9% -> +12.4%",
      "severity": "HIGH"
    },
    {
      "quarter": "2021-09 (Q3)",
      "signal": "OPERATING LEVERAGE",
      "detail": "Rev growth +24.9% vs OpEx growth +9.4% (leverage: 2.6x)",
      "severity": "MEDIUM"
    },
    {
      "quarter": "2021-06 (Q2)",
      "signal": "OPERATING LEVERAGE",
      "detail": "Rev growth +15.3% vs OpEx growth +7.5% (leverage: 2.0x)",
      "severity": "MEDIUM"
    },
    {
      "quarter": "2021-06 (Q2)",
      "signal": "OP MARGIN TURNED POSITIVE (QoQ)",
      "detail": "Op margin: -2.8% -> +3.8%",
      "severity": "HIGH"
    },
    {
      "quarter": "2021-03 (Q1)",
      "signal": "FCF MARGIN EXPANSION",
      "detail": "FCF margin: +6.0% -> +13.1% (+7.0%)",
      "severity": "MEDIUM"
    }
  ],
  "data_quality": {
    "n_quarters": 20,
    "coverage": {
      "revenue": [
        20,
        20
      ],
      "gross_profit": [
        20,
        20
      ],
      "op_income": [
        20,
        20
      ],
      "fcf": [
        20,
        20
      ]
    },
    "gaps": [],
    "warnings": []
  },
  "market_cap": null,
  "source": "SEC EDGAR",
  "last_updated": "2026-02-02T22:43:36.045125",
  "sector": "Technology",
  "industry": "Semiconductors"
}