{
  "ticker": "MRCY",
  "name": "MERCURY SYSTEMS, INC.",
  "quarters": [
    {
      "date": "2021-04-02T00:00:00",
      "quarter_label": "2021-04 (Q2)",
      "revenue": 256857000,
      "gross_profit": 105623000,
      "operating_income": 21712000,
      "net_income": 15635000,
      "opex": 83911000,
      "cogs": 151234000,
      "rd": 30218000,
      "sga": 38250000,
      "fcf": 13230000,
      "ocf": 23185000,
      "capex": -9955000,
      "gross_margin": 0.41121324316643115,
      "op_margin": 0.08452952420996897,
      "fcf_margin": 0.05150725890281363
    },
    {
      "date": "2021-07-02T00:00:00",
      "quarter_label": "2021-07 (Q3)",
      "revenue": 250842000,
      "gross_profit": 102779000,
      "operating_income": 22406000,
      "net_income": 17925000,
      "opex": 80373000,
      "cogs": 148063000,
      "rd": 27718000,
      "sga": 31587000,
      "fcf": 16303000,
      "ocf": 27194000,
      "capex": -10891000,
      "gross_margin": 0.40973600912127955,
      "op_margin": 0.08932315959847234,
      "fcf_margin": 0.06499310322832699,
      "fcf_margin_change": 0.013485844325513363
    },
    {
      "date": "2021-10-01T00:00:00",
      "quarter_label": "2021-10 (Q4)",
      "revenue": 225013000,
      "gross_profit": 88409000,
      "operating_income": -5575000,
      "net_income": -7140000,
      "opex": 93984000,
      "cogs": 136604000,
      "rd": 28882000,
      "sga": 36956000,
      "fcf": -7383000,
      "ocf": -2006000,
      "capex": -5377000,
      "gross_margin": 0.39290618764249174,
      "op_margin": -0.02477634625554968,
      "fcf_margin": -0.03281143756138534,
      "fcf_margin_change": -0.09780454078971233
    },
    {
      "date": "2021-12-31T00:00:00",
      "quarter_label": "2021-12 (Q4)",
      "revenue": 220380000,
      "gross_profit": 87222000,
      "operating_income": -387000,
      "net_income": -2639000,
      "opex": 87609000,
      "cogs": 133158000,
      "rd": 28335000,
      "sga": 36810000,
      "fcf": -1203000,
      "ocf": 6824000,
      "capex": -8027000,
      "gross_margin": 0.39578001633542065,
      "op_margin": -0.001756057718486251,
      "fcf_margin": -0.005458753062891369,
      "fcf_margin_change": 0.02735268449849397
    },
    {
      "date": "2022-04-01T00:00:00",
      "quarter_label": "2022-04 (Q2)",
      "revenue": 253075000,
      "gross_profit": 99754000,
      "operating_income": 9955000,
      "net_income": 4139000,
      "opex": 89799000,
      "cogs": 153321000,
      "rd": 25387000,
      "sga": 39261000,
      "fcf": -10324000,
      "ocf": -4252000,
      "capex": -6072000,
      "gross_margin": 0.39416773683690604,
      "op_margin": 0.03933616516842833,
      "fcf_margin": -0.040794230959201816,
      "incr_op_margin_yoy": 3.1086726599682706,
      "rev_growth_yoy": -0.01472414612021475,
      "op_leverage_ratio": 5.934904995978305,
      "fcf_margin_change": -0.03533547789631045
    },
    {
      "date": "2022-07-01T00:00:00",
      "quarter_label": "2022-07 (Q3)",
      "revenue": 289729000,
      "gross_profit": 119571000,
      "operating_income": 27617000,
      "net_income": 16915000,
      "opex": 91954000,
      "cogs": 170158000,
      "rd": 24565000,
      "sga": 44017000,
      "fcf": -27615000,
      "ocf": -19435000,
      "capex": -8180000,
      "gross_margin": 0.4126994536273552,
      "op_margin": 0.09532010948161904,
      "fcf_margin": -0.09531320647915811,
      "incr_op_margin_yoy": 0.13400365160593514,
      "rev_growth_yoy": 0.15502587286020683,
      "rev_growth_yoy_accel": 0.16975001898042158,
      "op_leverage_ratio": 6.035265163775584,
      "fcf_margin_change": -0.0545189755199563
    },
    {
      "date": "2022-09-30T00:00:00",
      "quarter_label": "2022-09 (Q3)",
      "revenue": 227579000,
      "gross_profit": 78095000,
      "operating_income": -7194000,
      "net_income": -14335000,
      "opex": 85289000,
      "cogs": 149484000,
      "rd": 27766000,
      "sga": 38943000,
      "fcf": -73367000,
      "ocf": -66039000,
      "capex": -7328000,
      "gross_margin": 0.3431555635625431,
      "op_margin": -0.03161100101503214,
      "fcf_margin": -0.3223803602265587,
      "incr_op_margin_yoy": -0.6309431021044427,
      "rev_growth_yoy": 0.011403785559056587,
      "rev_growth_yoy_accel": -0.14362208730115025,
      "fcf_margin_change": -0.22706715374740058
    },
    {
      "date": "2022-12-30T00:00:00",
      "quarter_label": "2022-12 (Q4)",
      "revenue": 229588000,
      "gross_profit": 80960000,
      "operating_income": -7547000,
      "net_income": -10920000,
      "opex": 88507000,
      "cogs": 148628000,
      "rd": 26906000,
      "sga": 45057000,
      "fcf": 22216000,
      "ocf": 35392000,
      "capex": -13176000,
      "gross_margin": 0.3526316706448072,
      "op_margin": -0.03287192710420405,
      "fcf_margin": 0.09676463926686064,
      "incr_op_margin_yoy": -0.7775847089487402,
      "rev_growth_yoy": 0.04178237589617933,
      "rev_growth_yoy_accel": 0.030378590337122743,
      "fcf_margin_change": 0.4191449994934193
    },
    {
      "date": "2023-03-31T00:00:00",
      "quarter_label": "2023-03 (Q1)",
      "revenue": 263479000,
      "gross_profit": 90289000,
      "operating_income": 1954000,
      "net_income": 5156000,
      "opex": 88335000,
      "cogs": 173190000,
      "rd": 26516000,
      "sga": 44626000,
      "fcf": -12663000,
      "ocf": -3217000,
      "capex": -9446000,
      "gross_margin": 0.34268006178860555,
      "op_margin": 0.007416150812778248,
      "fcf_margin": -0.048060756265205194,
      "incr_op_margin_yoy": -0.7690311418685121,
      "rev_growth_yoy": 0.04111034278375975,
      "rev_growth_yoy_accel": -0.0006720331124195761,
      "op_leverage_ratio": null,
      "fcf_margin_change": -0.14482539553206583
    },
    {
      "date": "2023-06-30T00:00:00",
      "quarter_label": "2023-06 (Q2)",
      "revenue": 253236000,
      "gross_profit": 67384000,
      "operating_income": -8898000,
      "net_income": -8236000,
      "opex": 76282000,
      "cogs": 185852000,
      "rd": 27611000,
      "sga": 32011000,
      "fcf": 3764000,
      "ocf": 12610000,
      "capex": -8846000,
      "gross_margin": 0.2660917089197429,
      "op_margin": -0.035137184286594327,
      "fcf_margin": 0.014863605490530573,
      "incr_op_margin_yoy": 1.0006028553421205,
      "rev_growth_yoy": -0.12595563440318366,
      "rev_growth_yoy_accel": -0.1670659771869434,
      "fcf_margin_change": 0.06292436175573576
    },
    {
      "date": "2023-09-29T00:00:00",
      "quarter_label": "2023-09 (Q3)",
      "revenue": 180991000,
      "gross_profit": 50527000,
      "operating_income": -40201000,
      "net_income": -36708000,
      "opex": 90728000,
      "cogs": 130464000,
      "rd": 31872000,
      "sga": 35794000,
      "fcf": -47083000,
      "ocf": -39068000,
      "capex": -8015000,
      "gross_margin": 0.27916857744307727,
      "op_margin": -0.22211601681851584,
      "fcf_margin": -0.2601400069616721,
      "incr_op_margin_yoy": 0.7084871640765863,
      "rev_growth_yoy": -0.20471133101033048,
      "rev_growth_yoy_accel": -0.07875569660714682,
      "fcf_margin_change": -0.2750036124522027
    },
    {
      "date": "2023-12-29T00:00:00",
      "quarter_label": "2023-12 (Q4)",
      "revenue": 197463000,
      "gross_profit": 31520000,
      "operating_income": -53929000,
      "net_income": -45581000,
      "opex": 85449000,
      "cogs": 165943000,
      "rd": 28476000,
      "sga": 44470000,
      "fcf": 37504000,
      "ocf": 45494000,
      "capex": -7990000,
      "gross_margin": 0.15962484110947367,
      "op_margin": -0.2731093926457108,
      "fcf_margin": 0.1899292525688357,
      "incr_op_margin_yoy": 1.4437976653696498,
      "rev_growth_yoy": -0.1399245605171002,
      "rev_growth_yoy_accel": 0.06478677049323028,
      "op_leverage_ratio": null,
      "fcf_margin_change": 0.4500692595305078
    },
    {
      "date": "2024-03-29T00:00:00",
      "quarter_label": "2024-03 (Q1)",
      "revenue": 208258000,
      "gross_profit": 40642000,
      "operating_income": -45656000,
      "net_income": -44574000,
      "opex": 86298000,
      "cogs": 167616000,
      "rd": 21563000,
      "sga": 43157000,
      "fcf": -25743000,
      "ocf": -17805000,
      "capex": -7938000,
      "gross_margin": 0.19515216702359572,
      "op_margin": -0.2192280728711502,
      "fcf_margin": -0.1236110977729547,
      "incr_op_margin_yoy": 0.8621719997826913,
      "rev_growth_yoy": -0.20958406552324854,
      "rev_growth_yoy_accel": -0.06965950500614834,
      "op_leverage_ratio": 5.502197942741127,
      "fcf_margin_change": -0.3135403503417904
    },
    {
      "date": "2024-06-28T00:00:00",
      "quarter_label": "2024-06 (Q2)",
      "revenue": 248563000,
      "gross_profit": 73212000,
      "operating_income": -7968000,
      "net_income": -10777000,
      "opex": 81180000,
      "cogs": 175351000,
      "rd": 19417000,
      "sga": 43365000,
      "fcf": 61413000,
      "ocf": 71761000,
      "capex": -10348000,
      "gross_margin": 0.2945410217932677,
      "op_margin": -0.032056259378909976,
      "fcf_margin": 0.2470721708379767,
      "incr_op_margin_yoy": -0.19901562165632355,
      "rev_growth_yoy": -0.01845314252317996,
      "rev_growth_yoy_accel": 0.1911309230000686,
      "op_leverage_ratio": null,
      "fcf_margin_change": 0.37068326861093137
    },
    {
      "date": "2024-09-27T00:00:00",
      "quarter_label": "2024-09 (Q3)",
      "revenue": 204431000,
      "gross_profit": 51790000,
      "operating_income": -13418000,
      "net_income": -17525000,
      "opex": 65208000,
      "cogs": 152641000,
      "rd": 18383000,
      "sga": 33153000,
      "fcf": -20896000,
      "ocf": -14660000,
      "capex": -6236000,
      "gross_margin": 0.253337311855834,
      "op_margin": -0.06563583800891254,
      "fcf_margin": -0.10221541742690687,
      "incr_op_margin_yoy": 1.1426194539249146,
      "rev_growth_yoy": 0.1295092021150223,
      "rev_growth_yoy_accel": 0.14796234463820224,
      "fcf_margin_change": -0.3492875882648836
    },
    {
      "date": "2024-12-27T00:00:00",
      "quarter_label": "2024-12 (Q4)",
      "revenue": 223125000,
      "gross_profit": 60826000,
      "operating_income": -12415000,
      "net_income": -17579000,
      "opex": 73241000,
      "cogs": 162299000,
      "rd": 21368000,
      "sga": 40501000,
      "fcf": 81907000,
      "ocf": 85462000,
      "capex": -3555000,
      "gross_margin": 0.2726095238095238,
      "op_margin": -0.05564145658263305,
      "fcf_margin": 0.36709019607843135,
      "incr_op_margin_yoy": 1.6177227028290857,
      "rev_growth_yoy": 0.12995852387535892,
      "rev_growth_yoy_accel": 0.0004493217603366295,
      "op_leverage_ratio": 0.7422985265245328,
      "fcf_margin_change": 0.4693056135053382
    },
    {
      "date": "2025-03-28T00:00:00",
      "quarter_label": "2025-03 (Q1)",
      "revenue": 211358000,
      "gross_profit": 57110000,
      "operating_income": -17344000,
      "net_income": -19170000,
      "opex": 74454000,
      "cogs": 154248000,
      "rd": 15983000,
      "sga": 43044000,
      "fcf": 24060000,
      "ocf": 29974000,
      "capex": -5914000,
      "gross_margin": 0.27020505493049707,
      "op_margin": -0.08205982267054003,
      "fcf_margin": 0.11383529367234739,
      "incr_op_margin_yoy": 9.132903225806452,
      "rev_growth_yoy": 0.014885382554331646,
      "rev_growth_yoy_accel": -0.11507314132102728,
      "fcf_margin_change": -0.25325490240608395
    },
    {
      "date": "2025-06-27T00:00:00",
      "quarter_label": "2025-06 (Q2)",
      "revenue": 273106000,
      "gross_profit": 84768000,
      "operating_income": 23550000,
      "net_income": 16370000,
      "opex": 61218000,
      "cogs": 188338000,
      "rd": 11913000,
      "sga": 37714000,
      "fcf": 33977000,
      "ocf": 38075000,
      "capex": -4098000,
      "gross_margin": 0.31038497872620885,
      "op_margin": 0.08623025491933535,
      "fcf_margin": 0.12440956991058418,
      "incr_op_margin_yoy": 1.2841950861752842,
      "rev_growth_yoy": 0.09873955496192112,
      "rev_growth_yoy_accel": 0.08385417240758947,
      "op_leverage_ratio": null,
      "fcf_margin_change": 0.010574276238236785
    },
    {
      "date": "2025-09-26T00:00:00",
      "quarter_label": "2025-09 (Q3)",
      "revenue": 225209000,
      "gross_profit": 62899000,
      "operating_income": -8597000,
      "net_income": -12515000,
      "opex": 71496000,
      "cogs": 162310000,
      "rd": 13184000,
      "sga": 45906000,
      "fcf": -4366000,
      "ocf": 2182000,
      "capex": -6548000,
      "gross_margin": 0.2792916801726396,
      "op_margin": -0.0381734300138982,
      "fcf_margin": -0.019386436598892585,
      "incr_op_margin_yoy": 0.23202425642506497,
      "rev_growth_yoy": 0.10163820555590884,
      "rev_growth_yoy_accel": 0.0028986505939877227,
      "fcf_margin_change": -0.14379600650947677
    },
    {
      "date": "2025-12-26T00:00:00",
      "quarter_label": "2025-12 (Q4)",
      "revenue": 232872000,
      "gross_profit": 60633000,
      "operating_income": -10818000,
      "net_income": -15095000,
      "opex": 71451000,
      "cogs": 172239000,
      "rd": 15381000,
      "sga": 42139000,
      "fcf": 45709000,
      "ocf": 51611000,
      "capex": -5902000,
      "gross_margin": 0.260370503967845,
      "op_margin": -0.046454704730495726,
      "fcf_margin": 0.196283795389742,
      "incr_op_margin_yoy": 0.16384528572894225,
      "rev_growth_yoy": 0.043684033613445375,
      "rev_growth_yoy_accel": -0.05795417194246347,
      "op_leverage_ratio": null,
      "fcf_margin_change": 0.21567023198863458
    }
  ],
  "signals": [
    {
      "quarter": "2025-12 (Q4)",
      "signal": "FCF TURNED POSITIVE",
      "detail": "FCF margin: -1.9% -> +19.6%",
      "severity": "HIGH"
    },
    {
      "quarter": "2025-12 (Q4)",
      "signal": "YoY REVENUE GROWTH DECELERATION",
      "detail": "YoY growth: +4.4% vs prior quarter YoY: +10.2% (decel: -5.8%)",
      "severity": "WARNING"
    },
    {
      "quarter": "2025-06 (Q2)",
      "signal": "GROSS MARGIN INFLECTION",
      "detail": "GM: +27.3% -> +27.0% -> +31.0% (reversal +4.0%)",
      "severity": "MEDIUM"
    },
    {
      "quarter": "2025-06 (Q2)",
      "signal": "YoY REVENUE GROWTH ACCELERATION",
      "detail": "YoY growth: +9.9% vs prior quarter YoY: +1.5% (accel: +8.4%)",
      "severity": "MEDIUM"
    },
    {
      "quarter": "2025-06 (Q2)",
      "signal": "OP MARGIN TURNED POSITIVE (YoY)",
      "detail": "Op margin: -3.2% (year-ago) -> +8.6%",
      "severity": "HIGH"
    },
    {
      "quarter": "2025-06 (Q2)",
      "signal": "OP MARGIN TURNED POSITIVE (QoQ)",
      "detail": "Op margin: -8.2% -> +8.6%",
      "severity": "HIGH"
    },
    {
      "quarter": "2025-03 (Q1)",
      "signal": "YoY REVENUE GROWTH DECELERATION",
      "detail": "YoY growth: +1.5% vs prior quarter YoY: +13.0% (decel: -11.5%)",
      "severity": "WARNING"
    },
    {
      "quarter": "2024-12 (Q4)",
      "signal": "FCF TURNED POSITIVE",
      "detail": "FCF margin: -10.2% -> +36.7%",
      "severity": "HIGH"
    },
    {
      "quarter": "2024-09 (Q3)",
      "signal": "YoY REVENUE GROWTH ACCELERATION",
      "detail": "YoY growth: +13.0% vs prior quarter YoY: -1.8% (accel: +14.8%)",
      "severity": "MEDIUM"
    },
    {
      "quarter": "2024-06 (Q2)",
      "signal": "FCF TURNED POSITIVE",
      "detail": "FCF margin: -12.4% -> +24.7%",
      "severity": "HIGH"
    },
    {
      "quarter": "2024-06 (Q2)",
      "signal": "YoY REVENUE GROWTH ACCELERATION",
      "detail": "YoY growth: -1.8% vs prior quarter YoY: -21.0% (accel: +19.1%)",
      "severity": "HIGH"
    },
    {
      "quarter": "2024-03 (Q1)",
      "signal": "OPERATING LEVERAGE",
      "detail": "Rev growth +5.5% vs OpEx growth +1.0% (leverage: 5.5x)",
      "severity": "MEDIUM"
    },
    {
      "quarter": "2024-03 (Q1)",
      "signal": "GROSS MARGIN INFLECTION",
      "detail": "GM: +27.9% -> +16.0% -> +19.5% (reversal +3.6%)",
      "severity": "MEDIUM"
    },
    {
      "quarter": "2024-03 (Q1)",
      "signal": "YoY REVENUE GROWTH DECELERATION",
      "detail": "YoY growth: -21.0% vs prior quarter YoY: -14.0% (decel: -7.0%)",
      "severity": "WARNING"
    },
    {
      "quarter": "2023-12 (Q4)",
      "signal": "FCF TURNED POSITIVE",
      "detail": "FCF margin: -26.0% -> +19.0%",
      "severity": "HIGH"
    },
    {
      "quarter": "2023-12 (Q4)",
      "signal": "YoY REVENUE GROWTH ACCELERATION",
      "detail": "YoY growth: -14.0% vs prior quarter YoY: -20.5% (accel: +6.5%)",
      "severity": "MEDIUM"
    },
    {
      "quarter": "2023-09 (Q3)",
      "signal": "YoY REVENUE GROWTH DECELERATION",
      "detail": "YoY growth: -20.5% vs prior quarter YoY: -12.6% (decel: -7.9%)",
      "severity": "WARNING"
    },
    {
      "quarter": "2023-06 (Q2)",
      "signal": "FCF TURNED POSITIVE",
      "detail": "FCF margin: -4.8% -> +1.5%",
      "severity": "HIGH"
    },
    {
      "quarter": "2023-06 (Q2)",
      "signal": "YoY REVENUE GROWTH DECELERATION",
      "detail": "YoY growth: -12.6% vs prior quarter YoY: +4.1% (decel: -16.7%)",
      "severity": "WARNING"
    },
    {
      "quarter": "2023-03 (Q1)",
      "signal": "OP MARGIN TURNED POSITIVE (QoQ)",
      "detail": "Op margin: -3.3% -> +0.7%",
      "severity": "HIGH"
    },
    {
      "quarter": "2022-12 (Q4)",
      "signal": "FCF TURNED POSITIVE",
      "detail": "FCF margin: -32.2% -> +9.7%",
      "severity": "HIGH"
    },
    {
      "quarter": "2022-09 (Q3)",
      "signal": "YoY REVENUE GROWTH DECELERATION",
      "detail": "YoY growth: +1.1% vs prior quarter YoY: +15.5% (decel: -14.4%)",
      "severity": "WARNING"
    },
    {
      "quarter": "2022-07 (Q3)",
      "signal": "OPERATING LEVERAGE",
      "detail": "Rev growth +14.5% vs OpEx growth +2.4% (leverage: 6.0x)",
      "severity": "MEDIUM"
    },
    {
      "quarter": "2022-07 (Q3)",
      "signal": "YoY REVENUE GROWTH ACCELERATION",
      "detail": "YoY growth: +15.5% vs prior quarter YoY: -1.5% (accel: +17.0%)",
      "severity": "HIGH"
    },
    {
      "quarter": "2022-04 (Q2)",
      "signal": "OPERATING LEVERAGE",
      "detail": "Rev growth +14.8% vs OpEx growth +2.5% (leverage: 5.9x)",
      "severity": "MEDIUM"
    },
    {
      "quarter": "2022-04 (Q2)",
      "signal": "INCREMENTAL MARGIN (YoY)",
      "detail": "YoY Incr OPM: +310.9% vs year-ago OPM: +8.5%",
      "severity": "HIGH"
    },
    {
      "quarter": "2022-04 (Q2)",
      "signal": "OP MARGIN TURNED POSITIVE (QoQ)",
      "detail": "Op margin: -0.2% -> +3.9%",
      "severity": "HIGH"
    }
  ],
  "data_quality": {
    "n_quarters": 20,
    "coverage": {
      "revenue": [
        20,
        20
      ],
      "gross_profit": [
        20,
        20
      ],
      "op_income": [
        20,
        20
      ],
      "fcf": [
        20,
        20
      ]
    },
    "gaps": [],
    "warnings": []
  },
  "market_cap": null,
  "source": "SEC EDGAR",
  "last_updated": "2026-02-04T13:47:22.172586",
  "sector": "Industrials",
  "industry": "Aerospace & Defense"
}