{
  "ticker": "MRNA",
  "name": "MODERNA, INC.",
  "quarters": [
    {
      "date": "2020-12-31T00:00:00",
      "quarter_label": "2020-12 (Q4)",
      "revenue": 570745000,
      "gross_profit": 562812000,
      "operating_income": -275038000,
      "net_income": -272485000,
      "opex": 845783000,
      "cogs": 7933000,
      "rd": 758860000,
      "sga": null,
      "fcf": 1240000000,
      "ocf": 1264000000,
      "capex": -24000000,
      "gross_margin": 0.9861006228701084,
      "op_margin": -0.48189296445873375,
      "fcf_margin": 2.1725989715196805
    },
    {
      "date": "2021-03-31T00:00:00",
      "quarter_label": "2021-03 (Q1)",
      "revenue": 1937000000,
      "gross_profit": 1744000000,
      "operating_income": 1266000000,
      "net_income": 1221000000,
      "opex": 671000000,
      "cogs": 193000000,
      "rd": 401000000,
      "sga": null,
      "fcf": 2936000000,
      "ocf": 2971000000,
      "capex": -35000000,
      "gross_margin": 0.9003613835828601,
      "op_margin": 0.6535880227155395,
      "fcf_margin": 1.5157459989674755,
      "op_leverage_ratio": Infinity,
      "fcf_margin_change": -0.656852972552205
    },
    {
      "date": "2021-06-30T00:00:00",
      "quarter_label": "2021-06 (Q2)",
      "revenue": 4354000000,
      "gross_profit": 3604000000,
      "operating_income": 3062000000,
      "net_income": 2780000000,
      "opex": 1292000000,
      "cogs": 750000000,
      "rd": 421000000,
      "sga": null,
      "fcf": 4033000000,
      "ocf": 4063000000,
      "capex": -30000000,
      "gross_margin": 0.8277446026642168,
      "op_margin": 0.7032613688562241,
      "fcf_margin": 0.9262746899402848,
      "op_leverage_ratio": 1.3482733479815476,
      "fcf_margin_change": -0.5894713090271907
    },
    {
      "date": "2021-09-30T00:00:00",
      "quarter_label": "2021-09 (Q3)",
      "revenue": 4969000000,
      "gross_profit": 4247000000,
      "operating_income": 3558000000,
      "net_income": 3333000000,
      "opex": 1411000000,
      "cogs": 722000000,
      "rd": 521000000,
      "sga": null,
      "fcf": 3177000000,
      "ocf": 3276000000,
      "capex": -99000000,
      "gross_margin": 0.8546991346347353,
      "op_margin": 0.7160394445562488,
      "fcf_margin": 0.6393640571543571,
      "op_leverage_ratio": 1.5335651945665727,
      "fcf_margin_change": -0.28691063278592777
    },
    {
      "date": "2021-12-31T00:00:00",
      "quarter_label": "2021-12 (Q4)",
      "revenue": 7211000000,
      "gross_profit": 6259000000,
      "operating_income": 5410000000,
      "net_income": 4868000000,
      "opex": 1801000000,
      "cogs": 952000000,
      "rd": 648000000,
      "sga": null,
      "fcf": 3190000000,
      "ocf": 3310000000,
      "capex": -120000000,
      "gross_margin": 0.8679794758008598,
      "op_margin": 0.7502426847871307,
      "fcf_margin": 0.44237969768409374,
      "incr_op_margin_yoy": 0.8561475425266047,
      "rev_growth_yoy": 11.634363857764852,
      "op_leverage_ratio": 1.632409141807411,
      "fcf_margin_change": -0.19698435947026333
    },
    {
      "date": "2022-03-31T00:00:00",
      "quarter_label": "2022-03 (Q1)",
      "revenue": 6066000000,
      "gross_profit": 5049000000,
      "operating_income": 4227000000,
      "net_income": 3657000000,
      "opex": 1839000000,
      "cogs": 1017000000,
      "rd": 554000000,
      "sga": null,
      "fcf": 2631000000,
      "ocf": 2763000000,
      "capex": -132000000,
      "gross_margin": 0.8323442136498517,
      "op_margin": 0.6968348170128585,
      "fcf_margin": 0.43372898120672604,
      "incr_op_margin_yoy": 0.717122790021797,
      "rev_growth_yoy": 2.1316468766133196,
      "rev_growth_yoy_accel": -9.502716981151533,
      "fcf_margin_change": -0.008650716477367704
    },
    {
      "date": "2022-06-30T00:00:00",
      "quarter_label": "2022-06 (Q2)",
      "revenue": 4749000000,
      "gross_profit": 3368000000,
      "operating_income": 2447000000,
      "net_income": 2197000000,
      "opex": 2302000000,
      "cogs": 1381000000,
      "rd": 710000000,
      "sga": null,
      "fcf": 217000000,
      "ocf": 304000000,
      "capex": -87000000,
      "gross_margin": 0.7092019372499474,
      "op_margin": 0.5152663718677616,
      "fcf_margin": 0.04569383028005896,
      "incr_op_margin_yoy": -1.5569620253164558,
      "rev_growth_yoy": 0.09072117593017914,
      "rev_growth_yoy_accel": -2.0409257006831405,
      "fcf_margin_change": -0.38803515092666707
    },
    {
      "date": "2022-09-30T00:00:00",
      "quarter_label": "2022-09 (Q3)",
      "revenue": 3364000000,
      "gross_profit": 2264000000,
      "operating_income": 1166000000,
      "net_income": 1043000000,
      "opex": 2198000000,
      "cogs": 1100000000,
      "rd": 820000000,
      "sga": null,
      "fcf": 163000000,
      "ocf": 252000000,
      "capex": -89000000,
      "gross_margin": 0.6730083234244947,
      "op_margin": 0.34661117717003564,
      "fcf_margin": 0.04845422116527943,
      "incr_op_margin_yoy": 1.4903426791277259,
      "rev_growth_yoy": -0.32300261622056753,
      "rev_growth_yoy_accel": -0.41372379215074667,
      "fcf_margin_change": 0.002760390885220468
    },
    {
      "date": "2022-12-31T00:00:00",
      "quarter_label": "2022-12 (Q4)",
      "revenue": 5084000000,
      "gross_profit": 3166000000,
      "operating_income": 1580000000,
      "net_income": 1465000000,
      "opex": 3504000000,
      "cogs": 1918000000,
      "rd": 1211000000,
      "sga": null,
      "fcf": 1570000000,
      "ocf": 1662000000,
      "capex": -92000000,
      "gross_margin": 0.6227380015735641,
      "op_margin": 0.3107789142407553,
      "fcf_margin": 0.30881195908733283,
      "incr_op_margin_yoy": 1.8006582040432535,
      "rev_growth_yoy": -0.2949660241298017,
      "rev_growth_yoy_accel": 0.02803659209076581,
      "op_leverage_ratio": 0.8605120790716223,
      "fcf_margin_change": 0.2603577379220534
    },
    {
      "date": "2023-03-31T00:00:00",
      "quarter_label": "2023-03 (Q1)",
      "revenue": 1862000000,
      "gross_profit": 1070000000,
      "operating_income": -366000000,
      "net_income": 79000000,
      "opex": 2228000000,
      "cogs": 792000000,
      "rd": 1131000000,
      "sga": null,
      "fcf": -1338000000,
      "ocf": -1225000000,
      "capex": -113000000,
      "gross_margin": 0.5746509129967776,
      "op_margin": -0.19656283566058003,
      "fcf_margin": -0.7185821697099892,
      "incr_op_margin_yoy": 1.0925309229305424,
      "rev_growth_yoy": -0.693043191559512,
      "rev_growth_yoy_accel": -0.3980771674297103,
      "fcf_margin_change": -1.027394128797322
    },
    {
      "date": "2023-06-30T00:00:00",
      "quarter_label": "2023-06 (Q2)",
      "revenue": 344000000,
      "gross_profit": -387000000,
      "operating_income": -1867000000,
      "net_income": -1380000000,
      "opex": 2211000000,
      "cogs": 731000000,
      "rd": 1148000000,
      "sga": null,
      "fcf": -1149000000,
      "ocf": -915000000,
      "capex": -234000000,
      "gross_margin": -1.125,
      "op_margin": -5.4273255813953485,
      "fcf_margin": -3.3401162790697674,
      "incr_op_margin_yoy": 0.9793416572077185,
      "rev_growth_yoy": -0.9275636976205517,
      "rev_growth_yoy_accel": -0.2345205060610397,
      "fcf_margin_change": -2.621534109359778
    },
    {
      "date": "2023-09-30T00:00:00",
      "quarter_label": "2023-09 (Q3)",
      "revenue": 1831000000,
      "gross_profit": -410000000,
      "operating_income": -2012000000,
      "net_income": -3630000000,
      "opex": 3843000000,
      "cogs": 2241000000,
      "rd": 1160000000,
      "sga": null,
      "fcf": -1740000000,
      "ocf": -1600000000,
      "capex": -140000000,
      "gross_margin": -0.2239213544511196,
      "op_margin": -1.0988530857454943,
      "fcf_margin": -0.9503003823047516,
      "incr_op_margin_yoy": 2.0730593607305936,
      "rev_growth_yoy": -0.45570749108204517,
      "rev_growth_yoy_accel": 0.4718562065385065,
      "op_leverage_ratio": 5.856270306087552,
      "fcf_margin_change": 2.3898158967650156
    },
    {
      "date": "2023-12-31T00:00:00",
      "quarter_label": "2023-12 (Q4)",
      "revenue": 2811000000,
      "gross_profit": 1882000000,
      "operating_income": 6000000,
      "net_income": 217000000,
      "opex": 2805000000,
      "cogs": 929000000,
      "rd": 1406000000,
      "sga": null,
      "fcf": 402000000,
      "ocf": 622000000,
      "capex": -220000000,
      "gross_margin": 0.6695126289576663,
      "op_margin": 0.0021344717182497333,
      "fcf_margin": 0.14300960512273211,
      "incr_op_margin_yoy": 0.6924769027716674,
      "rev_growth_yoy": -0.4470889063729347,
      "rev_growth_yoy_accel": 0.008618584709110477,
      "op_leverage_ratio": Infinity,
      "fcf_margin_change": 1.0933099874274836
    },
    {
      "date": "2024-03-31T00:00:00",
      "quarter_label": "2024-03 (Q1)",
      "revenue": 167000000,
      "gross_profit": 71000000,
      "operating_income": -1266000000,
      "net_income": -1175000000,
      "opex": 1433000000,
      "cogs": 96000000,
      "rd": 1063000000,
      "sga": null,
      "fcf": -1185000000,
      "ocf": -989000000,
      "capex": -196000000,
      "gross_margin": 0.4251497005988024,
      "op_margin": -7.580838323353293,
      "fcf_margin": -7.095808383233533,
      "incr_op_margin_yoy": 0.5309734513274337,
      "rev_growth_yoy": -0.91031149301826,
      "rev_growth_yoy_accel": -0.4632225866453253,
      "fcf_margin_change": -7.238817988356265
    },
    {
      "date": "2024-06-30T00:00:00",
      "quarter_label": "2024-06 (Q2)",
      "revenue": 241000000,
      "gross_profit": 126000000,
      "operating_income": -1363000000,
      "net_income": -1279000000,
      "opex": 1604000000,
      "cogs": 115000000,
      "rd": 1221000000,
      "sga": null,
      "fcf": -1456000000,
      "ocf": -1274000000,
      "capex": -182000000,
      "gross_margin": 0.5228215767634855,
      "op_margin": -5.655601659751038,
      "fcf_margin": -6.04149377593361,
      "incr_op_margin_yoy": -4.893203883495145,
      "rev_growth_yoy": -0.29941860465116277,
      "rev_growth_yoy_accel": 0.6108928883670972,
      "op_leverage_ratio": 3.7133452393458692,
      "fcf_margin_change": 1.054314607299923
    },
    {
      "date": "2024-09-30T00:00:00",
      "quarter_label": "2024-09 (Q3)",
      "revenue": 1862000000,
      "gross_profit": 1348000000,
      "operating_income": -70000000,
      "net_income": 13000000,
      "opex": 1932000000,
      "cogs": 514000000,
      "rd": 1137000000,
      "sga": null,
      "fcf": -1717000000,
      "ocf": -1566000000,
      "capex": -151000000,
      "gross_margin": 0.723952738990333,
      "op_margin": -0.03759398496240601,
      "fcf_margin": -0.9221267454350162,
      "incr_op_margin_yoy": 62.645161290322584,
      "rev_growth_yoy": 0.016930638995084655,
      "rev_growth_yoy_accel": 0.31634924364624745,
      "op_leverage_ratio": 32.89247039773302,
      "fcf_margin_change": 5.119367030498593
    },
    {
      "date": "2024-12-31T00:00:00",
      "quarter_label": "2024-12 (Q4)",
      "revenue": 966000000,
      "gross_profit": 227000000,
      "operating_income": -1246000000,
      "net_income": -1120000000,
      "opex": 2212000000,
      "cogs": 739000000,
      "rd": 1122000000,
      "sga": null,
      "fcf": 303000000,
      "ocf": 825000000,
      "capex": -522000000,
      "gross_margin": 0.2349896480331263,
      "op_margin": -1.289855072463768,
      "fcf_margin": 0.3136645962732919,
      "incr_op_margin_yoy": 0.678590785907859,
      "rev_growth_yoy": -0.656350053361793,
      "rev_growth_yoy_accel": -0.6732806923568776,
      "fcf_margin_change": 1.2357913417083082
    },
    {
      "date": "2025-03-31T00:00:00",
      "quarter_label": "2025-03 (Q1)",
      "revenue": 108000000,
      "gross_profit": 18000000,
      "operating_income": -1050000000,
      "net_income": -971000000,
      "opex": 1158000000,
      "cogs": 90000000,
      "rd": 856000000,
      "sga": null,
      "fcf": -1154000000,
      "ocf": -1037000000,
      "capex": -117000000,
      "gross_margin": 0.16666666666666666,
      "op_margin": -9.722222222222221,
      "fcf_margin": -10.685185185185185,
      "incr_op_margin_yoy": -3.6610169491525424,
      "rev_growth_yoy": -0.3532934131736527,
      "rev_growth_yoy_accel": 0.30305664018814027,
      "fcf_margin_change": -10.998849781458476
    },
    {
      "date": "2025-06-30T00:00:00",
      "quarter_label": "2025-06 (Q2)",
      "revenue": 142000000,
      "gross_profit": 23000000,
      "operating_income": -907000000,
      "net_income": -825000000,
      "opex": 1049000000,
      "cogs": 119000000,
      "rd": 700000000,
      "sga": null,
      "fcf": -922000000,
      "ocf": -919000000,
      "capex": -3000000,
      "gross_margin": 0.1619718309859155,
      "op_margin": -6.387323943661972,
      "fcf_margin": -6.492957746478873,
      "incr_op_margin_yoy": -4.606060606060606,
      "rev_growth_yoy": -0.4107883817427386,
      "rev_growth_yoy_accel": -0.05749496856908587,
      "op_leverage_ratio": Infinity,
      "fcf_margin_change": 4.192227438706312
    },
    {
      "date": "2025-09-30T00:00:00",
      "quarter_label": "2025-09 (Q3)",
      "revenue": 1016000000,
      "gross_profit": 809000000,
      "operating_income": -260000000,
      "net_income": -200000000,
      "opex": 1276000000,
      "cogs": 207000000,
      "rd": 801000000,
      "sga": null,
      "fcf": -880000000,
      "ocf": -847000000,
      "capex": -33000000,
      "gross_margin": 0.7962598425196851,
      "op_margin": -0.2559055118110236,
      "fcf_margin": -0.8661417322834646,
      "incr_op_margin_yoy": 0.22458628841607564,
      "rev_growth_yoy": -0.45435016111707843,
      "rev_growth_yoy_accel": -0.04356177937433986,
      "op_leverage_ratio": 28.442824346962837,
      "fcf_margin_change": 5.626816014195408
    }
  ],
  "signals": [
    {
      "quarter": "2025-09 (Q3)",
      "signal": "FCF MARGIN EXPANSION",
      "detail": "FCF margin: -649.3% -> -86.6% (+562.7%)",
      "severity": "MEDIUM"
    },
    {
      "quarter": "2025-09 (Q3)",
      "signal": "OPERATING LEVERAGE",
      "detail": "Rev growth +615.5% vs OpEx growth +21.6% (leverage: 28.4x)",
      "severity": "MEDIUM"
    },
    {
      "quarter": "2025-09 (Q3)",
      "signal": "GROSS MARGIN INFLECTION",
      "detail": "GM: +16.7% -> +16.2% -> +79.6% (reversal +63.4%)",
      "severity": "HIGH"
    },
    {
      "quarter": "2025-06 (Q2)",
      "signal": "FCF MARGIN EXPANSION",
      "detail": "FCF margin: -1068.5% -> -649.3% (+419.2%)",
      "severity": "MEDIUM"
    },
    {
      "quarter": "2025-06 (Q2)",
      "signal": "YoY REVENUE GROWTH DECELERATION",
      "detail": "YoY growth: -41.1% vs prior quarter YoY: -35.3% (decel: -5.7%)",
      "severity": "WARNING"
    },
    {
      "quarter": "2025-03 (Q1)",
      "signal": "YoY REVENUE GROWTH ACCELERATION",
      "detail": "YoY growth: -35.3% vs prior quarter YoY: -65.6% (accel: +30.3%)",
      "severity": "HIGH"
    },
    {
      "quarter": "2024-12 (Q4)",
      "signal": "FCF TURNED POSITIVE",
      "detail": "FCF margin: -92.2% -> +31.4%",
      "severity": "HIGH"
    },
    {
      "quarter": "2024-12 (Q4)",
      "signal": "YoY REVENUE GROWTH DECELERATION",
      "detail": "YoY growth: -65.6% vs prior quarter YoY: +1.7% (decel: -67.3%)",
      "severity": "WARNING"
    },
    {
      "quarter": "2024-09 (Q3)",
      "signal": "FCF MARGIN EXPANSION",
      "detail": "FCF margin: -604.1% -> -92.2% (+511.9%)",
      "severity": "MEDIUM"
    },
    {
      "quarter": "2024-09 (Q3)",
      "signal": "OPERATING LEVERAGE",
      "detail": "Rev growth +672.6% vs OpEx growth +20.4% (leverage: 32.9x)",
      "severity": "MEDIUM"
    },
    {
      "quarter": "2024-09 (Q3)",
      "signal": "YoY REVENUE GROWTH ACCELERATION",
      "detail": "YoY growth: +1.7% vs prior quarter YoY: -29.9% (accel: +31.6%)",
      "severity": "HIGH"
    },
    {
      "quarter": "2024-06 (Q2)",
      "signal": "FCF MARGIN EXPANSION",
      "detail": "FCF margin: -709.6% -> -604.1% (+105.4%)",
      "severity": "MEDIUM"
    },
    {
      "quarter": "2024-06 (Q2)",
      "signal": "OPERATING LEVERAGE",
      "detail": "Rev growth +44.3% vs OpEx growth +11.9% (leverage: 3.7x)",
      "severity": "MEDIUM"
    },
    {
      "quarter": "2024-06 (Q2)",
      "signal": "GROSS MARGIN INFLECTION",
      "detail": "GM: +67.0% -> +42.5% -> +52.3% (reversal +9.8%)",
      "severity": "HIGH"
    },
    {
      "quarter": "2024-06 (Q2)",
      "signal": "YoY REVENUE GROWTH ACCELERATION",
      "detail": "YoY growth: -29.9% vs prior quarter YoY: -91.0% (accel: +61.1%)",
      "severity": "HIGH"
    },
    {
      "quarter": "2024-03 (Q1)",
      "signal": "YoY REVENUE GROWTH DECELERATION",
      "detail": "YoY growth: -91.0% vs prior quarter YoY: -44.7% (decel: -46.3%)",
      "severity": "WARNING"
    },
    {
      "quarter": "2023-12 (Q4)",
      "signal": "FCF TURNED POSITIVE",
      "detail": "FCF margin: -95.0% -> +14.3%",
      "severity": "HIGH"
    },
    {
      "quarter": "2023-12 (Q4)",
      "signal": "INCREMENTAL MARGIN (YoY)",
      "detail": "YoY Incr OPM: +69.2% vs year-ago OPM: +31.1%",
      "severity": "HIGH"
    },
    {
      "quarter": "2023-12 (Q4)",
      "signal": "OP MARGIN TURNED POSITIVE (QoQ)",
      "detail": "Op margin: -109.9% -> +0.2%",
      "severity": "HIGH"
    },
    {
      "quarter": "2023-09 (Q3)",
      "signal": "FCF MARGIN EXPANSION",
      "detail": "FCF margin: -334.0% -> -95.0% (+239.0%)",
      "severity": "MEDIUM"
    },
    {
      "quarter": "2023-09 (Q3)",
      "signal": "OPERATING LEVERAGE",
      "detail": "Rev growth +432.3% vs OpEx growth +73.8% (leverage: 5.9x)",
      "severity": "MEDIUM"
    },
    {
      "quarter": "2023-09 (Q3)",
      "signal": "GROSS MARGIN INFLECTION",
      "detail": "GM: +57.5% -> -112.5% -> -22.4% (reversal +90.1%)",
      "severity": "HIGH"
    },
    {
      "quarter": "2023-09 (Q3)",
      "signal": "YoY REVENUE GROWTH ACCELERATION",
      "detail": "YoY growth: -45.6% vs prior quarter YoY: -92.8% (accel: +47.2%)",
      "severity": "HIGH"
    },
    {
      "quarter": "2023-06 (Q2)",
      "signal": "YoY REVENUE GROWTH DECELERATION",
      "detail": "YoY growth: -92.8% vs prior quarter YoY: -69.3% (decel: -23.5%)",
      "severity": "WARNING"
    },
    {
      "quarter": "2023-03 (Q1)",
      "signal": "YoY REVENUE GROWTH DECELERATION",
      "detail": "YoY growth: -69.3% vs prior quarter YoY: -29.5% (decel: -39.8%)",
      "severity": "WARNING"
    },
    {
      "quarter": "2022-12 (Q4)",
      "signal": "FCF MARGIN EXPANSION",
      "detail": "FCF margin: +4.8% -> +30.9% (+26.0%)",
      "severity": "MEDIUM"
    },
    {
      "quarter": "2022-12 (Q4)",
      "signal": "INCREMENTAL MARGIN (YoY)",
      "detail": "YoY Incr OPM: +180.1% vs year-ago OPM: +75.0%",
      "severity": "HIGH"
    },
    {
      "quarter": "2022-09 (Q3)",
      "signal": "YoY REVENUE GROWTH DECELERATION",
      "detail": "YoY growth: -32.3% vs prior quarter YoY: +9.1% (decel: -41.4%)",
      "severity": "WARNING"
    },
    {
      "quarter": "2022-09 (Q3)",
      "signal": "INCREMENTAL MARGIN (YoY)",
      "detail": "YoY Incr OPM: +149.0% vs year-ago OPM: +71.6%",
      "severity": "HIGH"
    },
    {
      "quarter": "2022-06 (Q2)",
      "signal": "YoY REVENUE GROWTH DECELERATION",
      "detail": "YoY growth: +9.1% vs prior quarter YoY: +213.2% (decel: -204.1%)",
      "severity": "WARNING"
    },
    {
      "quarter": "2022-03 (Q1)",
      "signal": "YoY REVENUE GROWTH DECELERATION",
      "detail": "YoY growth: +213.2% vs prior quarter YoY: +1163.4% (decel: -950.3%)",
      "severity": "WARNING"
    },
    {
      "quarter": "2021-12 (Q4)",
      "signal": "OPERATING LEVERAGE",
      "detail": "Rev growth +45.1% vs OpEx growth +27.6% (leverage: 1.6x)",
      "severity": "MEDIUM"
    },
    {
      "quarter": "2021-12 (Q4)",
      "signal": "OP MARGIN TURNED POSITIVE (YoY)",
      "detail": "Op margin: -48.2% (year-ago) -> +75.0%",
      "severity": "HIGH"
    },
    {
      "quarter": "2021-09 (Q3)",
      "signal": "OPERATING LEVERAGE",
      "detail": "Rev growth +14.1% vs OpEx growth +9.2% (leverage: 1.5x)",
      "severity": "MEDIUM"
    },
    {
      "quarter": "2021-09 (Q3)",
      "signal": "GROSS MARGIN INFLECTION",
      "detail": "GM: +90.0% -> +82.8% -> +85.5% (reversal +2.7%)",
      "severity": "MEDIUM"
    },
    {
      "quarter": "2021-03 (Q1)",
      "signal": "OP MARGIN TURNED POSITIVE (QoQ)",
      "detail": "Op margin: -48.2% -> +65.4%",
      "severity": "HIGH"
    }
  ],
  "data_quality": {
    "n_quarters": 20,
    "coverage": {
      "revenue": [
        20,
        20
      ],
      "gross_profit": [
        20,
        20
      ],
      "op_income": [
        20,
        20
      ],
      "fcf": [
        20,
        20
      ]
    },
    "gaps": [],
    "warnings": []
  },
  "market_cap": null,
  "source": "SEC EDGAR",
  "last_updated": "2026-02-02T20:21:18.866044",
  "sector": "Healthcare",
  "industry": "Biotechnology"
}