{
  "ticker": "MRVI",
  "name": "Maravai LifeSciences Holdings, Inc.",
  "quarters": [
    {
      "date": "2020-12-31T00:00:00",
      "quarter_label": "2020-12 (Q4)",
      "revenue": 98353000,
      "gross_profit": 74958000,
      "operating_income": 31245000,
      "net_income": 25210000,
      "opex": 67108000,
      "cogs": 23395000,
      "rd": 2092000,
      "sga": 41621000,
      "fcf": 70582000,
      "ocf": 79431000,
      "capex": -8849000,
      "gross_margin": 0.7621323192988521,
      "op_margin": 0.3176822262666111,
      "fcf_margin": 0.717639522942869
    },
    {
      "date": "2021-03-31T00:00:00",
      "quarter_label": "2021-03 (Q1)",
      "revenue": 148211000,
      "gross_profit": 117843000,
      "operating_income": 92442000,
      "net_income": 23247000,
      "opex": 55769000,
      "cogs": 30368000,
      "rd": 2164000,
      "sga": 23237000,
      "fcf": 34994000,
      "ocf": 38326000,
      "capex": -3332000,
      "gross_margin": 0.795102927582973,
      "op_margin": 0.623718887262079,
      "fcf_margin": 0.23610933061648595,
      "op_leverage_ratio": Infinity,
      "fcf_margin_change": -0.48153019232638306
    },
    {
      "date": "2021-06-30T00:00:00",
      "quarter_label": "2021-06 (Q2)",
      "revenue": 217775000,
      "gross_profit": 180262000,
      "operating_income": 154245000,
      "net_income": 49075000,
      "opex": 63530000,
      "cogs": 37513000,
      "rd": 1932000,
      "sga": 24085000,
      "fcf": 161406000,
      "ocf": 165939000,
      "capex": -4533000,
      "gross_margin": 0.8277442314315233,
      "op_margin": 0.7082768912868787,
      "fcf_margin": 0.7411594535644588,
      "op_leverage_ratio": 3.372712192565485,
      "fcf_margin_change": 0.5050501229479728
    },
    {
      "date": "2021-09-30T00:00:00",
      "quarter_label": "2021-09 (Q3)",
      "revenue": 204810000,
      "gross_profit": 172763000,
      "operating_income": 156873000,
      "net_income": 54274000,
      "opex": 47937000,
      "cogs": 32047000,
      "rd": 1950000,
      "sga": 25189000,
      "fcf": 104233000,
      "ocf": 105562000,
      "capex": -1329000,
      "gross_margin": 0.8435281480396465,
      "op_margin": 0.7659440457008935,
      "fcf_margin": 0.5089253454421171,
      "fcf_margin_change": -0.2322341081223417
    },
    {
      "date": "2021-12-31T00:00:00",
      "quarter_label": "2021-12 (Q4)",
      "revenue": 228444000,
      "gross_profit": 187811000,
      "operating_income": 151085000,
      "net_income": 55441000,
      "opex": 77359000,
      "cogs": 40633000,
      "rd": 9173000,
      "sga": 27553000,
      "fcf": 53087000,
      "ocf": 58743000,
      "capex": -5656000,
      "gross_margin": 0.8221314632907846,
      "op_margin": 0.6613655863143703,
      "fcf_margin": 0.23238517973770376,
      "incr_op_margin_yoy": 0.9212013129271048,
      "rev_growth_yoy": 1.3226947830772828,
      "op_leverage_ratio": 0.18801163836262264,
      "fcf_margin_change": -0.2765401657044133
    },
    {
      "date": "2022-03-31T00:00:00",
      "quarter_label": "2022-03 (Q1)",
      "revenue": 244293000,
      "gross_profit": 204261000,
      "operating_income": 167366000,
      "net_income": 66862000,
      "opex": 76927000,
      "cogs": 40032000,
      "rd": 3695000,
      "sga": 33200000,
      "fcf": 159556000,
      "ocf": 162304000,
      "capex": -2748000,
      "gross_margin": 0.8361312031044689,
      "op_margin": 0.6851035436954804,
      "fcf_margin": 0.6531337369470267,
      "incr_op_margin_yoy": 0.7797922607772527,
      "rev_growth_yoy": 0.6482784678600104,
      "rev_growth_yoy_accel": -0.6744163152172724,
      "op_leverage_ratio": Infinity,
      "fcf_margin_change": 0.4207485572093229
    },
    {
      "date": "2022-06-30T00:00:00",
      "quarter_label": "2022-06 (Q2)",
      "revenue": 242732000,
      "gross_profit": 205236000,
      "operating_income": 180701000,
      "net_income": 71240000,
      "opex": 62031000,
      "cogs": 37496000,
      "rd": 4274000,
      "sga": 28061000,
      "fcf": 162618000,
      "ocf": 164279000,
      "capex": -1661000,
      "gross_margin": 0.8455251058780877,
      "op_margin": 0.7444465501046421,
      "fcf_margin": 0.6699487500617965,
      "incr_op_margin_yoy": 1.060063308891293,
      "rev_growth_yoy": 0.11459993112157042,
      "rev_growth_yoy_accel": -0.53367853673844,
      "fcf_margin_change": 0.01681501311476985
    },
    {
      "date": "2022-09-30T00:00:00",
      "quarter_label": "2022-09 (Q3)",
      "revenue": 191263000,
      "gross_profit": 153087000,
      "operating_income": 116903000,
      "net_income": 44469000,
      "opex": 74360000,
      "cogs": 38176000,
      "rd": 5389000,
      "sga": 30795000,
      "fcf": 103592000,
      "ocf": 110059000,
      "capex": -6467000,
      "gross_margin": 0.8004004956525831,
      "op_margin": 0.6112159696334367,
      "fcf_margin": 0.5416207002922677,
      "incr_op_margin_yoy": 2.950468738466081,
      "rev_growth_yoy": -0.06614423123870905,
      "rev_growth_yoy_accel": -0.18074416236027946,
      "fcf_margin_change": -0.12832804976952883
    },
    {
      "date": "2022-12-31T00:00:00",
      "quarter_label": "2022-12 (Q4)",
      "revenue": 204713000,
      "gross_profit": 151460000,
      "operating_income": 109246000,
      "net_income": 37634000,
      "opex": 95467000,
      "cogs": 53253000,
      "rd": 5011000,
      "sga": 37203000,
      "fcf": 93121000,
      "ocf": 99335000,
      "capex": -6214000,
      "gross_margin": 0.7398650794038483,
      "op_margin": 0.5336544332797624,
      "fcf_margin": 0.4548856203563037,
      "incr_op_margin_yoy": 1.7630525473009986,
      "rev_growth_yoy": -0.10388103867906358,
      "rev_growth_yoy_accel": -0.03773680744035453,
      "op_leverage_ratio": 0.24774459697874054,
      "fcf_margin_change": -0.08673507993596402
    },
    {
      "date": "2023-03-31T00:00:00",
      "quarter_label": "2023-03 (Q1)",
      "revenue": 79025000,
      "gross_profit": 45349000,
      "operating_income": 2533000,
      "net_income": -67000,
      "opex": 76492000,
      "cogs": 33676000,
      "rd": 4145000,
      "sga": 38671000,
      "fcf": 77206000,
      "ocf": 85074000,
      "capex": -7868000,
      "gross_margin": 0.573856374565011,
      "op_margin": 0.03205314773805758,
      "fcf_margin": 0.9769819677317305,
      "incr_op_margin_yoy": 0.9973679115134206,
      "rev_growth_yoy": -0.6765154957366769,
      "rev_growth_yoy_accel": -0.5726344570576133,
      "fcf_margin_change": 0.5220963473754268
    },
    {
      "date": "2023-06-30T00:00:00",
      "quarter_label": "2023-06 (Q2)",
      "revenue": 68914000,
      "gross_profit": 25641000,
      "operating_income": -11614000,
      "net_income": -6541000,
      "opex": 80528000,
      "cogs": 43273000,
      "rd": 4194000,
      "sga": 35377000,
      "fcf": -5865000,
      "ocf": 19194000,
      "capex": -25059000,
      "gross_margin": 0.3720724381112691,
      "op_margin": -0.168528891081638,
      "fcf_margin": -0.08510607423745538,
      "incr_op_margin_yoy": 1.106415906292789,
      "rev_growth_yoy": -0.7160901735247104,
      "rev_growth_yoy_accel": -0.039574677788033474,
      "fcf_margin_change": -1.0620880419691858
    },
    {
      "date": "2023-09-30T00:00:00",
      "quarter_label": "2023-09 (Q3)",
      "revenue": 66865000,
      "gross_profit": 30179000,
      "operating_income": -15417000,
      "net_income": -6462000,
      "opex": 82282000,
      "cogs": 36686000,
      "rd": 4347000,
      "sga": 38864000,
      "fcf": -1661000,
      "ocf": 14166000,
      "capex": -15827000,
      "gross_margin": 0.4513422567860615,
      "op_margin": -0.2305690570552606,
      "fcf_margin": -0.024841097734240633,
      "incr_op_margin_yoy": 1.0636826958632775,
      "rev_growth_yoy": -0.650402848433832,
      "rev_growth_yoy_accel": 0.06568732509087838,
      "fcf_margin_change": 0.060264976503214746
    },
    {
      "date": "2023-12-31T00:00:00",
      "quarter_label": "2023-12 (Q4)",
      "revenue": 74141000,
      "gross_profit": 39033000,
      "operating_income": -7150000,
      "net_income": -105959000,
      "opex": 81291000,
      "cogs": 35108000,
      "rd": 4594000,
      "sga": 38478000,
      "fcf": -9009000,
      "ocf": 7790000,
      "capex": -16799000,
      "gross_margin": 0.5264698345045251,
      "op_margin": -0.09643786838591333,
      "fcf_margin": -0.1215117141662508,
      "incr_op_margin_yoy": 0.8914315473455259,
      "rev_growth_yoy": -0.6378295467312775,
      "rev_growth_yoy_accel": 0.012573301702554551,
      "op_leverage_ratio": Infinity,
      "fcf_margin_change": -0.09667061643201016
    },
    {
      "date": "2024-03-31T00:00:00",
      "quarter_label": "2024-03 (Q1)",
      "revenue": 64179000,
      "gross_profit": 25844000,
      "operating_income": -18861000,
      "net_income": -12078000,
      "opex": 83040000,
      "cogs": 38335000,
      "rd": 5032000,
      "sga": 40885000,
      "fcf": -14132000,
      "ocf": -8467000,
      "capex": -5665000,
      "gross_margin": 0.40268623693108335,
      "op_margin": -0.29388117608563546,
      "fcf_margin": -0.22019663752940993,
      "incr_op_margin_yoy": 1.4410615654048229,
      "rev_growth_yoy": -0.18786459981018666,
      "rev_growth_yoy_accel": 0.4499649469210908,
      "fcf_margin_change": -0.09868492336315914
    },
    {
      "date": "2024-06-30T00:00:00",
      "quarter_label": "2024-06 (Q2)",
      "revenue": 73400000,
      "gross_profit": 35129000,
      "operating_income": -9512000,
      "net_income": -7585000,
      "opex": 82912000,
      "cogs": 38271000,
      "rd": 5284000,
      "sga": 40556000,
      "fcf": 7881000,
      "ocf": 17434000,
      "capex": -9553000,
      "gross_margin": 0.4785967302452316,
      "op_margin": -0.12959128065395095,
      "fcf_margin": 0.10737057220708447,
      "incr_op_margin_yoy": 0.468568880962996,
      "rev_growth_yoy": 0.0650956264329454,
      "rev_growth_yoy_accel": 0.2529602262431321,
      "op_leverage_ratio": Infinity,
      "fcf_margin_change": 0.3275672097364944
    },
    {
      "date": "2024-09-30T00:00:00",
      "quarter_label": "2024-09 (Q3)",
      "revenue": 65200000,
      "gross_profit": 32234000,
      "operating_income": -169114000,
      "net_income": -99038000,
      "opex": 234314000,
      "cogs": 36826000,
      "rd": 4344000,
      "sga": 39087000,
      "fcf": 4545000,
      "ocf": 13136000,
      "capex": -8591000,
      "gross_margin": 0.49438650306748466,
      "op_margin": -2.5937730061349695,
      "fcf_margin": 0.06970858895705521,
      "incr_op_margin_yoy": 92.31051051051051,
      "rev_growth_yoy": -0.024900919763702983,
      "rev_growth_yoy_accel": -0.08999654619664839,
      "fcf_margin_change": -0.03766198325002926
    },
    {
      "date": "2024-12-31T00:00:00",
      "quarter_label": "2024-12 (Q4)",
      "revenue": 56406000,
      "gross_profit": 18962000,
      "operating_income": -38130000,
      "net_income": -26145000,
      "opex": 94536000,
      "cogs": 37444000,
      "rd": 4561000,
      "sga": 41243000,
      "fcf": -20487000,
      "ocf": -14638000,
      "capex": -5849000,
      "gross_margin": 0.33616991100237564,
      "op_margin": -0.6759919157536433,
      "fcf_margin": -0.36320604191043504,
      "incr_op_margin_yoy": 1.746828305610375,
      "rev_growth_yoy": -0.23920637703834585,
      "rev_growth_yoy_accel": -0.21430545727464287,
      "fcf_margin_change": -0.43291463086749027
    },
    {
      "date": "2025-03-31T00:00:00",
      "quarter_label": "2025-03 (Q1)",
      "revenue": 46850000,
      "gross_profit": 7725000,
      "operating_income": -49162000,
      "net_income": -29945000,
      "opex": 96012000,
      "cogs": 39125000,
      "rd": 4888000,
      "sga": 39564000,
      "fcf": -14625000,
      "ocf": -9390000,
      "capex": -5235000,
      "gross_margin": 0.1648879402347919,
      "op_margin": -1.0493489861259337,
      "fcf_margin": -0.3121664887940235,
      "incr_op_margin_yoy": 1.7485717583241964,
      "rev_growth_yoy": -0.27001043955187837,
      "rev_growth_yoy_accel": -0.030804062513532515,
      "fcf_margin_change": 0.05103955311641156
    },
    {
      "date": "2025-06-30T00:00:00",
      "quarter_label": "2025-06 (Q2)",
      "revenue": 47397000,
      "gross_profit": 7768000,
      "operating_income": -66278000,
      "net_income": -39591000,
      "opex": 113675000,
      "cogs": 39629000,
      "rd": 4882000,
      "sga": 38575000,
      "fcf": -13139000,
      "ocf": -10265000,
      "capex": -2874000,
      "gross_margin": 0.16389222946599996,
      "op_margin": -1.3983585458995296,
      "fcf_margin": -0.27721163786737557,
      "incr_op_margin_yoy": 2.1830558012537016,
      "rev_growth_yoy": -0.3542643051771117,
      "rev_growth_yoy_accel": -0.08425386562523335,
      "op_leverage_ratio": 0.06346565676334065,
      "fcf_margin_change": 0.03495485092664791
    },
    {
      "date": "2025-09-30T00:00:00",
      "quarter_label": "2025-09 (Q3)",
      "revenue": 41630000,
      "gross_profit": 5655000,
      "operating_income": -41031000,
      "net_income": -25556000,
      "opex": 46686000,
      "cogs": 35975000,
      "rd": 3844000,
      "sga": 35396000,
      "fcf": -18076000,
      "ocf": -15150000,
      "capex": -2926000,
      "gross_margin": 0.13583953879413885,
      "op_margin": -0.9856113379774202,
      "fcf_margin": -0.4342061013692049,
      "incr_op_margin_yoy": -5.434153585065761,
      "rev_growth_yoy": -0.3615030674846626,
      "rev_growth_yoy_accel": -0.007238762307550883,
      "fcf_margin_change": -0.15699446350182933
    }
  ],
  "signals": [
    {
      "quarter": "2025-06 (Q2)",
      "signal": "YoY REVENUE GROWTH DECELERATION",
      "detail": "YoY growth: -35.4% vs prior quarter YoY: -27.0% (decel: -8.4%)",
      "severity": "WARNING"
    },
    {
      "quarter": "2025-03 (Q1)",
      "signal": "FCF MARGIN EXPANSION",
      "detail": "FCF margin: -36.3% -> -31.2% (+5.1%)",
      "severity": "MEDIUM"
    },
    {
      "quarter": "2024-12 (Q4)",
      "signal": "YoY REVENUE GROWTH DECELERATION",
      "detail": "YoY growth: -23.9% vs prior quarter YoY: -2.5% (decel: -21.4%)",
      "severity": "WARNING"
    },
    {
      "quarter": "2024-09 (Q3)",
      "signal": "YoY REVENUE GROWTH DECELERATION",
      "detail": "YoY growth: -2.5% vs prior quarter YoY: +6.5% (decel: -9.0%)",
      "severity": "WARNING"
    },
    {
      "quarter": "2024-06 (Q2)",
      "signal": "FCF TURNED POSITIVE",
      "detail": "FCF margin: -22.0% -> +10.7%",
      "severity": "HIGH"
    },
    {
      "quarter": "2024-06 (Q2)",
      "signal": "GROSS MARGIN INFLECTION",
      "detail": "GM: +52.6% -> +40.3% -> +47.9% (reversal +7.6%)",
      "severity": "HIGH"
    },
    {
      "quarter": "2024-06 (Q2)",
      "signal": "YoY REVENUE GROWTH ACCELERATION",
      "detail": "YoY growth: +6.5% vs prior quarter YoY: -18.8% (accel: +25.3%)",
      "severity": "HIGH"
    },
    {
      "quarter": "2024-03 (Q1)",
      "signal": "YoY REVENUE GROWTH ACCELERATION",
      "detail": "YoY growth: -18.8% vs prior quarter YoY: -63.8% (accel: +45.0%)",
      "severity": "HIGH"
    },
    {
      "quarter": "2023-09 (Q3)",
      "signal": "FCF MARGIN EXPANSION",
      "detail": "FCF margin: -8.5% -> -2.5% (+6.0%)",
      "severity": "MEDIUM"
    },
    {
      "quarter": "2023-09 (Q3)",
      "signal": "GROSS MARGIN INFLECTION",
      "detail": "GM: +57.4% -> +37.2% -> +45.1% (reversal +7.9%)",
      "severity": "HIGH"
    },
    {
      "quarter": "2023-09 (Q3)",
      "signal": "YoY REVENUE GROWTH ACCELERATION",
      "detail": "YoY growth: -65.0% vs prior quarter YoY: -71.6% (accel: +6.6%)",
      "severity": "MEDIUM"
    },
    {
      "quarter": "2023-03 (Q1)",
      "signal": "FCF MARGIN EXPANSION",
      "detail": "FCF margin: +45.5% -> +97.7% (+52.2%)",
      "severity": "MEDIUM"
    },
    {
      "quarter": "2023-03 (Q1)",
      "signal": "YoY REVENUE GROWTH DECELERATION",
      "detail": "YoY growth: -67.7% vs prior quarter YoY: -10.4% (decel: -57.3%)",
      "severity": "WARNING"
    },
    {
      "quarter": "2023-03 (Q1)",
      "signal": "INCREMENTAL MARGIN (YoY)",
      "detail": "YoY Incr OPM: +99.7% vs year-ago OPM: +68.5%",
      "severity": "HIGH"
    },
    {
      "quarter": "2022-12 (Q4)",
      "signal": "INCREMENTAL MARGIN (YoY)",
      "detail": "YoY Incr OPM: +176.3% vs year-ago OPM: +66.1%",
      "severity": "HIGH"
    },
    {
      "quarter": "2022-09 (Q3)",
      "signal": "YoY REVENUE GROWTH DECELERATION",
      "detail": "YoY growth: -6.6% vs prior quarter YoY: +11.5% (decel: -18.1%)",
      "severity": "WARNING"
    },
    {
      "quarter": "2022-09 (Q3)",
      "signal": "INCREMENTAL MARGIN (YoY)",
      "detail": "YoY Incr OPM: +295.0% vs year-ago OPM: +76.6%",
      "severity": "HIGH"
    },
    {
      "quarter": "2022-06 (Q2)",
      "signal": "YoY REVENUE GROWTH DECELERATION",
      "detail": "YoY growth: +11.5% vs prior quarter YoY: +64.8% (decel: -53.4%)",
      "severity": "WARNING"
    },
    {
      "quarter": "2022-06 (Q2)",
      "signal": "INCREMENTAL MARGIN (YoY)",
      "detail": "YoY Incr OPM: +106.0% vs year-ago OPM: +70.8%",
      "severity": "HIGH"
    },
    {
      "quarter": "2022-03 (Q1)",
      "signal": "FCF MARGIN EXPANSION",
      "detail": "FCF margin: +23.2% -> +65.3% (+42.1%)",
      "severity": "MEDIUM"
    },
    {
      "quarter": "2022-03 (Q1)",
      "signal": "YoY REVENUE GROWTH DECELERATION",
      "detail": "YoY growth: +64.8% vs prior quarter YoY: +132.3% (decel: -67.4%)",
      "severity": "WARNING"
    },
    {
      "quarter": "2022-03 (Q1)",
      "signal": "INCREMENTAL MARGIN (YoY)",
      "detail": "YoY Incr OPM: +78.0% vs year-ago OPM: +62.4%",
      "severity": "MEDIUM"
    },
    {
      "quarter": "2021-12 (Q4)",
      "signal": "INCREMENTAL MARGIN (YoY)",
      "detail": "YoY Incr OPM: +92.1% vs year-ago OPM: +31.8%",
      "severity": "HIGH"
    },
    {
      "quarter": "2021-06 (Q2)",
      "signal": "FCF MARGIN EXPANSION",
      "detail": "FCF margin: +23.6% -> +74.1% (+50.5%)",
      "severity": "MEDIUM"
    },
    {
      "quarter": "2021-06 (Q2)",
      "signal": "OPERATING LEVERAGE",
      "detail": "Rev growth +46.9% vs OpEx growth +13.9% (leverage: 3.4x)",
      "severity": "MEDIUM"
    }
  ],
  "data_quality": {
    "n_quarters": 20,
    "coverage": {
      "revenue": [
        20,
        20
      ],
      "gross_profit": [
        20,
        20
      ],
      "op_income": [
        20,
        20
      ],
      "fcf": [
        20,
        20
      ]
    },
    "gaps": [],
    "warnings": []
  },
  "market_cap": null,
  "source": "SEC EDGAR",
  "last_updated": "2026-02-02T21:51:27.528686",
  "sector": "Healthcare",
  "industry": "Biotechnology"
}