{
  "ticker": "MRVL",
  "name": "MARVELL TECHNOLOGY, INC",
  "quarters": [
    {
      "date": "2021-01-30T00:00:00",
      "quarter_label": "2021-01 (Q1)",
      "revenue": 797819000,
      "gross_profit": 421132000,
      "operating_income": -1736000,
      "net_income": 16536000,
      "opex": 422868000,
      "cogs": 376687000,
      "rd": 260380000,
      "sga": null,
      "fcf": 139750000,
      "ocf": 158308000,
      "capex": -18558000,
      "gross_margin": 0.5278540621369007,
      "op_margin": -0.002175932134982997,
      "fcf_margin": 0.17516504370038818
    },
    {
      "date": "2021-05-01T00:00:00",
      "quarter_label": "2021-05 (Q2)",
      "revenue": 832279000,
      "gross_profit": 418141000,
      "operating_income": -82311000,
      "net_income": -88242000,
      "opex": 500452000,
      "cogs": 414138000,
      "rd": 286100000,
      "sga": 201466000,
      "fcf": -35100000,
      "ocf": -13700000,
      "capex": -21400000,
      "gross_margin": 0.5024048426068662,
      "op_margin": -0.09889832616226049,
      "fcf_margin": -0.042173357732202786,
      "op_leverage_ratio": 0.23542010727223542,
      "fcf_margin_change": -0.21733840143259098
    },
    {
      "date": "2021-07-31T00:00:00",
      "quarter_label": "2021-07 (Q3)",
      "revenue": 1075881000,
      "gross_profit": 371830000,
      "operating_income": -266668000,
      "net_income": -276428000,
      "opex": 638498000,
      "cogs": 704051000,
      "rd": 367043000,
      "sga": 259161000,
      "fcf": 189900000,
      "ocf": 222100000,
      "capex": -32200000,
      "gross_margin": 0.3456051366275638,
      "op_margin": -0.24786012579458136,
      "fcf_margin": 0.17650650954891853,
      "op_leverage_ratio": 1.0610858302196138,
      "fcf_margin_change": 0.21867986728112132
    },
    {
      "date": "2021-10-30T00:00:00",
      "quarter_label": "2021-10 (Q4)",
      "revenue": 1211245000,
      "gross_profit": 587820000,
      "operating_income": -33341000,
      "net_income": -62532000,
      "opex": 621161000,
      "cogs": 623425000,
      "rd": 371894000,
      "sga": 243406000,
      "fcf": 187900000,
      "ocf": 264700000,
      "capex": -76800000,
      "gross_margin": 0.4853023129094444,
      "op_margin": -0.027526223018464472,
      "fcf_margin": 0.15512963933803647,
      "op_leverage_ratio": Infinity,
      "fcf_margin_change": -0.021376870210882054
    },
    {
      "date": "2022-01-29T00:00:00",
      "quarter_label": "2022-01 (Q1)",
      "revenue": 1342978000,
      "gross_profit": 686434000,
      "operating_income": 34652000,
      "net_income": 6168000,
      "opex": 651782000,
      "cogs": 656544000,
      "rd": 399269000,
      "sga": 251267000,
      "fcf": 307400000,
      "ocf": 346200000,
      "capex": -38800000,
      "gross_margin": 0.5111282537763091,
      "op_margin": 0.02580235863878634,
      "fcf_margin": 0.22889429313063953,
      "incr_op_margin_yoy": 0.06674749935339964,
      "rev_growth_yoy": 0.6833116283267258,
      "op_leverage_ratio": 2.206212779575821,
      "fcf_margin_change": 0.07376465379260305
    },
    {
      "date": "2022-04-30T00:00:00",
      "quarter_label": "2022-04 (Q2)",
      "revenue": 1446900000,
      "gross_profit": 750900000,
      "operating_income": 69800000,
      "net_income": -165700000,
      "opex": 681100000,
      "cogs": 696000000,
      "rd": 444100000,
      "sga": 235700000,
      "fcf": 157900000,
      "ocf": 194800000,
      "capex": -36900000,
      "gross_margin": 0.5189715944432925,
      "op_margin": 0.04824106710899164,
      "fcf_margin": 0.10912986384684498,
      "incr_op_margin_yoy": 0.24748747602180857,
      "rev_growth_yoy": 0.738479524294137,
      "rev_growth_yoy_accel": 0.05516789596741123,
      "op_leverage_ratio": 1.7203096280265244,
      "fcf_margin_change": -0.11976442928379455
    },
    {
      "date": "2022-07-30T00:00:00",
      "quarter_label": "2022-07 (Q3)",
      "revenue": 1516900000,
      "gross_profit": 786000000,
      "operating_income": 39100000,
      "net_income": 4300000,
      "opex": 746900000,
      "cogs": 730900000,
      "rd": 449000000,
      "sga": 211700000,
      "fcf": 258900000,
      "ocf": 331500000,
      "capex": -72600000,
      "gross_margin": 0.5181620410046806,
      "op_margin": 0.02577625420265014,
      "fcf_margin": 0.17067703869734327,
      "incr_op_margin_yoy": 0.693321602924137,
      "rev_growth_yoy": 0.40991429349528435,
      "rev_growth_yoy_accel": -0.32856523079885264,
      "op_leverage_ratio": 0.5007771567386179,
      "fcf_margin_change": 0.06154717485049829
    },
    {
      "date": "2022-10-29T00:00:00",
      "quarter_label": "2022-10 (Q4)",
      "revenue": 1537300000,
      "gross_profit": 777300000,
      "operating_income": 105800000,
      "net_income": 13300000,
      "opex": 671500000,
      "cogs": 760000000,
      "rd": 448100000,
      "sga": 207800000,
      "fcf": 368300000,
      "ocf": 411000000,
      "capex": -42700000,
      "gross_margin": 0.5056267481948872,
      "op_margin": 0.06882196058023808,
      "fcf_margin": 0.2395758797892409,
      "incr_op_margin_yoy": 0.4267408872736195,
      "rev_growth_yoy": 0.2691899656964528,
      "rev_growth_yoy_accel": -0.14072432779883154,
      "op_leverage_ratio": Infinity,
      "fcf_margin_change": 0.06889884109189762
    },
    {
      "date": "2023-01-28T00:00:00",
      "quarter_label": "2023-01 (Q1)",
      "revenue": 1418500000,
      "gross_profit": 673300000,
      "operating_income": 23300000,
      "net_income": -15400000,
      "opex": 650000000,
      "cogs": 745200000,
      "rd": 443100000,
      "sga": 203400000,
      "fcf": 297500000,
      "ocf": 351500000,
      "capex": -54000000,
      "gross_margin": 0.474656327106098,
      "op_margin": 0.016425801903419104,
      "fcf_margin": 0.20972858653507226,
      "incr_op_margin_yoy": -0.15031381584174147,
      "rev_growth_yoy": 0.05623472610869277,
      "rev_growth_yoy_accel": -0.21295523958776005,
      "fcf_margin_change": -0.029847293254168628
    },
    {
      "date": "2023-04-29T00:00:00",
      "quarter_label": "2023-04 (Q2)",
      "revenue": 1321700000,
      "gross_profit": 557200000,
      "operating_income": -182400000,
      "net_income": -168900000,
      "opex": 739600000,
      "cogs": 764500000,
      "rd": 480700000,
      "sga": 199000000,
      "fcf": 108600000,
      "ocf": 208400000,
      "capex": -99800000,
      "gross_margin": 0.42157827040932133,
      "op_margin": -0.13800408564727246,
      "fcf_margin": 0.08216690625709314,
      "incr_op_margin_yoy": 2.0143769968051117,
      "rev_growth_yoy": -0.08652982237887898,
      "rev_growth_yoy_accel": -0.14276454848757175,
      "fcf_margin_change": -0.12756168027797912
    },
    {
      "date": "2023-07-29T00:00:00",
      "quarter_label": "2023-07 (Q3)",
      "revenue": 1340900000,
      "gross_profit": 521100000,
      "operating_income": -205700000,
      "net_income": -207500000,
      "opex": 726800000,
      "cogs": 819800000,
      "rd": 474800000,
      "sga": 210000000,
      "fcf": 1400000,
      "ocf": 112500000,
      "capex": -111100000,
      "gross_margin": 0.3886195838615855,
      "op_margin": -0.15340442986054142,
      "fcf_margin": 0.0010440748750838989,
      "incr_op_margin_yoy": 1.3909090909090909,
      "rev_growth_yoy": -0.11602610587382162,
      "rev_growth_yoy_accel": -0.02949628349494264,
      "op_leverage_ratio": Infinity,
      "fcf_margin_change": -0.08112283138200924
    },
    {
      "date": "2023-10-28T00:00:00",
      "quarter_label": "2023-10 (Q4)",
      "revenue": 1418600000,
      "gross_profit": 551200000,
      "operating_income": -146300000,
      "net_income": -164300000,
      "opex": 697500000,
      "cogs": 867400000,
      "rd": 481100000,
      "sga": 213000000,
      "fcf": 448600000,
      "ocf": 503000000,
      "capex": -54400000,
      "gross_margin": 0.3885520936134217,
      "op_margin": -0.10312984632736501,
      "fcf_margin": 0.31622726631890596,
      "incr_op_margin_yoy": 2.123841617523168,
      "rev_growth_yoy": -0.07721329603850907,
      "rev_growth_yoy_accel": 0.038812809835312545,
      "op_leverage_ratio": Infinity,
      "fcf_margin_change": 0.31518319144382206
    },
    {
      "date": "2024-02-03T00:00:00",
      "quarter_label": "2024-02 (Q1)",
      "revenue": 1426500000,
      "gross_profit": 664100000,
      "operating_income": -33300000,
      "net_income": -392700000,
      "opex": 697400000,
      "cogs": 762400000,
      "rd": 459600000,
      "sga": 212000000,
      "fcf": 475600000,
      "ocf": 546600000,
      "capex": -71000000,
      "gross_margin": 0.46554504030844723,
      "op_margin": -0.02334384858044164,
      "fcf_margin": 0.33340343498072206,
      "incr_op_margin_yoy": -7.075,
      "rev_growth_yoy": 0.005639760310186817,
      "rev_growth_yoy_accel": 0.08285305634869589,
      "fcf_margin_change": 0.017176168661816094
    },
    {
      "date": "2024-05-04T00:00:00",
      "quarter_label": "2024-05 (Q2)",
      "revenue": 1160900000,
      "gross_profit": 527800000,
      "operating_income": -152300000,
      "net_income": -215600000,
      "opex": 680100000,
      "cogs": 633100000,
      "rd": 476100000,
      "sga": 199900000,
      "fcf": 233000000,
      "ocf": 324500000,
      "capex": -91500000,
      "gross_margin": 0.45464725643896975,
      "op_margin": -0.13119131708157464,
      "fcf_margin": 0.20070634852269792,
      "incr_op_margin_yoy": -0.18718905472636815,
      "rev_growth_yoy": -0.12166149655746387,
      "rev_growth_yoy_accel": -0.1273012568676507,
      "fcf_margin_change": -0.13269708645802414
    },
    {
      "date": "2024-08-03T00:00:00",
      "quarter_label": "2024-08 (Q3)",
      "revenue": 1272900000,
      "gross_profit": 587600000,
      "operating_income": -100400000,
      "net_income": -193300000,
      "opex": 688000000,
      "cogs": 685300000,
      "rd": 486700000,
      "sga": 197300000,
      "fcf": 258200000,
      "ocf": 306400000,
      "capex": -48200000,
      "gross_margin": 0.4616230654411187,
      "op_margin": -0.07887500982009585,
      "fcf_margin": 0.2028438997564616,
      "incr_op_margin_yoy": -1.548529411764706,
      "rev_growth_yoy": -0.0507122082183608,
      "rev_growth_yoy_accel": 0.07094928833910308,
      "op_leverage_ratio": 8.305559523329237,
      "fcf_margin_change": 0.0021375512337636904
    },
    {
      "date": "2024-11-02T00:00:00",
      "quarter_label": "2024-11 (Q4)",
      "revenue": 1516100000,
      "gross_profit": 349400000,
      "operating_income": -702800000,
      "net_income": -676300000,
      "opex": 1052200000,
      "cogs": 1166700000,
      "rd": 488600000,
      "sga": 205300000,
      "fcf": 461300000,
      "ocf": 536300000,
      "capex": -75000000,
      "gross_margin": 0.23045973220763802,
      "op_margin": -0.46355781280918146,
      "fcf_margin": 0.304267528527142,
      "incr_op_margin_yoy": -5.707692307692308,
      "rev_growth_yoy": 0.06872973354010997,
      "rev_growth_yoy_accel": 0.11944194175847078,
      "op_leverage_ratio": 0.36092567793390273,
      "fcf_margin_change": 0.1014236287706804
    },
    {
      "date": "2025-02-01T00:00:00",
      "quarter_label": "2025-02 (Q1)",
      "revenue": 1817400000,
      "gross_profit": 917400000,
      "operating_income": 235200000,
      "net_income": 200200000,
      "opex": 682200000,
      "cogs": 900000000,
      "rd": 499000000,
      "sga": 195700000,
      "fcf": 444100000,
      "ocf": 514000000,
      "capex": -69900000,
      "gross_margin": 0.5047870584351271,
      "op_margin": 0.12941564872895345,
      "fcf_margin": 0.24436007483217784,
      "incr_op_margin_yoy": 0.6868764389869532,
      "rev_growth_yoy": 0.2740273396424816,
      "rev_growth_yoy_accel": 0.20529760610237163,
      "op_leverage_ratio": Infinity,
      "fcf_margin_change": -0.05990745369496417
    },
    {
      "date": "2025-05-03T00:00:00",
      "quarter_label": "2025-05 (Q2)",
      "revenue": 1895300000,
      "gross_profit": 952400000,
      "operating_income": 270600000,
      "net_income": 177900000,
      "opex": 681800000,
      "cogs": 942900000,
      "rd": 507700000,
      "sga": 186400000,
      "fcf": 214100000,
      "ocf": 332900000,
      "capex": -118800000,
      "gross_margin": 0.502506199546246,
      "op_margin": 0.142774230992455,
      "fcf_margin": 0.11296364691605551,
      "incr_op_margin_yoy": 0.5758442265795207,
      "rev_growth_yoy": 0.6326126281333448,
      "rev_growth_yoy_accel": 0.35858528849086324,
      "op_leverage_ratio": Infinity,
      "fcf_margin_change": -0.13139642791612233
    },
    {
      "date": "2025-08-02T00:00:00",
      "quarter_label": "2025-08 (Q3)",
      "revenue": 2006100000,
      "gross_profit": 1010600000,
      "operating_income": 290100000,
      "net_income": 194800000,
      "opex": 720500000,
      "cogs": 995500000,
      "rd": 519000000,
      "sga": 192800000,
      "fcf": 414100000,
      "ocf": 461600000,
      "capex": -47500000,
      "gross_margin": 0.5037635212601566,
      "op_margin": 0.1446089427246897,
      "fcf_margin": 0.2064204177259359,
      "incr_op_margin_yoy": 0.5325968357883252,
      "rev_growth_yoy": 0.5760075418336082,
      "rev_growth_yoy_accel": -0.056605086299736596,
      "op_leverage_ratio": 1.0299302872289415,
      "fcf_margin_change": 0.09345677080988038
    },
    {
      "date": "2025-11-01T00:00:00",
      "quarter_label": "2025-11 (Q4)",
      "revenue": 2074500000,
      "gross_profit": 1069800000,
      "operating_income": 357800000,
      "net_income": 1901300000,
      "opex": 712000000,
      "cogs": 1004700000,
      "rd": 512500000,
      "sga": 189900000,
      "fcf": 508800000,
      "ocf": 582300000,
      "capex": -73500000,
      "gross_margin": 0.5156905278380333,
      "op_margin": 0.17247529525186792,
      "fcf_margin": 0.24526391901663053,
      "incr_op_margin_yoy": 1.899355300859599,
      "rev_growth_yoy": 0.36831343578919595,
      "rev_growth_yoy_accel": -0.2076941060444123,
      "op_leverage_ratio": Infinity,
      "fcf_margin_change": 0.03884350129069464
    }
  ],
  "signals": [
    {
      "quarter": "2025-11 (Q4)",
      "signal": "YoY REVENUE GROWTH DECELERATION",
      "detail": "YoY growth: +36.8% vs prior quarter YoY: +57.6% (decel: -20.8%)",
      "severity": "WARNING"
    },
    {
      "quarter": "2025-11 (Q4)",
      "signal": "OP MARGIN TURNED POSITIVE (YoY)",
      "detail": "Op margin: -46.4% (year-ago) -> +17.2%",
      "severity": "HIGH"
    },
    {
      "quarter": "2025-08 (Q3)",
      "signal": "FCF MARGIN EXPANSION",
      "detail": "FCF margin: +11.3% -> +20.6% (+9.3%)",
      "severity": "MEDIUM"
    },
    {
      "quarter": "2025-08 (Q3)",
      "signal": "YoY REVENUE GROWTH DECELERATION",
      "detail": "YoY growth: +57.6% vs prior quarter YoY: +63.3% (decel: -5.7%)",
      "severity": "WARNING"
    },
    {
      "quarter": "2025-08 (Q3)",
      "signal": "OP MARGIN TURNED POSITIVE (YoY)",
      "detail": "Op margin: -7.9% (year-ago) -> +14.5%",
      "severity": "HIGH"
    },
    {
      "quarter": "2025-05 (Q2)",
      "signal": "YoY REVENUE GROWTH ACCELERATION",
      "detail": "YoY growth: +63.3% vs prior quarter YoY: +27.4% (accel: +35.9%)",
      "severity": "HIGH"
    },
    {
      "quarter": "2025-05 (Q2)",
      "signal": "OP MARGIN TURNED POSITIVE (YoY)",
      "detail": "Op margin: -13.1% (year-ago) -> +14.3%",
      "severity": "HIGH"
    },
    {
      "quarter": "2025-02 (Q1)",
      "signal": "GROSS MARGIN INFLECTION",
      "detail": "GM: +46.2% -> +23.0% -> +50.5% (reversal +27.4%)",
      "severity": "HIGH"
    },
    {
      "quarter": "2025-02 (Q1)",
      "signal": "YoY REVENUE GROWTH ACCELERATION",
      "detail": "YoY growth: +27.4% vs prior quarter YoY: +6.9% (accel: +20.5%)",
      "severity": "HIGH"
    },
    {
      "quarter": "2025-02 (Q1)",
      "signal": "OP MARGIN TURNED POSITIVE (YoY)",
      "detail": "Op margin: -2.3% (year-ago) -> +12.9%",
      "severity": "HIGH"
    },
    {
      "quarter": "2025-02 (Q1)",
      "signal": "OP MARGIN TURNED POSITIVE (QoQ)",
      "detail": "Op margin: -46.4% -> +12.9%",
      "severity": "HIGH"
    },
    {
      "quarter": "2024-11 (Q4)",
      "signal": "FCF MARGIN EXPANSION",
      "detail": "FCF margin: +20.3% -> +30.4% (+10.1%)",
      "severity": "MEDIUM"
    },
    {
      "quarter": "2024-11 (Q4)",
      "signal": "YoY REVENUE GROWTH ACCELERATION",
      "detail": "YoY growth: +6.9% vs prior quarter YoY: -5.1% (accel: +11.9%)",
      "severity": "MEDIUM"
    },
    {
      "quarter": "2024-08 (Q3)",
      "signal": "OPERATING LEVERAGE",
      "detail": "Rev growth +9.6% vs OpEx growth +1.2% (leverage: 8.3x)",
      "severity": "MEDIUM"
    },
    {
      "quarter": "2024-08 (Q3)",
      "signal": "YoY REVENUE GROWTH ACCELERATION",
      "detail": "YoY growth: -5.1% vs prior quarter YoY: -12.2% (accel: +7.1%)",
      "severity": "MEDIUM"
    },
    {
      "quarter": "2024-05 (Q2)",
      "signal": "YoY REVENUE GROWTH DECELERATION",
      "detail": "YoY growth: -12.2% vs prior quarter YoY: +0.6% (decel: -12.7%)",
      "severity": "WARNING"
    },
    {
      "quarter": "2024-02 (Q1)",
      "signal": "GROSS MARGIN INFLECTION",
      "detail": "GM: +38.9% -> +38.9% -> +46.6% (reversal +7.7%)",
      "severity": "HIGH"
    },
    {
      "quarter": "2024-02 (Q1)",
      "signal": "YoY REVENUE GROWTH ACCELERATION",
      "detail": "YoY growth: +0.6% vs prior quarter YoY: -7.7% (accel: +8.3%)",
      "severity": "MEDIUM"
    },
    {
      "quarter": "2023-10 (Q4)",
      "signal": "FCF MARGIN EXPANSION",
      "detail": "FCF margin: +0.1% -> +31.6% (+31.5%)",
      "severity": "MEDIUM"
    },
    {
      "quarter": "2023-04 (Q2)",
      "signal": "YoY REVENUE GROWTH DECELERATION",
      "detail": "YoY growth: -8.7% vs prior quarter YoY: +5.6% (decel: -14.3%)",
      "severity": "WARNING"
    },
    {
      "quarter": "2023-01 (Q1)",
      "signal": "YoY REVENUE GROWTH DECELERATION",
      "detail": "YoY growth: +5.6% vs prior quarter YoY: +26.9% (decel: -21.3%)",
      "severity": "WARNING"
    },
    {
      "quarter": "2022-10 (Q4)",
      "signal": "FCF MARGIN EXPANSION",
      "detail": "FCF margin: +17.1% -> +24.0% (+6.9%)",
      "severity": "MEDIUM"
    },
    {
      "quarter": "2022-10 (Q4)",
      "signal": "YoY REVENUE GROWTH DECELERATION",
      "detail": "YoY growth: +26.9% vs prior quarter YoY: +41.0% (decel: -14.1%)",
      "severity": "WARNING"
    },
    {
      "quarter": "2022-10 (Q4)",
      "signal": "OP MARGIN TURNED POSITIVE (YoY)",
      "detail": "Op margin: -2.8% (year-ago) -> +6.9%",
      "severity": "HIGH"
    },
    {
      "quarter": "2022-07 (Q3)",
      "signal": "FCF MARGIN EXPANSION",
      "detail": "FCF margin: +10.9% -> +17.1% (+6.2%)",
      "severity": "MEDIUM"
    },
    {
      "quarter": "2022-07 (Q3)",
      "signal": "YoY REVENUE GROWTH DECELERATION",
      "detail": "YoY growth: +41.0% vs prior quarter YoY: +73.8% (decel: -32.9%)",
      "severity": "WARNING"
    },
    {
      "quarter": "2022-07 (Q3)",
      "signal": "OP MARGIN TURNED POSITIVE (YoY)",
      "detail": "Op margin: -24.8% (year-ago) -> +2.6%",
      "severity": "HIGH"
    },
    {
      "quarter": "2022-04 (Q2)",
      "signal": "OPERATING LEVERAGE",
      "detail": "Rev growth +7.7% vs OpEx growth +4.5% (leverage: 1.7x)",
      "severity": "MEDIUM"
    },
    {
      "quarter": "2022-04 (Q2)",
      "signal": "YoY REVENUE GROWTH ACCELERATION",
      "detail": "YoY growth: +73.8% vs prior quarter YoY: +68.3% (accel: +5.5%)",
      "severity": "MEDIUM"
    },
    {
      "quarter": "2022-04 (Q2)",
      "signal": "OP MARGIN TURNED POSITIVE (YoY)",
      "detail": "Op margin: -9.9% (year-ago) -> +4.8%",
      "severity": "HIGH"
    },
    {
      "quarter": "2022-01 (Q1)",
      "signal": "FCF MARGIN EXPANSION",
      "detail": "FCF margin: +15.5% -> +22.9% (+7.4%)",
      "severity": "MEDIUM"
    },
    {
      "quarter": "2022-01 (Q1)",
      "signal": "OPERATING LEVERAGE",
      "detail": "Rev growth +10.9% vs OpEx growth +4.9% (leverage: 2.2x)",
      "severity": "MEDIUM"
    },
    {
      "quarter": "2022-01 (Q1)",
      "signal": "OP MARGIN TURNED POSITIVE (YoY)",
      "detail": "Op margin: -0.2% (year-ago) -> +2.6%",
      "severity": "HIGH"
    },
    {
      "quarter": "2022-01 (Q1)",
      "signal": "OP MARGIN TURNED POSITIVE (QoQ)",
      "detail": "Op margin: -2.8% -> +2.6%",
      "severity": "HIGH"
    },
    {
      "quarter": "2021-10 (Q4)",
      "signal": "GROSS MARGIN INFLECTION",
      "detail": "GM: +50.2% -> +34.6% -> +48.5% (reversal +14.0%)",
      "severity": "HIGH"
    },
    {
      "quarter": "2021-07 (Q3)",
      "signal": "FCF TURNED POSITIVE",
      "detail": "FCF margin: -4.2% -> +17.7%",
      "severity": "HIGH"
    }
  ],
  "data_quality": {
    "n_quarters": 20,
    "coverage": {
      "revenue": [
        20,
        20
      ],
      "gross_profit": [
        20,
        20
      ],
      "op_income": [
        20,
        20
      ],
      "fcf": [
        20,
        20
      ]
    },
    "gaps": [],
    "warnings": []
  },
  "market_cap": null,
  "source": "SEC EDGAR",
  "last_updated": "2026-02-02T19:54:45.946862",
  "sector": "Technology",
  "industry": "Semiconductors"
}