{
  "ticker": "MSA",
  "name": "MSA SAFETY INCORPORATED",
  "sector": "Industrials",
  "industry": "Security & Protection Services",
  "quarters": [
    {
      "date": "2021-03-31T00:00:00",
      "quarter_label": "2021-03 (Q1)",
      "revenue": 308428000,
      "gross_profit": 134740000,
      "operating_income": 44038000,
      "net_income": 36414000,
      "opex": 90702000,
      "cogs": 173688000,
      "rd": 13234000,
      "sga": 75463000,
      "fcf": 36034000,
      "ocf": 45616000,
      "capex": -9582000,
      "gross_margin": 0.4368604666243013,
      "op_margin": 0.14278210797982024,
      "fcf_margin": 0.11683115670431997
    },
    {
      "date": "2021-06-30T00:00:00",
      "quarter_label": "2021-06 (Q2)",
      "revenue": 341289000,
      "gross_profit": 152915000,
      "operating_income": 35050000,
      "net_income": 25125000,
      "opex": 117865000,
      "cogs": 188374000,
      "rd": 13970000,
      "sga": 83426000,
      "fcf": 27592000,
      "ocf": 38298000,
      "capex": -10706000,
      "gross_margin": 0.44805135823305176,
      "op_margin": 0.10269888569511469,
      "fcf_margin": 0.0808464380627562,
      "op_leverage_ratio": 0.3557673652916206,
      "fcf_margin_change": -0.03598471864156377
    },
    {
      "date": "2021-09-30T00:00:00",
      "quarter_label": "2021-09 (Q3)",
      "revenue": 340197000,
      "gross_profit": 145998000,
      "operating_income": 28961000,
      "net_income": 18823000,
      "opex": 117037000,
      "cogs": 194199000,
      "rd": 14946000,
      "sga": 87450000,
      "fcf": 35554000,
      "ocf": 46229000,
      "capex": -10675000,
      "gross_margin": 0.4291572236086738,
      "op_margin": 0.08513008639112044,
      "fcf_margin": 0.10451003389212721,
      "fcf_margin_change": 0.023663595829371012
    },
    {
      "date": "2021-12-31T00:00:00",
      "quarter_label": "2021-12 (Q4)",
      "revenue": 410268000,
      "gross_profit": 178124000,
      "operating_income": -85269000,
      "net_income": -61476000,
      "opex": 263393000,
      "cogs": 228571000,
      "rd": 15644000,
      "sga": 86523000,
      "fcf": 56128000,
      "ocf": 69002000,
      "capex": -12874000,
      "gross_margin": 0.4341649848391783,
      "op_margin": -0.2078373160958203,
      "fcf_margin": 0.13680813517018145,
      "op_leverage_ratio": 0.1647101965889419,
      "fcf_margin_change": 0.03229810127805424
    },
    {
      "date": "2022-03-31T00:00:00",
      "quarter_label": "2022-03 (Q1)",
      "revenue": 330692000,
      "gross_profit": 142784000,
      "operating_income": 42668000,
      "net_income": 35542000,
      "opex": 100116000,
      "cogs": 187908000,
      "rd": 13333000,
      "sga": 78551000,
      "fcf": 16547000,
      "ocf": 24523000,
      "capex": -7976000,
      "gross_margin": 0.4317733722013233,
      "op_margin": 0.1290264052350828,
      "fcf_margin": 0.05003749712723622,
      "incr_op_margin_yoy": -0.06153431548688466,
      "rev_growth_yoy": 0.07218540469736859,
      "fcf_margin_change": -0.08677063804294523
    },
    {
      "date": "2022-06-30T00:00:00",
      "quarter_label": "2022-06 (Q2)",
      "revenue": 372313000,
      "gross_profit": 164400000,
      "operating_income": 61536000,
      "net_income": 47693000,
      "opex": 102864000,
      "cogs": 207913000,
      "rd": 15268000,
      "sga": 86076000,
      "fcf": 3624000,
      "ocf": 15453000,
      "capex": -11829000,
      "gross_margin": 0.4415639529105887,
      "op_margin": 0.16528028835952546,
      "fcf_margin": 0.009733745531313707,
      "incr_op_margin_yoy": 0.8537261474987107,
      "rev_growth_yoy": 0.09090243166348755,
      "rev_growth_yoy_accel": 0.01871702696611896,
      "op_leverage_ratio": 4.5853826463252885,
      "fcf_margin_change": -0.04030375159592252
    },
    {
      "date": "2022-09-30T00:00:00",
      "quarter_label": "2022-09 (Q3)",
      "revenue": 381694000,
      "gross_profit": 169395000,
      "operating_income": 64313000,
      "net_income": 44906000,
      "opex": 105082000,
      "cogs": 212299000,
      "rd": 14416000,
      "sga": 82753000,
      "fcf": 54979000,
      "ocf": 63927000,
      "capex": -8948000,
      "gross_margin": 0.443797911415951,
      "op_margin": 0.16849361006460672,
      "fcf_margin": 0.14403946616923505,
      "incr_op_margin_yoy": 0.8519170060486301,
      "rev_growth_yoy": 0.12197932374477141,
      "rev_growth_yoy_accel": 0.031076892081283863,
      "op_leverage_ratio": 1.168537897724763,
      "fcf_margin_change": 0.13430572063792134
    },
    {
      "date": "2022-12-31T00:00:00",
      "quarter_label": "2022-12 (Q4)",
      "revenue": 443254000,
      "gross_profit": 197252000,
      "operating_income": 70620000,
      "net_income": 51489000,
      "opex": 126632000,
      "cogs": 246002000,
      "rd": 13995000,
      "sga": 91494000,
      "fcf": 39752000,
      "ocf": 53552000,
      "capex": -13800000,
      "gross_margin": 0.44500895648995836,
      "op_margin": 0.15932174328940066,
      "fcf_margin": 0.08968221380968926,
      "incr_op_margin_yoy": 4.72591402413145,
      "rev_growth_yoy": 0.08040110366882136,
      "rev_growth_yoy_accel": -0.04157822007595005,
      "op_leverage_ratio": 0.7864377165284805,
      "fcf_margin_change": -0.05435725235954579
    },
    {
      "date": "2023-03-31T00:00:00",
      "quarter_label": "2023-03 (Q1)",
      "revenue": 398262000,
      "gross_profit": 181398000,
      "operating_income": -60061000,
      "net_income": -150173000,
      "opex": 241459000,
      "cogs": 216864000,
      "rd": 15232000,
      "sga": 91091000,
      "fcf": -294311000,
      "ocf": -285909000,
      "capex": -8402000,
      "gross_margin": 0.4554740346806876,
      "op_margin": -0.15080775971596588,
      "fcf_margin": -0.7389884046180655,
      "incr_op_margin_yoy": -1.5203344679591535,
      "rev_growth_yoy": 0.20432910381865904,
      "rev_growth_yoy_accel": 0.12392800014983768,
      "fcf_margin_change": -0.8286706184277547
    },
    {
      "date": "2023-06-30T00:00:00",
      "quarter_label": "2023-06 (Q2)",
      "revenue": 447299000,
      "gross_profit": 213796000,
      "operating_income": 95008000,
      "net_income": 67090000,
      "opex": 118788000,
      "cogs": 233503000,
      "rd": 15992000,
      "sga": 96336000,
      "fcf": 85148000,
      "ocf": 95068000,
      "capex": -9920000,
      "gross_margin": 0.4779711110465259,
      "op_margin": 0.21240378359889023,
      "fcf_margin": 0.1903603629786787,
      "incr_op_margin_yoy": 0.44637665697596884,
      "rev_growth_yoy": 0.20140580640482605,
      "rev_growth_yoy_accel": -0.002923297413832987,
      "op_leverage_ratio": null,
      "fcf_margin_change": 0.9293487675967442
    },
    {
      "date": "2023-09-30T00:00:00",
      "quarter_label": "2023-09 (Q3)",
      "revenue": 446728000,
      "gross_profit": 218761000,
      "operating_income": 94123000,
      "net_income": 65256000,
      "opex": 124638000,
      "cogs": 227967000,
      "rd": 17682000,
      "sga": 102175000,
      "fcf": 112127000,
      "ocf": 124784000,
      "capex": -12657000,
      "gross_margin": 0.4896961909707921,
      "op_margin": 0.2106942031840404,
      "fcf_margin": 0.2509961318744292,
      "incr_op_margin_yoy": 0.45837561890703327,
      "rev_growth_yoy": 0.1703825577556891,
      "rev_growth_yoy_accel": -0.031023248649136942,
      "fcf_margin_change": 0.06063576889575051
    },
    {
      "date": "2023-12-31T00:00:00",
      "quarter_label": "2023-12 (Q4)",
      "revenue": 495358000,
      "gross_profit": 238183000,
      "operating_income": 102250000,
      "net_income": 76410000,
      "opex": 135933000,
      "cogs": 257174000,
      "rd": 19082000,
      "sga": 107043000,
      "fcf": 147129000,
      "ocf": 158914000,
      "capex": -11785000,
      "gross_margin": 0.48083002596102214,
      "op_margin": 0.20641636957513557,
      "fcf_margin": 0.29701549182611364,
      "incr_op_margin_yoy": 0.6070551205281745,
      "rev_growth_yoy": 0.11754885460706502,
      "rev_growth_yoy_accel": -0.052833703148624095,
      "op_leverage_ratio": 1.2012276818122827,
      "fcf_margin_change": 0.046019359951684435
    },
    {
      "date": "2024-03-31T00:00:00",
      "quarter_label": "2024-03 (Q1)",
      "revenue": 413302000,
      "gross_profit": 195531000,
      "operating_income": 80112000,
      "net_income": 58139000,
      "opex": 115419000,
      "cogs": 217771000,
      "rd": 15919000,
      "sga": 94150000,
      "fcf": 39667000,
      "ocf": 50886000,
      "capex": -11219000,
      "gross_margin": 0.4730947346008488,
      "op_margin": 0.19383404871014415,
      "fcf_margin": 0.09597582397375284,
      "incr_op_margin_yoy": 9.32001329787234,
      "rev_growth_yoy": 0.037764084949103854,
      "rev_growth_yoy_accel": -0.07978476965796116,
      "fcf_margin_change": -0.2010396678523608
    },
    {
      "date": "2024-06-30T00:00:00",
      "quarter_label": "2024-06 (Q2)",
      "revenue": 462463000,
      "gross_profit": 223029000,
      "operating_income": 99944000,
      "net_income": 72234000,
      "opex": 123085000,
      "cogs": 239434000,
      "rd": 17070000,
      "sga": 105075000,
      "fcf": 38961000,
      "ocf": 53302000,
      "capex": -14341000,
      "gross_margin": 0.4822634459405401,
      "op_margin": 0.21611242412906545,
      "fcf_margin": 0.08424673973917914,
      "incr_op_margin_yoy": 0.3255077815879715,
      "rev_growth_yoy": 0.0339012606779805,
      "rev_growth_yoy_accel": -0.0038628242711233537,
      "op_leverage_ratio": 1.7908602372910163,
      "fcf_margin_change": -0.011729084234573708
    },
    {
      "date": "2024-09-30T00:00:00",
      "quarter_label": "2024-09 (Q3)",
      "revenue": 432679000,
      "gross_profit": 207456000,
      "operating_income": 91477000,
      "net_income": 66648000,
      "opex": 115979000,
      "cogs": 225223000,
      "rd": 16707000,
      "sga": 95103000,
      "fcf": 70078000,
      "ocf": 84332000,
      "capex": -14254000,
      "gross_margin": 0.47946861299023064,
      "op_margin": 0.21142001345108036,
      "fcf_margin": 0.16196302570727952,
      "incr_op_margin_yoy": 0.18834080717488788,
      "rev_growth_yoy": -0.03144866675023728,
      "rev_growth_yoy_accel": -0.06534992742821778,
      "fcf_margin_change": 0.07771628596810039
    },
    {
      "date": "2024-12-31T00:00:00",
      "quarter_label": "2024-12 (Q4)",
      "revenue": 499696000,
      "gross_profit": 234429000,
      "operating_income": 117644000,
      "net_income": 87946000,
      "opex": 116785000,
      "cogs": 265268000,
      "rd": 16831000,
      "sga": 100378000,
      "fcf": 93499000,
      "ocf": 107908000,
      "capex": -14409000,
      "gross_margin": 0.46914323908936634,
      "op_margin": 0.23543114213441774,
      "fcf_margin": 0.1871117639524831,
      "incr_op_margin_yoy": 3.548639926233287,
      "rev_growth_yoy": 0.008757302799187659,
      "rev_growth_yoy_accel": 0.040205969549424944,
      "op_leverage_ratio": 22.287609175329074,
      "fcf_margin_change": 0.025148738245203583
    },
    {
      "date": "2025-03-31T00:00:00",
      "quarter_label": "2025-03 (Q1)",
      "revenue": 421340000,
      "gross_profit": 193395000,
      "operating_income": 77761000,
      "net_income": 59605000,
      "opex": 115634000,
      "cogs": 227945000,
      "rd": 15669000,
      "sga": 93965000,
      "fcf": 51049000,
      "ocf": 61833000,
      "capex": -10784000,
      "gross_margin": 0.4589998575971899,
      "op_margin": 0.1845564152465942,
      "fcf_margin": 0.12115868419803484,
      "incr_op_margin_yoy": -0.2924856929584474,
      "rev_growth_yoy": 0.019448248496256974,
      "rev_growth_yoy_accel": 0.010690945697069316,
      "fcf_margin_change": -0.06595307975444827
    },
    {
      "date": "2025-06-30T00:00:00",
      "quarter_label": "2025-06 (Q2)",
      "revenue": 474116000,
      "gross_profit": 220710000,
      "operating_income": 85862000,
      "net_income": 62773000,
      "opex": 134848000,
      "cogs": 253406000,
      "rd": 16996000,
      "sga": 112078000,
      "fcf": 37884000,
      "ocf": 67218000,
      "capex": -29334000,
      "gross_margin": 0.46551898691459476,
      "op_margin": 0.1810991402947802,
      "fcf_margin": 0.07990449594613977,
      "incr_op_margin_yoy": -1.2084441774650305,
      "rev_growth_yoy": 0.025197691490994954,
      "rev_growth_yoy_accel": 0.00574944299473798,
      "op_leverage_ratio": 0.7538267468249734,
      "fcf_margin_change": -0.04125418825189507
    },
    {
      "date": "2025-09-30T00:00:00",
      "quarter_label": "2025-09 (Q3)",
      "revenue": 468445000,
      "gross_profit": 217616000,
      "operating_income": 94310000,
      "net_income": 69613000,
      "opex": 123306000,
      "cogs": 250829000,
      "rd": 16521000,
      "sga": 102852000,
      "fcf": 100476000,
      "ocf": 112462000,
      "capex": -11986000,
      "gross_margin": 0.4645497336933898,
      "op_margin": 0.20132566256444193,
      "fcf_margin": 0.21448836042651753,
      "incr_op_margin_yoy": 0.07920930492646648,
      "rev_growth_yoy": 0.08266174230780787,
      "rev_growth_yoy_accel": 0.05746405081681292,
      "fcf_margin_change": 0.13458386448037776
    },
    {
      "date": "2025-12-31T00:00:00",
      "quarter_label": "2025-12 (Q4)",
      "revenue": 510913000,
      "gross_profit": 239392000,
      "operating_income": 113885000,
      "net_income": 86933000,
      "opex": 125507000,
      "cogs": 271522000,
      "rd": 16157000,
      "sga": 105359000,
      "fcf": 106020000,
      "ocf": 122354000,
      "capex": -16334000,
      "gross_margin": 0.46855726904580625,
      "op_margin": 0.222904878129936,
      "fcf_margin": 0.20751086779941008,
      "incr_op_margin_yoy": -0.33511634126771866,
      "rev_growth_yoy": 0.022447648170087414,
      "rev_growth_yoy_accel": -0.060214094137720456,
      "op_leverage_ratio": 5.078873172514384,
      "fcf_margin_change": -0.006977492627107451
    }
  ],
  "signals": [
    {
      "quarter": "2025-12 (Q4)",
      "signal": "OPERATING LEVERAGE",
      "detail": "Rev growth +9.1% vs OpEx growth +1.8% (leverage: 5.1x)",
      "severity": "MEDIUM"
    },
    {
      "quarter": "2025-12 (Q4)",
      "signal": "YoY REVENUE GROWTH DECELERATION",
      "detail": "YoY growth: +2.2% vs prior quarter YoY: +8.3% (decel: -6.0%)",
      "severity": "WARNING"
    },
    {
      "quarter": "2025-09 (Q3)",
      "signal": "FCF MARGIN EXPANSION",
      "detail": "FCF margin: +8.0% -> +21.4% (+13.5%)",
      "severity": "MEDIUM"
    },
    {
      "quarter": "2025-09 (Q3)",
      "signal": "YoY REVENUE GROWTH ACCELERATION",
      "detail": "YoY growth: +8.3% vs prior quarter YoY: +2.5% (accel: +5.7%)",
      "severity": "MEDIUM"
    },
    {
      "quarter": "2024-12 (Q4)",
      "signal": "OPERATING LEVERAGE",
      "detail": "Rev growth +15.5% vs OpEx growth +0.7% (leverage: 22.3x)",
      "severity": "MEDIUM"
    },
    {
      "quarter": "2024-12 (Q4)",
      "signal": "INCREMENTAL MARGIN (YoY)",
      "detail": "YoY Incr OPM: +354.9% vs year-ago OPM: +20.6%",
      "severity": "HIGH"
    },
    {
      "quarter": "2024-09 (Q3)",
      "signal": "FCF MARGIN EXPANSION",
      "detail": "FCF margin: +8.4% -> +16.2% (+7.8%)",
      "severity": "MEDIUM"
    },
    {
      "quarter": "2024-09 (Q3)",
      "signal": "YoY REVENUE GROWTH DECELERATION",
      "detail": "YoY growth: -3.1% vs prior quarter YoY: +3.4% (decel: -6.5%)",
      "severity": "WARNING"
    },
    {
      "quarter": "2024-06 (Q2)",
      "signal": "OPERATING LEVERAGE",
      "detail": "Rev growth +11.9% vs OpEx growth +6.6% (leverage: 1.8x)",
      "severity": "MEDIUM"
    },
    {
      "quarter": "2024-06 (Q2)",
      "signal": "INCREMENTAL MARGIN (YoY)",
      "detail": "YoY Incr OPM: +32.6% vs year-ago OPM: +21.2%",
      "severity": "MEDIUM"
    },
    {
      "quarter": "2024-03 (Q1)",
      "signal": "YoY REVENUE GROWTH DECELERATION",
      "detail": "YoY growth: +3.8% vs prior quarter YoY: +11.8% (decel: -8.0%)",
      "severity": "WARNING"
    },
    {
      "quarter": "2024-03 (Q1)",
      "signal": "OP MARGIN TURNED POSITIVE (YoY)",
      "detail": "Op margin: -15.1% (year-ago) -> +19.4%",
      "severity": "HIGH"
    },
    {
      "quarter": "2023-12 (Q4)",
      "signal": "YoY REVENUE GROWTH DECELERATION",
      "detail": "YoY growth: +11.8% vs prior quarter YoY: +17.0% (decel: -5.3%)",
      "severity": "WARNING"
    },
    {
      "quarter": "2023-12 (Q4)",
      "signal": "INCREMENTAL MARGIN (YoY)",
      "detail": "YoY Incr OPM: +60.7% vs year-ago OPM: +15.9%",
      "severity": "HIGH"
    },
    {
      "quarter": "2023-09 (Q3)",
      "signal": "FCF MARGIN EXPANSION",
      "detail": "FCF margin: +19.0% -> +25.1% (+6.1%)",
      "severity": "MEDIUM"
    },
    {
      "quarter": "2023-09 (Q3)",
      "signal": "INCREMENTAL MARGIN (YoY)",
      "detail": "YoY Incr OPM: +45.8% vs year-ago OPM: +16.8%",
      "severity": "HIGH"
    },
    {
      "quarter": "2023-06 (Q2)",
      "signal": "FCF TURNED POSITIVE",
      "detail": "FCF margin: -73.9% -> +19.0%",
      "severity": "HIGH"
    },
    {
      "quarter": "2023-06 (Q2)",
      "signal": "INCREMENTAL MARGIN (YoY)",
      "detail": "YoY Incr OPM: +44.6% vs year-ago OPM: +16.5%",
      "severity": "HIGH"
    },
    {
      "quarter": "2023-06 (Q2)",
      "signal": "OP MARGIN TURNED POSITIVE (QoQ)",
      "detail": "Op margin: -15.1% -> +21.2%",
      "severity": "HIGH"
    },
    {
      "quarter": "2023-03 (Q1)",
      "signal": "YoY REVENUE GROWTH ACCELERATION",
      "detail": "YoY growth: +20.4% vs prior quarter YoY: +8.0% (accel: +12.4%)",
      "severity": "MEDIUM"
    },
    {
      "quarter": "2022-12 (Q4)",
      "signal": "OP MARGIN TURNED POSITIVE (YoY)",
      "detail": "Op margin: -20.8% (year-ago) -> +15.9%",
      "severity": "HIGH"
    },
    {
      "quarter": "2022-09 (Q3)",
      "signal": "FCF MARGIN EXPANSION",
      "detail": "FCF margin: +1.0% -> +14.4% (+13.4%)",
      "severity": "MEDIUM"
    },
    {
      "quarter": "2022-09 (Q3)",
      "signal": "INCREMENTAL MARGIN (YoY)",
      "detail": "YoY Incr OPM: +85.2% vs year-ago OPM: +8.5%",
      "severity": "HIGH"
    },
    {
      "quarter": "2022-06 (Q2)",
      "signal": "OPERATING LEVERAGE",
      "detail": "Rev growth +12.6% vs OpEx growth +2.7% (leverage: 4.6x)",
      "severity": "MEDIUM"
    },
    {
      "quarter": "2022-06 (Q2)",
      "signal": "INCREMENTAL MARGIN (YoY)",
      "detail": "YoY Incr OPM: +85.4% vs year-ago OPM: +10.3%",
      "severity": "HIGH"
    },
    {
      "quarter": "2022-03 (Q1)",
      "signal": "OP MARGIN TURNED POSITIVE (QoQ)",
      "detail": "Op margin: -20.8% -> +12.9%",
      "severity": "HIGH"
    }
  ],
  "data_quality": {
    "n_quarters": 20,
    "coverage": {
      "revenue": [
        20,
        20
      ],
      "gross_profit": [
        20,
        20
      ],
      "op_income": [
        20,
        20
      ],
      "fcf": [
        20,
        20
      ]
    },
    "gaps": [],
    "warnings": []
  },
  "market_cap": null,
  "source": "SEC EDGAR",
  "last_updated": "2026-02-13T11:37:00.433371"
}