{
  "ticker": "MSCI",
  "name": "MSCI Inc.",
  "quarters": [
    {
      "date": "2020-12-31T00:00:00",
      "quarter_label": "2020-12 (Q4)",
      "revenue": 443661000,
      "gross_profit": 367726000,
      "operating_income": 234085000,
      "net_income": 156216000,
      "opex": 209576000,
      "cogs": 75935000,
      "rd": 27056000,
      "sga": null,
      "fcf": 226254000,
      "ocf": 235928000,
      "capex": -9674000,
      "gross_margin": 0.8288445457229732,
      "op_margin": 0.5276213144720857,
      "fcf_margin": 0.5099704504114628
    },
    {
      "date": "2021-03-31T00:00:00",
      "quarter_label": "2021-03 (Q1)",
      "revenue": 478423000,
      "gross_profit": 392643000,
      "operating_income": 254375000,
      "net_income": 196819000,
      "opex": 224048000,
      "cogs": 85780000,
      "rd": 24862000,
      "sga": null,
      "fcf": 214793000,
      "ocf": 215457000,
      "capex": -664000,
      "gross_margin": 0.8207026000004181,
      "op_margin": 0.531694755477893,
      "fcf_margin": 0.44896043877489167,
      "op_leverage_ratio": 1.1346619587010336,
      "fcf_margin_change": -0.06101001163657116
    },
    {
      "date": "2021-06-30T00:00:00",
      "quarter_label": "2021-06 (Q2)",
      "revenue": 498180000,
      "gross_profit": 410853000,
      "operating_income": 257533000,
      "net_income": 165423000,
      "opex": 240647000,
      "cogs": 87327000,
      "rd": 27531000,
      "sga": null,
      "fcf": 223248000,
      "ocf": 225057000,
      "capex": -1809000,
      "gross_margin": 0.8247079368902807,
      "op_margin": 0.516947689590108,
      "fcf_margin": 0.4481271829459232,
      "op_leverage_ratio": 0.5574014528600078,
      "fcf_margin_change": -0.0008332558289684822
    },
    {
      "date": "2021-09-30T00:00:00",
      "quarter_label": "2021-09 (Q3)",
      "revenue": 517099000,
      "gross_profit": 427425000,
      "operating_income": 280230000,
      "net_income": 169876000,
      "opex": 236869000,
      "cogs": 89674000,
      "rd": 28352000,
      "sga": null,
      "fcf": 211245000,
      "ocf": 215891000,
      "capex": -4646000,
      "gross_margin": 0.8265825306179281,
      "op_margin": 0.5419271744868971,
      "fcf_margin": 0.4085194517877621,
      "op_leverage_ratio": Infinity,
      "fcf_margin_change": -0.039607731158161075
    },
    {
      "date": "2021-12-31T00:00:00",
      "quarter_label": "2021-12 (Q4)",
      "revenue": 549842000,
      "gross_profit": 453939000,
      "operating_income": 280587000,
      "net_income": 193865000,
      "opex": 269255000,
      "cogs": 95903000,
      "rd": 30819000,
      "sga": null,
      "fcf": 273274000,
      "ocf": 279664000,
      "capex": -6390000,
      "gross_margin": 0.8255808032125592,
      "op_margin": 0.5103047784636314,
      "fcf_margin": 0.49700459404701713,
      "incr_op_margin_yoy": 0.4379502924251985,
      "rev_growth_yoy": 0.23932912741935847,
      "op_leverage_ratio": 0.46312229129177823,
      "fcf_margin_change": 0.08848514225925502
    },
    {
      "date": "2022-03-31T00:00:00",
      "quarter_label": "2022-03 (Q1)",
      "revenue": 559945000,
      "gross_profit": 457174000,
      "operating_income": 288978000,
      "net_income": 228423000,
      "opex": 270967000,
      "cogs": 102771000,
      "rd": 28322000,
      "sga": null,
      "fcf": 242930000,
      "ocf": 244184000,
      "capex": -1254000,
      "gross_margin": 0.8164623311218067,
      "op_margin": 0.5160828295636178,
      "fcf_margin": 0.43384618132137975,
      "incr_op_margin_yoy": 0.4244621083879198,
      "rev_growth_yoy": 0.17039732621550385,
      "rev_growth_yoy_accel": -0.06893180120385461,
      "op_leverage_ratio": 2.8898310883072034,
      "fcf_margin_change": -0.06315841272563738
    },
    {
      "date": "2022-06-30T00:00:00",
      "quarter_label": "2022-06 (Q2)",
      "revenue": 551806000,
      "gross_profit": 451038000,
      "operating_income": 300381000,
      "net_income": 210587000,
      "opex": 251425000,
      "cogs": 100768000,
      "rd": 23916000,
      "sga": null,
      "fcf": 209206000,
      "ocf": 212689000,
      "capex": -3483000,
      "gross_margin": 0.8173850954864572,
      "op_margin": 0.5443597931156965,
      "fcf_margin": 0.37912962164238884,
      "incr_op_margin_yoy": 0.7990154029761682,
      "rev_growth_yoy": 0.10764382351760408,
      "rev_growth_yoy_accel": -0.06275350269789977,
      "fcf_margin_change": -0.05471655967899092
    },
    {
      "date": "2022-09-30T00:00:00",
      "quarter_label": "2022-09 (Q3)",
      "revenue": 560639000,
      "gross_profit": 462221000,
      "operating_income": 309531000,
      "net_income": 216592000,
      "opex": 251108000,
      "cogs": 98418000,
      "rd": 25941000,
      "sga": null,
      "fcf": 319794000,
      "ocf": 323069000,
      "capex": -3275000,
      "gross_margin": 0.8244538820881173,
      "op_margin": 0.552103938541557,
      "fcf_margin": 0.5704098359193706,
      "incr_op_margin_yoy": 0.6729673863114377,
      "rev_growth_yoy": 0.08420051092730792,
      "rev_growth_yoy_accel": -0.023443312590296167,
      "op_leverage_ratio": Infinity,
      "fcf_margin_change": 0.19128021427698172
    },
    {
      "date": "2022-12-31T00:00:00",
      "quarter_label": "2022-12 (Q4)",
      "revenue": 576208000,
      "gross_profit": 473824000,
      "operating_income": 308750000,
      "net_income": 214971000,
      "opex": 267458000,
      "cogs": 102384000,
      "rd": 29026000,
      "sga": null,
      "fcf": 309822000,
      "ocf": 315427000,
      "capex": -5605000,
      "gross_margin": 0.8223141643295476,
      "op_margin": 0.5358308110959931,
      "fcf_margin": 0.5376912503818065,
      "incr_op_margin_yoy": 1.068155958431313,
      "rev_growth_yoy": 0.0479519571076782,
      "rev_growth_yoy_accel": -0.036248553819629714,
      "op_leverage_ratio": 0.42650114867562683,
      "fcf_margin_change": -0.032718585537564016
    },
    {
      "date": "2023-03-31T00:00:00",
      "quarter_label": "2023-03 (Q1)",
      "revenue": 592218000,
      "gross_profit": 483571000,
      "operating_income": 314602000,
      "net_income": 238728000,
      "opex": 277616000,
      "cogs": 108647000,
      "rd": 31323000,
      "sga": null,
      "fcf": 257916000,
      "ocf": 264141000,
      "capex": -6225000,
      "gross_margin": 0.8165422192503436,
      "op_margin": 0.5312266766629856,
      "fcf_margin": 0.4355085458395388,
      "incr_op_margin_yoy": 0.7939763889319246,
      "rev_growth_yoy": 0.057636017823179064,
      "rev_growth_yoy_accel": 0.009684060715500861,
      "op_leverage_ratio": 0.7315759710920604,
      "fcf_margin_change": -0.10218270454226774
    },
    {
      "date": "2023-06-30T00:00:00",
      "quarter_label": "2023-06 (Q2)",
      "revenue": 621157000,
      "gross_profit": 511091000,
      "operating_income": 345953000,
      "net_income": 246825000,
      "opex": 275204000,
      "cogs": 110066000,
      "rd": 30140000,
      "sga": null,
      "fcf": 282651000,
      "ocf": 291804000,
      "capex": -9153000,
      "gross_margin": 0.8228048625387785,
      "op_margin": 0.556949370288027,
      "fcf_margin": 0.4550395471676243,
      "incr_op_margin_yoy": 0.6571210220472669,
      "rev_growth_yoy": 0.12568003972410594,
      "rev_growth_yoy_accel": 0.06804402190092687,
      "op_leverage_ratio": Infinity,
      "fcf_margin_change": 0.019531001328085495
    },
    {
      "date": "2023-09-30T00:00:00",
      "quarter_label": "2023-09 (Q3)",
      "revenue": 625439000,
      "gross_profit": 520128000,
      "operating_income": 353309000,
      "net_income": 259659000,
      "opex": 272130000,
      "cogs": 105311000,
      "rd": 31438000,
      "sga": null,
      "fcf": 287567000,
      "ocf": 291131000,
      "capex": -3564000,
      "gross_margin": 0.8316206696416437,
      "op_margin": 0.5648976159145817,
      "fcf_margin": 0.45978424754452474,
      "incr_op_margin_yoy": 0.6755864197530864,
      "rev_growth_yoy": 0.11558239794234793,
      "rev_growth_yoy_accel": -0.01009764178175801,
      "fcf_margin_change": 0.004744700376900446
    },
    {
      "date": "2023-12-31T00:00:00",
      "quarter_label": "2023-12 (Q4)",
      "revenue": 690106000,
      "gross_profit": 567549000,
      "operating_income": 370745000,
      "net_income": 403380000,
      "opex": 319361000,
      "cogs": 122557000,
      "rd": 39220000,
      "sga": null,
      "fcf": 385138000,
      "ocf": 388953000,
      "capex": -3815000,
      "gross_margin": 0.822408441601725,
      "op_margin": 0.5372290633612807,
      "fcf_margin": 0.5580852796526911,
      "incr_op_margin_yoy": 0.5443027972396355,
      "rev_growth_yoy": 0.1976682031488629,
      "rev_growth_yoy_accel": 0.08208580520651498,
      "op_leverage_ratio": 0.5957266598558522,
      "fcf_margin_change": 0.09830103210816632
    },
    {
      "date": "2024-03-31T00:00:00",
      "quarter_label": "2024-03 (Q1)",
      "revenue": 679965000,
      "gross_profit": 551451000,
      "operating_income": 339382000,
      "net_income": 255954000,
      "opex": 340583000,
      "cogs": 128514000,
      "rd": 40525000,
      "sga": null,
      "fcf": 295866000,
      "ocf": 300137000,
      "capex": -4271000,
      "gross_margin": 0.8109990955416823,
      "op_margin": 0.4991168663092953,
      "fcf_margin": 0.4351194546778143,
      "incr_op_margin_yoy": 0.2824028171903313,
      "rev_growth_yoy": 0.14816672238939038,
      "rev_growth_yoy_accel": -0.04950148075947253,
      "fcf_margin_change": -0.12296582497487674
    },
    {
      "date": "2024-06-30T00:00:00",
      "quarter_label": "2024-06 (Q2)",
      "revenue": 707949000,
      "gross_profit": 579840000,
      "operating_income": 382608000,
      "net_income": 266758000,
      "opex": 325341000,
      "cogs": 128109000,
      "rd": 41073000,
      "sga": null,
      "fcf": 340630000,
      "ocf": 349248000,
      "capex": -8618000,
      "gross_margin": 0.8190420496391689,
      "op_margin": 0.5404457100723358,
      "fcf_margin": 0.4811504783536667,
      "incr_op_margin_yoy": 0.42233155129505023,
      "rev_growth_yoy": 0.1397263493770496,
      "rev_growth_yoy_accel": -0.008440373012340768,
      "op_leverage_ratio": Infinity,
      "fcf_margin_change": 0.04603102367585238
    },
    {
      "date": "2024-09-30T00:00:00",
      "quarter_label": "2024-09 (Q3)",
      "revenue": 724705000,
      "gross_profit": 598513000,
      "operating_income": 401334000,
      "net_income": 280901000,
      "opex": 323371000,
      "cogs": 126192000,
      "rd": 38584000,
      "sga": null,
      "fcf": 414983000,
      "ocf": 421609000,
      "capex": -6626000,
      "gross_margin": 0.8258712165639812,
      "op_margin": 0.5537894729579622,
      "fcf_margin": 0.5726233432914082,
      "incr_op_margin_yoy": 0.4838011000745472,
      "rev_growth_yoy": 0.15871411920267203,
      "rev_growth_yoy_accel": 0.01898776982562242,
      "op_leverage_ratio": Infinity,
      "fcf_margin_change": 0.09147286493774148
    },
    {
      "date": "2024-12-31T00:00:00",
      "quarter_label": "2024-12 (Q4)",
      "revenue": 743509000,
      "gross_profit": 611942000,
      "operating_income": 405194000,
      "net_income": 305515000,
      "opex": 338315000,
      "cogs": 131567000,
      "rd": 38471000,
      "sga": null,
      "fcf": 416386000,
      "ocf": 430633000,
      "capex": -14247000,
      "gross_margin": 0.8230458541860287,
      "op_margin": 0.5449752457603069,
      "fcf_margin": 0.5600281906473223,
      "incr_op_margin_yoy": 0.6450761193191393,
      "rev_growth_yoy": 0.07738376423332068,
      "rev_growth_yoy_accel": -0.08133035496935136,
      "op_leverage_ratio": 0.5614656551457762,
      "fcf_margin_change": -0.012595152644085839
    },
    {
      "date": "2025-03-31T00:00:00",
      "quarter_label": "2025-03 (Q1)",
      "revenue": 745826000,
      "gross_profit": 609036000,
      "operating_income": 377023000,
      "net_income": 288600000,
      "opex": 368803000,
      "cogs": 136790000,
      "rd": 47591000,
      "sga": null,
      "fcf": 290237000,
      "ocf": 301737000,
      "capex": -11500000,
      "gross_margin": 0.8165926100725907,
      "op_margin": 0.505510668708251,
      "fcf_margin": 0.3891484072692558,
      "incr_op_margin_yoy": 0.5715218414539712,
      "rev_growth_yoy": 0.09685939717485459,
      "rev_growth_yoy_accel": 0.019475632941533913,
      "fcf_margin_change": -0.17087978337806653
    },
    {
      "date": "2025-06-30T00:00:00",
      "quarter_label": "2025-06 (Q2)",
      "revenue": 772679000,
      "gross_profit": 635012000,
      "operating_income": 425234000,
      "net_income": 303650000,
      "opex": 347445000,
      "cogs": 137667000,
      "rd": 44074000,
      "sga": null,
      "fcf": 324690000,
      "ocf": 336138000,
      "capex": -11448000,
      "gross_margin": 0.8218315755960754,
      "op_margin": 0.5503372034182371,
      "fcf_margin": 0.42021330979617666,
      "incr_op_margin_yoy": 0.6585200061795149,
      "rev_growth_yoy": 0.09143313995782182,
      "rev_growth_yoy_accel": -0.0054262572170327705,
      "op_leverage_ratio": Infinity,
      "fcf_margin_change": 0.031064902526920846
    },
    {
      "date": "2025-09-30T00:00:00",
      "quarter_label": "2025-09 (Q3)",
      "revenue": 793426000,
      "gross_profit": 660898000,
      "operating_income": 447690000,
      "net_income": 325386000,
      "opex": 345736000,
      "cogs": 132528000,
      "rd": 44807000,
      "sga": null,
      "fcf": 445509000,
      "ocf": 449441000,
      "capex": -3932000,
      "gross_margin": 0.8329674096891203,
      "op_margin": 0.5642492179484917,
      "fcf_margin": 0.561500379367452,
      "incr_op_margin_yoy": 0.674553629894792,
      "rev_growth_yoy": 0.09482617064874674,
      "rev_growth_yoy_accel": 0.0033930306909249197,
      "op_leverage_ratio": Infinity,
      "fcf_margin_change": 0.14128706957127535
    }
  ],
  "signals": [
    {
      "quarter": "2025-09 (Q3)",
      "signal": "FCF MARGIN EXPANSION",
      "detail": "FCF margin: +42.0% -> +56.2% (+14.1%)",
      "severity": "MEDIUM"
    },
    {
      "quarter": "2025-09 (Q3)",
      "signal": "INCREMENTAL MARGIN (YoY)",
      "detail": "YoY Incr OPM: +67.5% vs year-ago OPM: +55.4%",
      "severity": "MEDIUM"
    },
    {
      "quarter": "2025-06 (Q2)",
      "signal": "INCREMENTAL MARGIN (YoY)",
      "detail": "YoY Incr OPM: +65.9% vs year-ago OPM: +54.0%",
      "severity": "MEDIUM"
    },
    {
      "quarter": "2024-12 (Q4)",
      "signal": "YoY REVENUE GROWTH DECELERATION",
      "detail": "YoY growth: +7.7% vs prior quarter YoY: +15.9% (decel: -8.1%)",
      "severity": "WARNING"
    },
    {
      "quarter": "2024-12 (Q4)",
      "signal": "INCREMENTAL MARGIN (YoY)",
      "detail": "YoY Incr OPM: +64.5% vs year-ago OPM: +53.7%",
      "severity": "MEDIUM"
    },
    {
      "quarter": "2024-09 (Q3)",
      "signal": "FCF MARGIN EXPANSION",
      "detail": "FCF margin: +48.1% -> +57.3% (+9.1%)",
      "severity": "MEDIUM"
    },
    {
      "quarter": "2023-12 (Q4)",
      "signal": "FCF MARGIN EXPANSION",
      "detail": "FCF margin: +46.0% -> +55.8% (+9.8%)",
      "severity": "MEDIUM"
    },
    {
      "quarter": "2023-12 (Q4)",
      "signal": "YoY REVENUE GROWTH ACCELERATION",
      "detail": "YoY growth: +19.8% vs prior quarter YoY: +11.6% (accel: +8.2%)",
      "severity": "MEDIUM"
    },
    {
      "quarter": "2023-09 (Q3)",
      "signal": "INCREMENTAL MARGIN (YoY)",
      "detail": "YoY Incr OPM: +67.6% vs year-ago OPM: +55.2%",
      "severity": "MEDIUM"
    },
    {
      "quarter": "2023-06 (Q2)",
      "signal": "YoY REVENUE GROWTH ACCELERATION",
      "detail": "YoY growth: +12.6% vs prior quarter YoY: +5.8% (accel: +6.8%)",
      "severity": "MEDIUM"
    },
    {
      "quarter": "2023-06 (Q2)",
      "signal": "INCREMENTAL MARGIN (YoY)",
      "detail": "YoY Incr OPM: +65.7% vs year-ago OPM: +54.4%",
      "severity": "MEDIUM"
    },
    {
      "quarter": "2023-03 (Q1)",
      "signal": "INCREMENTAL MARGIN (YoY)",
      "detail": "YoY Incr OPM: +79.4% vs year-ago OPM: +51.6%",
      "severity": "HIGH"
    },
    {
      "quarter": "2022-12 (Q4)",
      "signal": "INCREMENTAL MARGIN (YoY)",
      "detail": "YoY Incr OPM: +106.8% vs year-ago OPM: +51.0%",
      "severity": "HIGH"
    },
    {
      "quarter": "2022-09 (Q3)",
      "signal": "FCF MARGIN EXPANSION",
      "detail": "FCF margin: +37.9% -> +57.0% (+19.1%)",
      "severity": "MEDIUM"
    },
    {
      "quarter": "2022-09 (Q3)",
      "signal": "INCREMENTAL MARGIN (YoY)",
      "detail": "YoY Incr OPM: +67.3% vs year-ago OPM: +54.2%",
      "severity": "MEDIUM"
    },
    {
      "quarter": "2022-06 (Q2)",
      "signal": "YoY REVENUE GROWTH DECELERATION",
      "detail": "YoY growth: +10.8% vs prior quarter YoY: +17.0% (decel: -6.3%)",
      "severity": "WARNING"
    },
    {
      "quarter": "2022-06 (Q2)",
      "signal": "INCREMENTAL MARGIN (YoY)",
      "detail": "YoY Incr OPM: +79.9% vs year-ago OPM: +51.7%",
      "severity": "HIGH"
    },
    {
      "quarter": "2022-03 (Q1)",
      "signal": "OPERATING LEVERAGE",
      "detail": "Rev growth +1.8% vs OpEx growth +0.6% (leverage: 2.9x)",
      "severity": "MEDIUM"
    },
    {
      "quarter": "2022-03 (Q1)",
      "signal": "YoY REVENUE GROWTH DECELERATION",
      "detail": "YoY growth: +17.0% vs prior quarter YoY: +23.9% (decel: -6.9%)",
      "severity": "WARNING"
    },
    {
      "quarter": "2021-12 (Q4)",
      "signal": "FCF MARGIN EXPANSION",
      "detail": "FCF margin: +40.9% -> +49.7% (+8.8%)",
      "severity": "MEDIUM"
    }
  ],
  "data_quality": {
    "n_quarters": 20,
    "coverage": {
      "revenue": [
        20,
        20
      ],
      "gross_profit": [
        20,
        20
      ],
      "op_income": [
        20,
        20
      ],
      "fcf": [
        20,
        20
      ]
    },
    "gaps": [],
    "warnings": []
  },
  "market_cap": null,
  "source": "SEC EDGAR",
  "last_updated": "2026-02-02T20:01:31.434552",
  "sector": "Financial Services",
  "industry": "Financial Data & Stock Exchanges"
}