{
  "ticker": "MSFT",
  "name": "MICROSOFT CORPORATION",
  "sector": "Technology",
  "industry": "Software - Infrastructure",
  "quarters": [
    {
      "date": "2021-03-31T00:00:00",
      "quarter_label": "2021-03 (Q1)",
      "revenue": 41706000000,
      "gross_profit": 28661000000,
      "operating_income": 17048000000,
      "net_income": 15457000000,
      "opex": 11613000000,
      "cogs": 13045000000,
      "rd": 5204000000,
      "sga": null,
      "fcf": 17090000000,
      "ocf": 22179000000,
      "capex": -5089000000,
      "gross_margin": 0.6872152687862658,
      "op_margin": 0.4087661247782094,
      "fcf_margin": 0.4097731741236273
    },
    {
      "date": "2021-06-30T00:00:00",
      "quarter_label": "2021-06 (Q2)",
      "revenue": 46152000000,
      "gross_profit": 32161000000,
      "operating_income": 19095000000,
      "net_income": 16458000000,
      "opex": 13066000000,
      "cogs": 13991000000,
      "rd": 5687000000,
      "sga": null,
      "fcf": 16258000000,
      "ocf": 22710000000,
      "capex": -6452000000,
      "gross_margin": 0.6968495406482926,
      "op_margin": 0.41374154966198645,
      "fcf_margin": 0.35227075749696657,
      "op_leverage_ratio": 0.8520198859324286,
      "fcf_margin_change": -0.057502416626660724
    },
    {
      "date": "2021-09-30T00:00:00",
      "quarter_label": "2021-09 (Q3)",
      "revenue": 45317000000,
      "gross_profit": 31671000000,
      "operating_income": 20238000000,
      "net_income": 20505000000,
      "opex": 11433000000,
      "cogs": 13646000000,
      "rd": 5599000000,
      "sga": null,
      "fcf": 18730000000,
      "ocf": 24540000000,
      "capex": -5810000000,
      "gross_margin": 0.6988768012004325,
      "op_margin": 0.4465873733918838,
      "fcf_margin": 0.4133106781119668,
      "fcf_margin_change": 0.06103992061500024
    },
    {
      "date": "2021-12-31T00:00:00",
      "quarter_label": "2021-12 (Q4)",
      "revenue": 51728000000,
      "gross_profit": 34768000000,
      "operating_income": 22247000000,
      "net_income": 18765000000,
      "opex": 12521000000,
      "cogs": 16960000000,
      "rd": 5758000000,
      "sga": null,
      "fcf": 8615000000,
      "ocf": 14480000000,
      "capex": -5865000000,
      "gross_margin": 0.6721311475409836,
      "op_margin": 0.4300765542839468,
      "fcf_margin": 0.16654423136405816,
      "op_leverage_ratio": 1.4866061780152624,
      "fcf_margin_change": -0.24676644674790865
    },
    {
      "date": "2022-03-31T00:00:00",
      "quarter_label": "2022-03 (Q1)",
      "revenue": 49360000000,
      "gross_profit": 33745000000,
      "operating_income": 20364000000,
      "net_income": 16728000000,
      "opex": 13381000000,
      "cogs": 15615000000,
      "rd": 6306000000,
      "sga": null,
      "fcf": 20046000000,
      "ocf": 25386000000,
      "capex": -5340000000,
      "gross_margin": 0.6836507293354943,
      "op_margin": 0.4125607779578606,
      "fcf_margin": 0.4061183144246353,
      "incr_op_margin_yoy": 0.433237522863862,
      "rev_growth_yoy": 0.18352275451973338,
      "fcf_margin_change": 0.23957408306057715
    },
    {
      "date": "2022-06-30T00:00:00",
      "quarter_label": "2022-06 (Q2)",
      "revenue": 51865000000,
      "gross_profit": 35436000000,
      "operating_income": 20534000000,
      "net_income": 16740000000,
      "opex": 14902000000,
      "cogs": 16429000000,
      "rd": 6849000000,
      "sga": null,
      "fcf": 17758000000,
      "ocf": 24629000000,
      "capex": -6871000000,
      "gross_margin": 0.6832353224718017,
      "op_margin": 0.3959124650535043,
      "fcf_margin": 0.34238889424467367,
      "incr_op_margin_yoy": 0.25188167337650974,
      "rev_growth_yoy": 0.12378661813139193,
      "rev_growth_yoy_accel": -0.05973613638834145,
      "op_leverage_ratio": 0.4464696437876216,
      "fcf_margin_change": -0.06372942017996164
    },
    {
      "date": "2022-09-30T00:00:00",
      "quarter_label": "2022-09 (Q3)",
      "revenue": 50122000000,
      "gross_profit": 34670000000,
      "operating_income": 21518000000,
      "net_income": 17556000000,
      "opex": 13152000000,
      "cogs": 15452000000,
      "rd": 6628000000,
      "sga": null,
      "fcf": 16915000000,
      "ocf": 23198000000,
      "capex": -6283000000,
      "gross_margin": 0.691712222177886,
      "op_margin": 0.42931247755476637,
      "fcf_margin": 0.33747655720043096,
      "incr_op_margin_yoy": 0.2663891779396462,
      "rev_growth_yoy": 0.1060308493501335,
      "rev_growth_yoy_accel": -0.017755768781258424,
      "fcf_margin_change": -0.0049123370442427094
    },
    {
      "date": "2022-12-31T00:00:00",
      "quarter_label": "2022-12 (Q4)",
      "revenue": 52747000000,
      "gross_profit": 35259000000,
      "operating_income": 20399000000,
      "net_income": 16425000000,
      "opex": 14860000000,
      "cogs": 17488000000,
      "rd": 6844000000,
      "sga": null,
      "fcf": 4899000000,
      "ocf": 11173000000,
      "capex": -6274000000,
      "gross_margin": 0.6684550780139155,
      "op_margin": 0.3867328947617874,
      "fcf_margin": 0.09287732003715851,
      "incr_op_margin_yoy": -1.8135426889106967,
      "rev_growth_yoy": 0.01969919579338076,
      "rev_growth_yoy_accel": -0.08633165355675274,
      "op_leverage_ratio": 0.4032782960396305,
      "fcf_margin_change": -0.24459923716327245
    },
    {
      "date": "2023-03-31T00:00:00",
      "quarter_label": "2023-03 (Q1)",
      "revenue": 52857000000,
      "gross_profit": 36729000000,
      "operating_income": 22352000000,
      "net_income": 18299000000,
      "opex": 14377000000,
      "cogs": 16128000000,
      "rd": 6984000000,
      "sga": null,
      "fcf": 17834000000,
      "ocf": 24441000000,
      "capex": -6607000000,
      "gross_margin": 0.6948748510131109,
      "op_margin": 0.4228768185859962,
      "fcf_margin": 0.33740091189435645,
      "incr_op_margin_yoy": 0.5684872748069774,
      "rev_growth_yoy": 0.07084683954619125,
      "rev_growth_yoy_accel": 0.051147643752810494,
      "fcf_margin_change": 0.24452359185719794
    },
    {
      "date": "2023-06-30T00:00:00",
      "quarter_label": "2023-06 (Q2)",
      "revenue": 56189000000,
      "gross_profit": 39394000000,
      "operating_income": 24254000000,
      "net_income": 20081000000,
      "opex": 15140000000,
      "cogs": 16795000000,
      "rd": 6739000000,
      "sga": null,
      "fcf": 19827000000,
      "ocf": 28770000000,
      "capex": -8943000000,
      "gross_margin": 0.701098079695314,
      "op_margin": 0.4316503230169606,
      "fcf_margin": 0.352862659951236,
      "incr_op_margin_yoy": 0.8603145235892692,
      "rev_growth_yoy": 0.08337028824833703,
      "rev_growth_yoy_accel": 0.012523448702145779,
      "op_leverage_ratio": 1.187807921424831,
      "fcf_margin_change": 0.015461748056879554
    },
    {
      "date": "2023-09-30T00:00:00",
      "quarter_label": "2023-09 (Q3)",
      "revenue": 56517000000,
      "gross_profit": 40215000000,
      "operating_income": 26895000000,
      "net_income": 22291000000,
      "opex": 13320000000,
      "cogs": 16302000000,
      "rd": 6659000000,
      "sga": null,
      "fcf": 20666000000,
      "ocf": 30583000000,
      "capex": -9917000000,
      "gross_margin": 0.7115558150644938,
      "op_margin": 0.4758745156324646,
      "fcf_margin": 0.36565988994461845,
      "incr_op_margin_yoy": 0.8408131352619234,
      "rev_growth_yoy": 0.12758868361198675,
      "rev_growth_yoy_accel": 0.044218395363649715,
      "fcf_margin_change": 0.012797229993382453
    },
    {
      "date": "2023-12-31T00:00:00",
      "quarter_label": "2023-12 (Q4)",
      "revenue": 62020000000,
      "gross_profit": 42397000000,
      "operating_income": 27032000000,
      "net_income": 21870000000,
      "opex": 15365000000,
      "cogs": 19623000000,
      "rd": 7142000000,
      "sga": null,
      "fcf": 9118000000,
      "ocf": 18853000000,
      "capex": -9735000000,
      "gross_margin": 0.6836020638503708,
      "op_margin": 0.43585940019348596,
      "fcf_margin": 0.14701709126088358,
      "incr_op_margin_yoy": 0.7153024911032029,
      "rev_growth_yoy": 0.1758014673820312,
      "rev_growth_yoy_accel": 0.048212783770044454,
      "op_leverage_ratio": 0.6342074282515684,
      "fcf_margin_change": -0.21864279868373487
    },
    {
      "date": "2024-03-31T00:00:00",
      "quarter_label": "2024-03 (Q1)",
      "revenue": 61858000000,
      "gross_profit": 43353000000,
      "operating_income": 27581000000,
      "net_income": 21939000000,
      "opex": 15772000000,
      "cogs": 18505000000,
      "rd": 7653000000,
      "sga": null,
      "fcf": 20965000000,
      "ocf": 31917000000,
      "capex": -10952000000,
      "gross_margin": 0.7008471014258463,
      "op_margin": 0.4458760386692101,
      "fcf_margin": 0.338921400627243,
      "incr_op_margin_yoy": 0.5809354516164871,
      "rev_growth_yoy": 0.17028964943148495,
      "rev_growth_yoy_accel": -0.005511817950546255,
      "fcf_margin_change": 0.19190430936635944
    },
    {
      "date": "2024-06-30T00:00:00",
      "quarter_label": "2024-06 (Q2)",
      "revenue": 64727000000,
      "gross_profit": 45043000000,
      "operating_income": 27925000000,
      "net_income": 22036000000,
      "opex": 17118000000,
      "cogs": 19684000000,
      "rd": 8056000000,
      "sga": null,
      "fcf": 23322000000,
      "ocf": 37195000000,
      "capex": -13873000000,
      "gross_margin": 0.6958919770729372,
      "op_margin": 0.43142737960974553,
      "fcf_margin": 0.360313315926893,
      "incr_op_margin_yoy": 0.42996017802764114,
      "rev_growth_yoy": 0.15195144957198028,
      "rev_growth_yoy_accel": -0.01833819985950466,
      "op_leverage_ratio": 0.5434710096944941,
      "fcf_margin_change": 0.021391915299649955
    },
    {
      "date": "2024-09-30T00:00:00",
      "quarter_label": "2024-09 (Q3)",
      "revenue": 65585000000,
      "gross_profit": 45486000000,
      "operating_income": 30552000000,
      "net_income": 24667000000,
      "opex": 14934000000,
      "cogs": 20099000000,
      "rd": 7544000000,
      "sga": null,
      "fcf": 19257000000,
      "ocf": 34180000000,
      "capex": -14923000000,
      "gross_margin": 0.6935427308073493,
      "op_margin": 0.4658382252039338,
      "fcf_margin": 0.2936189677517725,
      "incr_op_margin_yoy": 0.4032862814292016,
      "rev_growth_yoy": 0.1604472990427659,
      "rev_growth_yoy_accel": 0.008495849470785605,
      "op_leverage_ratio": null,
      "fcf_margin_change": -0.06669434817512049
    },
    {
      "date": "2024-12-31T00:00:00",
      "quarter_label": "2024-12 (Q4)",
      "revenue": 69632000000,
      "gross_profit": 47833000000,
      "operating_income": 31653000000,
      "net_income": 24108000000,
      "opex": 16180000000,
      "cogs": 21799000000,
      "rd": 7917000000,
      "sga": null,
      "fcf": 6487000000,
      "ocf": 22291000000,
      "capex": -15804000000,
      "gross_margin": 0.6869399126838235,
      "op_margin": 0.4545754825367647,
      "fcf_margin": 0.09316119025735294,
      "incr_op_margin_yoy": 0.6070677877036259,
      "rev_growth_yoy": 0.12273460174137375,
      "rev_growth_yoy_accel": -0.03771269730139214,
      "op_leverage_ratio": 0.7395827722126984,
      "fcf_margin_change": -0.20045777749441956
    },
    {
      "date": "2025-03-31T00:00:00",
      "quarter_label": "2025-03 (Q1)",
      "revenue": 70066000000,
      "gross_profit": 48147000000,
      "operating_income": 32000000000,
      "net_income": 25824000000,
      "opex": 16147000000,
      "cogs": 21919000000,
      "rd": 8198000000,
      "sga": null,
      "fcf": 20299000000,
      "ocf": 37044000000,
      "capex": -16745000000,
      "gross_margin": 0.6871663859789342,
      "op_margin": 0.456712242742557,
      "fcf_margin": 0.2897125567322239,
      "incr_op_margin_yoy": 0.5383771929824561,
      "rev_growth_yoy": 0.13269100197225905,
      "rev_growth_yoy_accel": 0.009956400230885301,
      "fcf_margin_change": 0.19655136647487098
    },
    {
      "date": "2025-06-30T00:00:00",
      "quarter_label": "2025-06 (Q2)",
      "revenue": 76441000000,
      "gross_profit": 52427000000,
      "operating_income": 34323000000,
      "net_income": 27233000000,
      "opex": 18104000000,
      "cogs": 24014000000,
      "rd": 8829000000,
      "sga": null,
      "fcf": 25568000000,
      "ocf": 42647000000,
      "capex": -17079000000,
      "gross_margin": 0.6858492170432098,
      "op_margin": 0.44901296424693554,
      "fcf_margin": 0.3344801873340223,
      "incr_op_margin_yoy": 0.546184053269592,
      "rev_growth_yoy": 0.18097548163826532,
      "rev_growth_yoy_accel": 0.04828447966600627,
      "op_leverage_ratio": 0.7507129091118571,
      "fcf_margin_change": 0.04476763060179839
    },
    {
      "date": "2025-09-30T00:00:00",
      "quarter_label": "2025-09 (Q3)",
      "revenue": 77673000000,
      "gross_profit": 53630000000,
      "operating_income": 37961000000,
      "net_income": 27747000000,
      "opex": 15669000000,
      "cogs": 24043000000,
      "rd": 8146000000,
      "sga": null,
      "fcf": 25663000000,
      "ocf": 45057000000,
      "capex": -19394000000,
      "gross_margin": 0.6904587179586213,
      "op_margin": 0.48872838695557014,
      "fcf_margin": 0.33039795038172853,
      "incr_op_margin_yoy": 0.6129219060225016,
      "rev_growth_yoy": 0.18431043683769155,
      "rev_growth_yoy_accel": 0.003334955199426226,
      "op_leverage_ratio": null,
      "fcf_margin_change": -0.004082236952293761
    },
    {
      "date": "2025-12-31T00:00:00",
      "quarter_label": "2025-12 (Q4)",
      "revenue": 81273000000,
      "gross_profit": 55295000000,
      "operating_income": 38275000000,
      "net_income": 38458000000,
      "opex": 17020000000,
      "cogs": 25978000000,
      "rd": 8504000000,
      "sga": null,
      "fcf": 5882000000,
      "ocf": 35758000000,
      "capex": -29876000000,
      "gross_margin": 0.6803612515841669,
      "op_margin": 0.47094360980891564,
      "fcf_margin": 0.07237335892608862,
      "incr_op_margin_yoy": 0.5688514732411305,
      "rev_growth_yoy": 0.16717888327205882,
      "rev_growth_yoy_accel": -0.01713155356563273,
      "op_leverage_ratio": 0.5375493646269316,
      "fcf_margin_change": -0.25802459145563994
    }
  ],
  "signals": [
    {
      "quarter": "2025-12 (Q4)",
      "signal": "INCREMENTAL MARGIN (YoY)",
      "detail": "YoY Incr OPM: +56.9% vs year-ago OPM: +45.5%",
      "severity": "MEDIUM"
    },
    {
      "quarter": "2025-09 (Q3)",
      "signal": "INCREMENTAL MARGIN (YoY)",
      "detail": "YoY Incr OPM: +61.3% vs year-ago OPM: +46.6%",
      "severity": "MEDIUM"
    },
    {
      "quarter": "2025-06 (Q2)",
      "signal": "INCREMENTAL MARGIN (YoY)",
      "detail": "YoY Incr OPM: +54.6% vs year-ago OPM: +43.1%",
      "severity": "MEDIUM"
    },
    {
      "quarter": "2025-03 (Q1)",
      "signal": "FCF MARGIN EXPANSION",
      "detail": "FCF margin: +9.3% -> +29.0% (+19.7%)",
      "severity": "MEDIUM"
    },
    {
      "quarter": "2024-12 (Q4)",
      "signal": "INCREMENTAL MARGIN (YoY)",
      "detail": "YoY Incr OPM: +60.7% vs year-ago OPM: +43.6%",
      "severity": "MEDIUM"
    },
    {
      "quarter": "2024-03 (Q1)",
      "signal": "FCF MARGIN EXPANSION",
      "detail": "FCF margin: +14.7% -> +33.9% (+19.2%)",
      "severity": "MEDIUM"
    },
    {
      "quarter": "2024-03 (Q1)",
      "signal": "INCREMENTAL MARGIN (YoY)",
      "detail": "YoY Incr OPM: +58.1% vs year-ago OPM: +42.3%",
      "severity": "MEDIUM"
    },
    {
      "quarter": "2023-12 (Q4)",
      "signal": "INCREMENTAL MARGIN (YoY)",
      "detail": "YoY Incr OPM: +71.5% vs year-ago OPM: +38.7%",
      "severity": "HIGH"
    },
    {
      "quarter": "2023-09 (Q3)",
      "signal": "INCREMENTAL MARGIN (YoY)",
      "detail": "YoY Incr OPM: +84.1% vs year-ago OPM: +42.9%",
      "severity": "HIGH"
    },
    {
      "quarter": "2023-06 (Q2)",
      "signal": "INCREMENTAL MARGIN (YoY)",
      "detail": "YoY Incr OPM: +86.0% vs year-ago OPM: +39.6%",
      "severity": "HIGH"
    },
    {
      "quarter": "2023-03 (Q1)",
      "signal": "FCF MARGIN EXPANSION",
      "detail": "FCF margin: +9.3% -> +33.7% (+24.5%)",
      "severity": "MEDIUM"
    },
    {
      "quarter": "2023-03 (Q1)",
      "signal": "GROSS MARGIN INFLECTION",
      "detail": "GM: +69.2% -> +66.8% -> +69.5% (reversal +2.6%)",
      "severity": "MEDIUM"
    },
    {
      "quarter": "2023-03 (Q1)",
      "signal": "YoY REVENUE GROWTH ACCELERATION",
      "detail": "YoY growth: +7.1% vs prior quarter YoY: +2.0% (accel: +5.1%)",
      "severity": "MEDIUM"
    },
    {
      "quarter": "2023-03 (Q1)",
      "signal": "INCREMENTAL MARGIN (YoY)",
      "detail": "YoY Incr OPM: +56.8% vs year-ago OPM: +41.3%",
      "severity": "MEDIUM"
    },
    {
      "quarter": "2022-12 (Q4)",
      "signal": "YoY REVENUE GROWTH DECELERATION",
      "detail": "YoY growth: +2.0% vs prior quarter YoY: +10.6% (decel: -8.6%)",
      "severity": "WARNING"
    },
    {
      "quarter": "2022-06 (Q2)",
      "signal": "YoY REVENUE GROWTH DECELERATION",
      "detail": "YoY growth: +12.4% vs prior quarter YoY: +18.4% (decel: -6.0%)",
      "severity": "WARNING"
    },
    {
      "quarter": "2022-03 (Q1)",
      "signal": "FCF MARGIN EXPANSION",
      "detail": "FCF margin: +16.7% -> +40.6% (+24.0%)",
      "severity": "MEDIUM"
    },
    {
      "quarter": "2021-09 (Q3)",
      "signal": "FCF MARGIN EXPANSION",
      "detail": "FCF margin: +35.2% -> +41.3% (+6.1%)",
      "severity": "MEDIUM"
    }
  ],
  "data_quality": {
    "n_quarters": 20,
    "coverage": {
      "revenue": [
        20,
        20
      ],
      "gross_profit": [
        20,
        20
      ],
      "op_income": [
        20,
        20
      ],
      "fcf": [
        20,
        20
      ]
    },
    "gaps": [],
    "warnings": []
  },
  "market_cap": null,
  "source": "SEC EDGAR",
  "last_updated": "2026-02-04T17:45:09.966608"
}