{
  "ticker": "MSI",
  "name": "MOTOROLA SOLUTIONS,\u00a0INC.",
  "quarters": [
    {
      "date": "2020-12-31T00:00:00",
      "quarter_label": "2020-12 (Q4)",
      "revenue": 2273000000,
      "gross_profit": 1146000000,
      "operating_income": 555000000,
      "net_income": 412000000,
      "opex": 591000000,
      "cogs": 1127000000,
      "rd": 182000000,
      "sga": 343000000,
      "fcf": 704000000,
      "ocf": 704000000,
      "capex": null,
      "gross_margin": 0.5041794984601847,
      "op_margin": 0.24417069951605808,
      "fcf_margin": 0.3097228332600088
    },
    {
      "date": "2021-04-03T00:00:00",
      "quarter_label": "2021-04 (Q2)",
      "revenue": 1773000000,
      "gross_profit": 860000000,
      "operating_income": 298000000,
      "net_income": 244000000,
      "opex": 562000000,
      "cogs": 913000000,
      "rd": 180000000,
      "sga": 303000000,
      "fcf": 370000000,
      "ocf": 370000000,
      "capex": null,
      "gross_margin": 0.485053581500282,
      "op_margin": 0.16807670614777215,
      "fcf_margin": 0.2086858432036097,
      "fcf_margin_change": -0.10103699005639913
    },
    {
      "date": "2021-07-03T00:00:00",
      "quarter_label": "2021-07 (Q3)",
      "revenue": 1971000000,
      "gross_profit": 952000000,
      "operating_income": 370000000,
      "net_income": 293000000,
      "opex": 582000000,
      "cogs": 1019000000,
      "rd": 181000000,
      "sga": 331000000,
      "fcf": 388000000,
      "ocf": 388000000,
      "capex": null,
      "gross_margin": 0.48300355149670215,
      "op_margin": 0.18772196854388634,
      "fcf_margin": 0.19685438863521054,
      "op_leverage_ratio": 3.1380710659898474,
      "fcf_margin_change": -0.011831454568399152
    },
    {
      "date": "2021-10-02T00:00:00",
      "quarter_label": "2021-10 (Q4)",
      "revenue": 2107000000,
      "gross_profit": 1045000000,
      "operating_income": 451000000,
      "net_income": 307000000,
      "opex": 594000000,
      "cogs": 1062000000,
      "rd": 183000000,
      "sga": 351000000,
      "fcf": 376000000,
      "ocf": 376000000,
      "capex": null,
      "gross_margin": 0.4959658281917418,
      "op_margin": 0.21404841006169908,
      "fcf_margin": 0.17845277645942098,
      "op_leverage_ratio": 3.3465246067985794,
      "fcf_margin_change": -0.01840161217578956
    },
    {
      "date": "2021-12-31T00:00:00",
      "quarter_label": "2021-12 (Q4)",
      "revenue": 2320000000,
      "gross_profit": 1183000000,
      "operating_income": 549000000,
      "net_income": 401000000,
      "opex": 634000000,
      "cogs": 1137000000,
      "rd": 189000000,
      "sga": 368000000,
      "fcf": 703000000,
      "ocf": 703000000,
      "capex": null,
      "gross_margin": 0.5099137931034483,
      "op_margin": 0.23663793103448275,
      "fcf_margin": 0.30301724137931035,
      "incr_op_margin_yoy": -0.1276595744680851,
      "rev_growth_yoy": 0.02067751869775627,
      "op_leverage_ratio": 1.5012102515424774,
      "fcf_margin_change": 0.12456446491988937
    },
    {
      "date": "2022-04-02T00:00:00",
      "quarter_label": "2022-04 (Q2)",
      "revenue": 1892000000,
      "gross_profit": 857000000,
      "operating_income": 239000000,
      "net_income": 267000000,
      "opex": 618000000,
      "cogs": 1035000000,
      "rd": 188000000,
      "sga": 338000000,
      "fcf": 152000000,
      "ocf": 152000000,
      "capex": null,
      "gross_margin": 0.45295983086680763,
      "op_margin": 0.1263213530655391,
      "fcf_margin": 0.080338266384778,
      "incr_op_margin_yoy": -0.4957983193277311,
      "rev_growth_yoy": 0.06711787930062042,
      "rev_growth_yoy_accel": 0.046440360602864154,
      "fcf_margin_change": -0.22267897499453235
    },
    {
      "date": "2022-07-02T00:00:00",
      "quarter_label": "2022-07 (Q3)",
      "revenue": 2140000000,
      "gross_profit": 990000000,
      "operating_income": 358000000,
      "net_income": 228000000,
      "opex": 632000000,
      "cogs": 1150000000,
      "rd": 191000000,
      "sga": 356000000,
      "fcf": 10000000,
      "ocf": 10000000,
      "capex": null,
      "gross_margin": 0.46261682242990654,
      "op_margin": 0.16728971962616823,
      "fcf_margin": 0.004672897196261682,
      "incr_op_margin_yoy": -0.07100591715976332,
      "rev_growth_yoy": 0.08574327752409944,
      "rev_growth_yoy_accel": 0.018625398223479014,
      "op_leverage_ratio": 5.7861673210510425,
      "fcf_margin_change": -0.07566536918851632
    },
    {
      "date": "2022-10-01T00:00:00",
      "quarter_label": "2022-10 (Q4)",
      "revenue": 2373000000,
      "gross_profit": 1031000000,
      "operating_income": 373000000,
      "net_income": 279000000,
      "opex": 658000000,
      "cogs": 1342000000,
      "rd": 197000000,
      "sga": 378000000,
      "fcf": 388000000,
      "ocf": 388000000,
      "capex": null,
      "gross_margin": 0.43447113358617784,
      "op_margin": 0.1571849978929625,
      "fcf_margin": 0.16350611040876528,
      "incr_op_margin_yoy": -0.2932330827067669,
      "rev_growth_yoy": 0.12624584717607973,
      "rev_growth_yoy_accel": 0.04050256965198029,
      "op_leverage_ratio": 2.6465851905104243,
      "fcf_margin_change": 0.1588332132125036
    },
    {
      "date": "2022-12-31T00:00:00",
      "quarter_label": "2022-12 (Q4)",
      "revenue": 2707000000,
      "gross_profit": 1351000000,
      "operating_income": 691000000,
      "net_income": 589000000,
      "opex": 660000000,
      "cogs": 1356000000,
      "rd": 202000000,
      "sga": 381000000,
      "fcf": 1273000000,
      "ocf": 1273000000,
      "capex": null,
      "gross_margin": 0.4990764684152198,
      "op_margin": 0.25526413003324716,
      "fcf_margin": 0.47026228297007755,
      "incr_op_margin_yoy": 0.3669250645994832,
      "rev_growth_yoy": 0.1668103448275862,
      "rev_growth_yoy_accel": 0.040564497651506465,
      "op_leverage_ratio": 46.306784660766965,
      "fcf_margin_change": 0.30675617256131227
    },
    {
      "date": "2023-04-01T00:00:00",
      "quarter_label": "2023-04 (Q2)",
      "revenue": 2171000000,
      "gross_profit": 1046000000,
      "operating_income": 399000000,
      "net_income": 278000000,
      "opex": 647000000,
      "cogs": 1125000000,
      "rd": 210000000,
      "sga": 368000000,
      "fcf": -8000000,
      "ocf": -8000000,
      "capex": null,
      "gross_margin": 0.4818056195301704,
      "op_margin": 0.18378627360663288,
      "fcf_margin": -0.0036849378166743437,
      "incr_op_margin_yoy": 0.5734767025089605,
      "rev_growth_yoy": 0.1474630021141649,
      "rev_growth_yoy_accel": -0.019347342713421284,
      "fcf_margin_change": -0.4739472207867519
    },
    {
      "date": "2023-07-01T00:00:00",
      "quarter_label": "2023-07 (Q3)",
      "revenue": 2403000000,
      "gross_profit": 1189000000,
      "operating_income": 518000000,
      "net_income": 371000000,
      "opex": 671000000,
      "cogs": 1214000000,
      "rd": 215000000,
      "sga": 390000000,
      "fcf": 93000000,
      "ocf": 93000000,
      "capex": null,
      "gross_margin": 0.49479816895547235,
      "op_margin": 0.2155638784852268,
      "fcf_margin": 0.03870162297128589,
      "incr_op_margin_yoy": 0.6083650190114068,
      "rev_growth_yoy": 0.12289719626168225,
      "rev_growth_yoy_accel": -0.024565805852482664,
      "op_leverage_ratio": 2.880853677260863,
      "fcf_margin_change": 0.042386560787960235
    },
    {
      "date": "2023-09-30T00:00:00",
      "quarter_label": "2023-09 (Q3)",
      "revenue": 2556000000,
      "gross_profit": 1280000000,
      "operating_income": 639000000,
      "net_income": 464000000,
      "opex": 641000000,
      "cogs": 1276000000,
      "rd": 215000000,
      "sga": 380000000,
      "fcf": 714000000,
      "ocf": 714000000,
      "capex": null,
      "gross_margin": 0.5007824726134585,
      "op_margin": 0.25,
      "fcf_margin": 0.2793427230046948,
      "incr_op_margin_yoy": 1.453551912568306,
      "rev_growth_yoy": 0.07711757269279393,
      "rev_growth_yoy_accel": -0.04577962356888832,
      "op_leverage_ratio": Infinity,
      "fcf_margin_change": 0.24064110003340894
    },
    {
      "date": "2023-12-31T00:00:00",
      "quarter_label": "2023-12 (Q4)",
      "revenue": 2849000000,
      "gross_profit": 1455000000,
      "operating_income": 738000000,
      "net_income": 596000000,
      "opex": 717000000,
      "cogs": 1394000000,
      "rd": 218000000,
      "sga": 423000000,
      "fcf": 1245000000,
      "ocf": 1245000000,
      "capex": null,
      "gross_margin": 0.5107055107055107,
      "op_margin": 0.25903825903825906,
      "fcf_margin": 0.43699543699543697,
      "incr_op_margin_yoy": 0.33098591549295775,
      "rev_growth_yoy": 0.05245659401551533,
      "rev_growth_yoy_accel": -0.0246609786772786,
      "op_leverage_ratio": 0.9668324273124125,
      "fcf_margin_change": 0.15765271399074215
    },
    {
      "date": "2024-03-30T00:00:00",
      "quarter_label": "2024-03 (Q1)",
      "revenue": 2389000000,
      "gross_profit": 1192000000,
      "operating_income": 519000000,
      "net_income": -39000000,
      "opex": 673000000,
      "cogs": 1197000000,
      "rd": 218000000,
      "sga": 397000000,
      "fcf": 382000000,
      "ocf": 382000000,
      "capex": null,
      "gross_margin": 0.4989535370447886,
      "op_margin": 0.21724570950188363,
      "fcf_margin": 0.1598995395562997,
      "incr_op_margin_yoy": 0.5504587155963303,
      "rev_growth_yoy": 0.10041455550437586,
      "rev_growth_yoy_accel": 0.047957961488860536,
      "fcf_margin_change": -0.27709589743913726
    },
    {
      "date": "2024-06-29T00:00:00",
      "quarter_label": "2024-06 (Q2)",
      "revenue": 2628000000,
      "gross_profit": 1339000000,
      "operating_income": 644000000,
      "net_income": 443000000,
      "opex": 695000000,
      "cogs": 1289000000,
      "rd": 220000000,
      "sga": 430000000,
      "fcf": 180000000,
      "ocf": 180000000,
      "capex": null,
      "gross_margin": 0.5095129375951294,
      "op_margin": 0.2450532724505327,
      "fcf_margin": 0.0684931506849315,
      "incr_op_margin_yoy": 0.56,
      "rev_growth_yoy": 0.09363295880149813,
      "rev_growth_yoy_accel": -0.006781596702877729,
      "op_leverage_ratio": 3.060371399216104,
      "fcf_margin_change": -0.0914063888713682
    },
    {
      "date": "2024-09-28T00:00:00",
      "quarter_label": "2024-09 (Q3)",
      "revenue": 2790000000,
      "gross_profit": 1433000000,
      "operating_income": 711000000,
      "net_income": 562000000,
      "opex": 722000000,
      "cogs": 1357000000,
      "rd": 234000000,
      "sga": 439000000,
      "fcf": 759000000,
      "ocf": 759000000,
      "capex": null,
      "gross_margin": 0.5136200716845878,
      "op_margin": 0.25483870967741934,
      "fcf_margin": 0.27204301075268816,
      "incr_op_margin_yoy": 0.3076923076923077,
      "rev_growth_yoy": 0.09154929577464789,
      "rev_growth_yoy_accel": -0.0020836630268502437,
      "op_leverage_ratio": 1.58675799086758,
      "fcf_margin_change": 0.20354986006775666
    },
    {
      "date": "2024-12-31T00:00:00",
      "quarter_label": "2024-12 (Q4)",
      "revenue": 3011000000,
      "gross_profit": 1549000000,
      "operating_income": 814000000,
      "net_income": 611000000,
      "opex": 735000000,
      "cogs": 1462000000,
      "rd": 246000000,
      "sga": 487000000,
      "fcf": 1070000000,
      "ocf": 1070000000,
      "capex": null,
      "gross_margin": 0.5144470275655928,
      "op_margin": 0.27034207904350716,
      "fcf_margin": 0.35536366655596147,
      "incr_op_margin_yoy": 0.4691358024691358,
      "rev_growth_yoy": 0.056862056862056864,
      "rev_growth_yoy_accel": -0.034687238912591026,
      "op_leverage_ratio": 4.399283154121864,
      "fcf_margin_change": 0.0833206558032733
    },
    {
      "date": "2025-03-29T00:00:00",
      "quarter_label": "2025-03 (Q1)",
      "revenue": 2528000000,
      "gross_profit": 1300000000,
      "operating_income": 582000000,
      "net_income": 430000000,
      "opex": 718000000,
      "cogs": 1228000000,
      "rd": 233000000,
      "sga": 436000000,
      "fcf": 510000000,
      "ocf": 510000000,
      "capex": null,
      "gross_margin": 0.5142405063291139,
      "op_margin": 0.23022151898734178,
      "fcf_margin": 0.20174050632911392,
      "incr_op_margin_yoy": 0.45323741007194246,
      "rev_growth_yoy": 0.058183340309753036,
      "rev_growth_yoy_accel": 0.0013212834476961713,
      "fcf_margin_change": -0.15362316022684755
    },
    {
      "date": "2025-06-28T00:00:00",
      "quarter_label": "2025-06 (Q2)",
      "revenue": 2765000000,
      "gross_profit": 1413000000,
      "operating_income": 692000000,
      "net_income": 513000000,
      "opex": 721000000,
      "cogs": 1352000000,
      "rd": 231000000,
      "sga": 450000000,
      "fcf": 273000000,
      "ocf": 273000000,
      "capex": null,
      "gross_margin": 0.5110307414104882,
      "op_margin": 0.2502712477396022,
      "fcf_margin": 0.09873417721518987,
      "incr_op_margin_yoy": 0.35036496350364965,
      "rev_growth_yoy": 0.05213089802130898,
      "rev_growth_yoy_accel": -0.0060524422884440585,
      "op_leverage_ratio": 22.4375,
      "fcf_margin_change": -0.10300632911392404
    },
    {
      "date": "2025-09-27T00:00:00",
      "quarter_label": "2025-09 (Q3)",
      "revenue": 3009000000,
      "gross_profit": 1554000000,
      "operating_income": 770000000,
      "net_income": 562000000,
      "opex": 784000000,
      "cogs": 1455000000,
      "rd": 237000000,
      "sga": 485000000,
      "fcf": 798000000,
      "ocf": 798000000,
      "capex": null,
      "gross_margin": 0.5164506480558325,
      "op_margin": 0.25589896975739446,
      "fcf_margin": 0.26520438683948155,
      "incr_op_margin_yoy": 0.2694063926940639,
      "rev_growth_yoy": 0.07849462365591398,
      "rev_growth_yoy_accel": 0.026363725634604998,
      "op_leverage_ratio": 1.0099256580269238,
      "fcf_margin_change": 0.16647020962429168
    }
  ],
  "signals": [
    {
      "quarter": "2025-09 (Q3)",
      "signal": "FCF MARGIN EXPANSION",
      "detail": "FCF margin: +9.9% -> +26.5% (+16.6%)",
      "severity": "MEDIUM"
    },
    {
      "quarter": "2025-06 (Q2)",
      "signal": "OPERATING LEVERAGE",
      "detail": "Rev growth +9.4% vs OpEx growth +0.4% (leverage: 22.4x)",
      "severity": "MEDIUM"
    },
    {
      "quarter": "2025-06 (Q2)",
      "signal": "INCREMENTAL MARGIN (YoY)",
      "detail": "YoY Incr OPM: +35.0% vs year-ago OPM: +24.5%",
      "severity": "MEDIUM"
    },
    {
      "quarter": "2025-03 (Q1)",
      "signal": "INCREMENTAL MARGIN (YoY)",
      "detail": "YoY Incr OPM: +45.3% vs year-ago OPM: +21.7%",
      "severity": "HIGH"
    },
    {
      "quarter": "2024-12 (Q4)",
      "signal": "FCF MARGIN EXPANSION",
      "detail": "FCF margin: +27.2% -> +35.5% (+8.3%)",
      "severity": "MEDIUM"
    },
    {
      "quarter": "2024-12 (Q4)",
      "signal": "OPERATING LEVERAGE",
      "detail": "Rev growth +7.9% vs OpEx growth +1.8% (leverage: 4.4x)",
      "severity": "MEDIUM"
    },
    {
      "quarter": "2024-12 (Q4)",
      "signal": "INCREMENTAL MARGIN (YoY)",
      "detail": "YoY Incr OPM: +46.9% vs year-ago OPM: +25.9%",
      "severity": "HIGH"
    },
    {
      "quarter": "2024-09 (Q3)",
      "signal": "FCF MARGIN EXPANSION",
      "detail": "FCF margin: +6.8% -> +27.2% (+20.4%)",
      "severity": "MEDIUM"
    },
    {
      "quarter": "2024-09 (Q3)",
      "signal": "OPERATING LEVERAGE",
      "detail": "Rev growth +6.2% vs OpEx growth +3.9% (leverage: 1.6x)",
      "severity": "MEDIUM"
    },
    {
      "quarter": "2024-06 (Q2)",
      "signal": "OPERATING LEVERAGE",
      "detail": "Rev growth +10.0% vs OpEx growth +3.3% (leverage: 3.1x)",
      "severity": "MEDIUM"
    },
    {
      "quarter": "2024-06 (Q2)",
      "signal": "INCREMENTAL MARGIN (YoY)",
      "detail": "YoY Incr OPM: +56.0% vs year-ago OPM: +21.6%",
      "severity": "HIGH"
    },
    {
      "quarter": "2024-03 (Q1)",
      "signal": "INCREMENTAL MARGIN (YoY)",
      "detail": "YoY Incr OPM: +55.0% vs year-ago OPM: +18.4%",
      "severity": "HIGH"
    },
    {
      "quarter": "2023-12 (Q4)",
      "signal": "FCF MARGIN EXPANSION",
      "detail": "FCF margin: +27.9% -> +43.7% (+15.8%)",
      "severity": "MEDIUM"
    },
    {
      "quarter": "2023-09 (Q3)",
      "signal": "FCF MARGIN EXPANSION",
      "detail": "FCF margin: +3.9% -> +27.9% (+24.1%)",
      "severity": "MEDIUM"
    },
    {
      "quarter": "2023-09 (Q3)",
      "signal": "INCREMENTAL MARGIN (YoY)",
      "detail": "YoY Incr OPM: +145.4% vs year-ago OPM: +15.7%",
      "severity": "HIGH"
    },
    {
      "quarter": "2023-07 (Q3)",
      "signal": "FCF TURNED POSITIVE",
      "detail": "FCF margin: -0.4% -> +3.9%",
      "severity": "HIGH"
    },
    {
      "quarter": "2023-07 (Q3)",
      "signal": "OPERATING LEVERAGE",
      "detail": "Rev growth +10.7% vs OpEx growth +3.7% (leverage: 2.9x)",
      "severity": "MEDIUM"
    },
    {
      "quarter": "2023-07 (Q3)",
      "signal": "INCREMENTAL MARGIN (YoY)",
      "detail": "YoY Incr OPM: +60.8% vs year-ago OPM: +16.7%",
      "severity": "HIGH"
    },
    {
      "quarter": "2023-04 (Q2)",
      "signal": "INCREMENTAL MARGIN (YoY)",
      "detail": "YoY Incr OPM: +57.3% vs year-ago OPM: +12.6%",
      "severity": "HIGH"
    },
    {
      "quarter": "2022-12 (Q4)",
      "signal": "FCF MARGIN EXPANSION",
      "detail": "FCF margin: +16.4% -> +47.0% (+30.7%)",
      "severity": "MEDIUM"
    },
    {
      "quarter": "2022-12 (Q4)",
      "signal": "OPERATING LEVERAGE",
      "detail": "Rev growth +14.1% vs OpEx growth +0.3% (leverage: 46.3x)",
      "severity": "MEDIUM"
    },
    {
      "quarter": "2022-12 (Q4)",
      "signal": "GROSS MARGIN INFLECTION",
      "detail": "GM: +46.3% -> +43.4% -> +49.9% (reversal +6.5%)",
      "severity": "HIGH"
    },
    {
      "quarter": "2022-12 (Q4)",
      "signal": "INCREMENTAL MARGIN (YoY)",
      "detail": "YoY Incr OPM: +36.7% vs year-ago OPM: +23.7%",
      "severity": "MEDIUM"
    },
    {
      "quarter": "2022-10 (Q4)",
      "signal": "FCF MARGIN EXPANSION",
      "detail": "FCF margin: +0.5% -> +16.4% (+15.9%)",
      "severity": "MEDIUM"
    },
    {
      "quarter": "2022-10 (Q4)",
      "signal": "OPERATING LEVERAGE",
      "detail": "Rev growth +10.9% vs OpEx growth +4.1% (leverage: 2.6x)",
      "severity": "MEDIUM"
    },
    {
      "quarter": "2022-07 (Q3)",
      "signal": "OPERATING LEVERAGE",
      "detail": "Rev growth +13.1% vs OpEx growth +2.3% (leverage: 5.8x)",
      "severity": "MEDIUM"
    },
    {
      "quarter": "2021-12 (Q4)",
      "signal": "FCF MARGIN EXPANSION",
      "detail": "FCF margin: +17.8% -> +30.3% (+12.5%)",
      "severity": "MEDIUM"
    },
    {
      "quarter": "2021-12 (Q4)",
      "signal": "OPERATING LEVERAGE",
      "detail": "Rev growth +10.1% vs OpEx growth +6.7% (leverage: 1.5x)",
      "severity": "MEDIUM"
    },
    {
      "quarter": "2021-10 (Q4)",
      "signal": "OPERATING LEVERAGE",
      "detail": "Rev growth +6.9% vs OpEx growth +2.1% (leverage: 3.3x)",
      "severity": "MEDIUM"
    },
    {
      "quarter": "2021-07 (Q3)",
      "signal": "OPERATING LEVERAGE",
      "detail": "Rev growth +11.2% vs OpEx growth +3.6% (leverage: 3.1x)",
      "severity": "MEDIUM"
    }
  ],
  "data_quality": {
    "n_quarters": 20,
    "coverage": {
      "revenue": [
        20,
        20
      ],
      "gross_profit": [
        20,
        20
      ],
      "op_income": [
        20,
        20
      ],
      "fcf": [
        20,
        20
      ]
    },
    "gaps": [],
    "warnings": []
  },
  "market_cap": null,
  "source": "SEC EDGAR",
  "last_updated": "2026-02-02T19:55:44.957606",
  "sector": "Technology",
  "industry": "Communication Equipment"
}