{
  "ticker": "MTBLY",
  "name": "Moatable,\u00a0Inc.",
  "quarters": [
    {
      "date": "2022-03-31T00:00:00",
      "quarter_label": "2022-03 (Q1)",
      "revenue": 10321000,
      "gross_profit": 7874000,
      "operating_income": -4791000,
      "net_income": -3317000,
      "opex": 12665000,
      "cogs": 2447000,
      "rd": 3598000,
      "sga": null,
      "fcf": -6399000,
      "ocf": -1824000,
      "capex": -4575000,
      "gross_margin": 0.7629105706811355,
      "op_margin": -0.4641992055033427,
      "fcf_margin": -0.6199980622032749
    },
    {
      "date": "2022-06-30T00:00:00",
      "quarter_label": "2022-06 (Q2)",
      "revenue": 10985000,
      "gross_profit": 8471000,
      "operating_income": -3743000,
      "net_income": -1356000,
      "opex": 12214000,
      "cogs": 2514000,
      "rd": 4092000,
      "sga": null,
      "fcf": 52000,
      "ocf": 201000,
      "capex": -149000,
      "gross_margin": 0.7711424670004552,
      "op_margin": -0.340737369139736,
      "fcf_margin": 0.004733727810650888,
      "op_leverage_ratio": Infinity,
      "fcf_margin_change": 0.6247317900139258
    },
    {
      "date": "2022-09-30T00:00:00",
      "quarter_label": "2022-09 (Q3)",
      "revenue": 11998000,
      "gross_profit": 9306000,
      "operating_income": -2898000,
      "net_income": -52134000,
      "opex": 12204000,
      "cogs": 2692000,
      "rd": 4274000,
      "sga": null,
      "fcf": -878000,
      "ocf": -528000,
      "capex": -350000,
      "gross_margin": 0.7756292715452575,
      "op_margin": -0.24154025670945156,
      "fcf_margin": -0.07317886314385731,
      "op_leverage_ratio": Infinity,
      "fcf_margin_change": -0.0779125909545082
    },
    {
      "date": "2022-12-31T00:00:00",
      "quarter_label": "2022-12 (Q4)",
      "revenue": 12504000,
      "gross_profit": 9747000,
      "operating_income": -4731000,
      "net_income": -18437000,
      "opex": 14478000,
      "cogs": 2757000,
      "rd": 4223000,
      "sga": null,
      "fcf": -2134000,
      "ocf": -1671000,
      "capex": -463000,
      "gross_margin": 0.779510556621881,
      "op_margin": -0.3783589251439539,
      "fcf_margin": -0.17066538707613563,
      "op_leverage_ratio": 0.2263358756802475,
      "fcf_margin_change": -0.09748652393227832
    },
    {
      "date": "2023-03-31T00:00:00",
      "quarter_label": "2023-03 (Q1)",
      "revenue": 12149000,
      "gross_profit": 9426000,
      "operating_income": -3419000,
      "net_income": 5970000,
      "opex": 12845000,
      "cogs": 2723000,
      "rd": 4902000,
      "sga": null,
      "fcf": -3638000,
      "ocf": -2827000,
      "capex": -811000,
      "gross_margin": 0.7758663264466211,
      "op_margin": -0.28142233928718413,
      "fcf_margin": -0.29944851428101077,
      "incr_op_margin_yoy": 0.75054704595186,
      "rev_growth_yoy": 0.17711462067629105,
      "fcf_margin_change": -0.12878312720487514
    },
    {
      "date": "2023-06-30T00:00:00",
      "quarter_label": "2023-06 (Q2)",
      "revenue": 12868000,
      "gross_profit": 10247000,
      "operating_income": -2831000,
      "net_income": -8411000,
      "opex": 13078000,
      "cogs": 2621000,
      "rd": 4911000,
      "sga": null,
      "fcf": -2420000,
      "ocf": -2315000,
      "capex": -105000,
      "gross_margin": 0.7963164438918247,
      "op_margin": -0.22000310848616725,
      "fcf_margin": -0.18806341311781163,
      "incr_op_margin_yoy": 0.4843335103558152,
      "rev_growth_yoy": 0.17141556668183888,
      "rev_growth_yoy_accel": -0.005699053994452169,
      "op_leverage_ratio": 3.262620389109897,
      "fcf_margin_change": 0.11138510116319914
    },
    {
      "date": "2023-09-30T00:00:00",
      "quarter_label": "2023-09 (Q3)",
      "revenue": 13291000,
      "gross_profit": 10478000,
      "operating_income": -799000,
      "net_income": -6850000,
      "opex": 11277000,
      "cogs": 2813000,
      "rd": 4267000,
      "sga": null,
      "fcf": 552000,
      "ocf": 563000,
      "capex": -11000,
      "gross_margin": 0.7883530208411708,
      "op_margin": -0.06011586788052065,
      "fcf_margin": 0.041531863667143176,
      "incr_op_margin_yoy": 1.6233565351894819,
      "rev_growth_yoy": 0.10776796132688782,
      "rev_growth_yoy_accel": -0.06364760535495106,
      "op_leverage_ratio": Infinity,
      "fcf_margin_change": 0.2295952767849548
    },
    {
      "date": "2023-12-31T00:00:00",
      "quarter_label": "2023-12 (Q4)",
      "revenue": 13765000,
      "gross_profit": 10710000,
      "operating_income": -3692000,
      "net_income": 299000,
      "opex": 14402000,
      "cogs": 3055000,
      "rd": 4278000,
      "sga": null,
      "fcf": 1412000,
      "ocf": 1412000,
      "capex": null,
      "gross_margin": 0.7780602978568834,
      "op_margin": -0.2682164911006175,
      "fcf_margin": 0.10257900472212132,
      "incr_op_margin_yoy": 0.823949246629659,
      "rev_growth_yoy": 0.10084772872680742,
      "rev_growth_yoy_accel": -0.0069202326000804,
      "op_leverage_ratio": 0.12869576104130612,
      "fcf_margin_change": 0.061047141054978146
    },
    {
      "date": "2024-03-31T00:00:00",
      "quarter_label": "2024-03 (Q1)",
      "revenue": 14023000,
      "gross_profit": 10707000,
      "operating_income": -1143000,
      "net_income": -2814000,
      "opex": 11850000,
      "cogs": 3316000,
      "rd": 4458000,
      "sga": null,
      "fcf": -992000,
      "ocf": -886000,
      "capex": -106000,
      "gross_margin": 0.763531341367753,
      "op_margin": -0.08150894958282821,
      "fcf_margin": -0.07074092562219211,
      "incr_op_margin_yoy": 1.2145144076840981,
      "rev_growth_yoy": 0.15425137871429748,
      "rev_growth_yoy_accel": 0.05340364998749006,
      "op_leverage_ratio": Infinity,
      "fcf_margin_change": -0.17331993034431342
    },
    {
      "date": "2024-06-30T00:00:00",
      "quarter_label": "2024-06 (Q2)",
      "revenue": 15289000,
      "gross_profit": 11789000,
      "operating_income": -478000,
      "net_income": -162000,
      "opex": 12267000,
      "cogs": 3500000,
      "rd": 4555000,
      "sga": null,
      "fcf": 567000,
      "ocf": 597000,
      "capex": -30000,
      "gross_margin": 0.7710772450781608,
      "op_margin": -0.03126430767218261,
      "fcf_margin": 0.037085486297337954,
      "incr_op_margin_yoy": 0.9719124328789757,
      "rev_growth_yoy": 0.18814112527199253,
      "rev_growth_yoy_accel": 0.033889746557695055,
      "op_leverage_ratio": 2.56551800561975,
      "fcf_margin_change": 0.10782641191953007
    },
    {
      "date": "2024-09-30T00:00:00",
      "quarter_label": "2024-09 (Q3)",
      "revenue": 16686000,
      "gross_profit": 12633000,
      "operating_income": -235000,
      "net_income": 1500000,
      "opex": 12868000,
      "cogs": 4053000,
      "rd": 4779000,
      "sga": null,
      "fcf": 1952000,
      "ocf": 1993000,
      "capex": -41000,
      "gross_margin": 0.7571017619561309,
      "op_margin": -0.014083662950976867,
      "fcf_margin": 0.11698429821407168,
      "incr_op_margin_yoy": 0.16612665684830633,
      "rev_growth_yoy": 0.25543600932962157,
      "rev_growth_yoy_accel": 0.06729488405762904,
      "op_leverage_ratio": 1.8650102316010475,
      "fcf_margin_change": 0.07989881191673373
    },
    {
      "date": "2024-12-31T00:00:00",
      "quarter_label": "2024-12 (Q4)",
      "revenue": 17461000,
      "gross_profit": 13181000,
      "operating_income": -1104000,
      "net_income": -661000,
      "opex": 14285000,
      "cogs": 4280000,
      "rd": 5309000,
      "sga": null,
      "fcf": -481000,
      "ocf": -407000,
      "capex": -74000,
      "gross_margin": 0.754882309146097,
      "op_margin": -0.06322661932306282,
      "fcf_margin": -0.027547104976805452,
      "incr_op_margin_yoy": 0.7002164502164502,
      "rev_growth_yoy": 0.2685070831819833,
      "rev_growth_yoy_accel": 0.013071073852361725,
      "op_leverage_ratio": 0.42178454784968844,
      "fcf_margin_change": -0.14453140319087712
    },
    {
      "date": "2025-03-31T00:00:00",
      "quarter_label": "2025-03 (Q1)",
      "revenue": 18000000,
      "gross_profit": 13414000,
      "operating_income": -974000,
      "net_income": -818000,
      "opex": 14388000,
      "cogs": 4586000,
      "rd": 5761000,
      "sga": null,
      "fcf": -1784000,
      "ocf": -1737000,
      "capex": -47000,
      "gross_margin": 0.7452222222222222,
      "op_margin": -0.05411111111111111,
      "fcf_margin": -0.09911111111111111,
      "incr_op_margin_yoy": 0.042494342469197886,
      "rev_growth_yoy": 0.28360550524138917,
      "rev_growth_yoy_accel": 0.01509842205940587,
      "op_leverage_ratio": 4.281171965484244,
      "fcf_margin_change": -0.07156400613430566
    },
    {
      "date": "2025-06-30T00:00:00",
      "quarter_label": "2025-06 (Q2)",
      "revenue": 19276000,
      "gross_profit": 14293000,
      "operating_income": 446000,
      "net_income": 507000,
      "opex": 13847000,
      "cogs": 4983000,
      "rd": 6069000,
      "sga": null,
      "fcf": -1201000,
      "ocf": -1099000,
      "capex": -102000,
      "gross_margin": 0.7414920107906204,
      "op_margin": 0.023137580410873625,
      "fcf_margin": -0.06230545756380992,
      "incr_op_margin_yoy": 0.23175319789315274,
      "rev_growth_yoy": 0.260775721106678,
      "rev_growth_yoy_accel": -0.02282978413471115,
      "op_leverage_ratio": Infinity,
      "fcf_margin_change": 0.03680565354730119
    },
    {
      "date": "2025-09-30T00:00:00",
      "quarter_label": "2025-09 (Q3)",
      "revenue": 20425000,
      "gross_profit": 15143000,
      "operating_income": -1452000,
      "net_income": -1291000,
      "opex": 16595000,
      "cogs": 5282000,
      "rd": 6663000,
      "sga": null,
      "fcf": 712000,
      "ocf": 804000,
      "capex": -92000,
      "gross_margin": 0.7413953488372093,
      "op_margin": -0.07108935128518971,
      "fcf_margin": 0.03485924112607099,
      "incr_op_margin_yoy": -0.32548809842203796,
      "rev_growth_yoy": 0.22408006712213832,
      "rev_growth_yoy_accel": -0.036695653984539695,
      "op_leverage_ratio": 0.3003599856282129,
      "fcf_margin_change": 0.09716469868988091
    }
  ],
  "signals": [
    {
      "quarter": "2025-09 (Q3)",
      "signal": "FCF TURNED POSITIVE",
      "detail": "FCF margin: -6.2% -> +3.5%",
      "severity": "HIGH"
    },
    {
      "quarter": "2025-06 (Q2)",
      "signal": "OP MARGIN TURNED POSITIVE (YoY)",
      "detail": "Op margin: -3.1% (year-ago) -> +2.3%",
      "severity": "HIGH"
    },
    {
      "quarter": "2025-06 (Q2)",
      "signal": "OP MARGIN TURNED POSITIVE (QoQ)",
      "detail": "Op margin: -5.4% -> +2.3%",
      "severity": "HIGH"
    },
    {
      "quarter": "2025-03 (Q1)",
      "signal": "OPERATING LEVERAGE",
      "detail": "Rev growth +3.1% vs OpEx growth +0.7% (leverage: 4.3x)",
      "severity": "MEDIUM"
    },
    {
      "quarter": "2024-09 (Q3)",
      "signal": "FCF MARGIN EXPANSION",
      "detail": "FCF margin: +3.7% -> +11.7% (+8.0%)",
      "severity": "MEDIUM"
    },
    {
      "quarter": "2024-09 (Q3)",
      "signal": "OPERATING LEVERAGE",
      "detail": "Rev growth +9.1% vs OpEx growth +4.9% (leverage: 1.9x)",
      "severity": "MEDIUM"
    },
    {
      "quarter": "2024-09 (Q3)",
      "signal": "YoY REVENUE GROWTH ACCELERATION",
      "detail": "YoY growth: +25.5% vs prior quarter YoY: +18.8% (accel: +6.7%)",
      "severity": "MEDIUM"
    },
    {
      "quarter": "2024-06 (Q2)",
      "signal": "FCF TURNED POSITIVE",
      "detail": "FCF margin: -7.1% -> +3.7%",
      "severity": "HIGH"
    },
    {
      "quarter": "2024-06 (Q2)",
      "signal": "OPERATING LEVERAGE",
      "detail": "Rev growth +9.0% vs OpEx growth +3.5% (leverage: 2.6x)",
      "severity": "MEDIUM"
    },
    {
      "quarter": "2024-03 (Q1)",
      "signal": "YoY REVENUE GROWTH ACCELERATION",
      "detail": "YoY growth: +15.4% vs prior quarter YoY: +10.1% (accel: +5.3%)",
      "severity": "MEDIUM"
    },
    {
      "quarter": "2023-12 (Q4)",
      "signal": "FCF MARGIN EXPANSION",
      "detail": "FCF margin: +4.2% -> +10.3% (+6.1%)",
      "severity": "MEDIUM"
    },
    {
      "quarter": "2023-09 (Q3)",
      "signal": "FCF TURNED POSITIVE",
      "detail": "FCF margin: -18.8% -> +4.2%",
      "severity": "HIGH"
    },
    {
      "quarter": "2023-09 (Q3)",
      "signal": "YoY REVENUE GROWTH DECELERATION",
      "detail": "YoY growth: +10.8% vs prior quarter YoY: +17.1% (decel: -6.4%)",
      "severity": "WARNING"
    },
    {
      "quarter": "2023-06 (Q2)",
      "signal": "FCF MARGIN EXPANSION",
      "detail": "FCF margin: -29.9% -> -18.8% (+11.1%)",
      "severity": "MEDIUM"
    },
    {
      "quarter": "2023-06 (Q2)",
      "signal": "OPERATING LEVERAGE",
      "detail": "Rev growth +5.9% vs OpEx growth +1.8% (leverage: 3.3x)",
      "severity": "MEDIUM"
    },
    {
      "quarter": "2023-06 (Q2)",
      "signal": "GROSS MARGIN INFLECTION",
      "detail": "GM: +78.0% -> +77.6% -> +79.6% (reversal +2.0%)",
      "severity": "MEDIUM"
    },
    {
      "quarter": "2022-06 (Q2)",
      "signal": "FCF TURNED POSITIVE",
      "detail": "FCF margin: -62.0% -> +0.5%",
      "severity": "HIGH"
    }
  ],
  "data_quality": {
    "n_quarters": 15,
    "coverage": {
      "revenue": [
        15,
        15
      ],
      "gross_profit": [
        15,
        15
      ],
      "op_income": [
        15,
        15
      ],
      "fcf": [
        15,
        15
      ]
    },
    "gaps": [],
    "warnings": []
  },
  "market_cap": null,
  "source": "SEC EDGAR",
  "last_updated": "2026-02-03T00:59:48.525919"
}