{
  "ticker": "MTRN",
  "name": "MATERION CORPORATION",
  "quarters": [
    {
      "date": "2020-12-31T00:00:00",
      "quarter_label": "2020-12 (Q4)",
      "revenue": 339689000,
      "gross_profit": 55797000,
      "operating_income": 6828000,
      "net_income": 8066000,
      "opex": 48969000,
      "cogs": 283892000,
      "rd": 6179000,
      "sga": 34671000,
      "fcf": 624000,
      "ocf": 21613000,
      "capex": -20989000,
      "gross_margin": 0.1642590722690461,
      "op_margin": 0.020100739205567444,
      "fcf_margin": 0.0018369744089446523
    },
    {
      "date": "2021-04-02T00:00:00",
      "quarter_label": "2021-04 (Q2)",
      "revenue": 2692000,
      "gross_profit": 66796000,
      "operating_income": 19718000,
      "net_income": 16767000,
      "opex": 47078000,
      "cogs": 287590000,
      "rd": 6206000,
      "sga": 36776000,
      "fcf": -15800000,
      "ocf": 15450000,
      "capex": -31250000,
      "gross_margin": 24.812778603268946,
      "op_margin": 7.324665676077266,
      "fcf_margin": -5.869242199108469,
      "fcf_margin_change": -5.871079173517414
    },
    {
      "date": "2021-07-02T00:00:00",
      "quarter_label": "2021-07 (Q3)",
      "revenue": 3195000,
      "gross_profit": 69581000,
      "operating_income": 20723000,
      "net_income": 17868000,
      "opex": 48858000,
      "cogs": 301418000,
      "rd": 6604000,
      "sga": 38060000,
      "fcf": 2153000,
      "ocf": 28615000,
      "capex": -26462000,
      "gross_margin": 21.778090766823162,
      "op_margin": 6.486071987480438,
      "fcf_margin": 0.6738654147104851,
      "op_leverage_ratio": 4.9418656193131545,
      "fcf_margin_change": 6.543107613818954
    },
    {
      "date": "2021-10-01T00:00:00",
      "quarter_label": "2021-10 (Q4)",
      "revenue": 3068000,
      "gross_profit": 74313000,
      "operating_income": 21160000,
      "net_income": 18156000,
      "opex": 53153000,
      "cogs": 313715000,
      "rd": 6354000,
      "sga": 43195000,
      "fcf": -23475000,
      "ocf": -3547000,
      "capex": -19928000,
      "gross_margin": 24.221968709256846,
      "op_margin": 6.897001303780965,
      "fcf_margin": -7.651564537157758,
      "fcf_margin_change": -8.325429951868243
    },
    {
      "date": "2021-12-31T00:00:00",
      "quarter_label": "2021-12 (Q4)",
      "revenue": 1501689000,
      "gross_profit": 73072000,
      "operating_income": 15510000,
      "net_income": 19683000,
      "opex": 57562000,
      "cogs": 324159000,
      "rd": 7411000,
      "sga": 45746000,
      "fcf": 24453000,
      "ocf": 49723000,
      "capex": -25270000,
      "gross_margin": 0.04865987564668849,
      "op_margin": 0.010328370255092766,
      "fcf_margin": 0.01628366459366753,
      "incr_op_margin_yoy": 0.0074716006884681585,
      "rev_growth_yoy": 3.4207760628103943,
      "op_leverage_ratio": 5888.763887085885,
      "fcf_margin_change": 7.667848201751426
    },
    {
      "date": "2022-04-01T00:00:00",
      "quarter_label": "2022-04 (Q2)",
      "revenue": 449045000,
      "gross_profit": 75291000,
      "operating_income": 19606000,
      "net_income": 14019000,
      "opex": 55685000,
      "cogs": 373754000,
      "rd": 7074000,
      "sga": 41662000,
      "fcf": -33281000,
      "ocf": -14304000,
      "capex": -18977000,
      "gross_margin": 0.16766916456034472,
      "op_margin": 0.04366154839715396,
      "fcf_margin": -0.07411506641873308,
      "incr_op_margin_yoy": -0.0002509224761567638,
      "rev_growth_yoy": 165.80720653789004,
      "rev_growth_yoy_accel": 162.38643047507964,
      "fcf_margin_change": -0.09039873101240062
    },
    {
      "date": "2022-07-01T00:00:00",
      "quarter_label": "2022-07 (Q3)",
      "revenue": 445295000,
      "gross_profit": 87427000,
      "operating_income": 31860000,
      "net_income": 23255000,
      "opex": 55567000,
      "cogs": 357868000,
      "rd": 7592000,
      "sga": 42047000,
      "fcf": 16966000,
      "ocf": 35719000,
      "capex": -18753000,
      "gross_margin": 0.1963350138672116,
      "op_margin": 0.07154807487171426,
      "fcf_margin": 0.03810058500544583,
      "incr_op_margin_yoy": 0.02519113322777652,
      "rev_growth_yoy": 138.37245696400626,
      "rev_growth_yoy_accel": -27.434749573883778,
      "fcf_margin_change": 0.11221565142417891
    },
    {
      "date": "2022-09-30T00:00:00",
      "quarter_label": "2022-09 (Q3)",
      "revenue": 428191000,
      "gross_profit": 82743000,
      "operating_income": 29097000,
      "net_income": 19952000,
      "opex": 53646000,
      "cogs": 345448000,
      "rd": 7430000,
      "sga": 38958000,
      "fcf": -3717000,
      "ocf": 12789000,
      "capex": -16506000,
      "gross_margin": 0.1932385314030421,
      "op_margin": 0.06795331989696186,
      "fcf_margin": -0.008680705572980282,
      "incr_op_margin_yoy": 0.01866989083159462,
      "rev_growth_yoy": 138.5668187744459,
      "rev_growth_yoy_accel": 0.19436181043963074,
      "fcf_margin_change": -0.046781290578426116
    },
    {
      "date": "2022-12-31T00:00:00",
      "quarter_label": "2022-12 (Q4)",
      "revenue": 434578000,
      "gross_profit": 98419000,
      "operating_income": 39191000,
      "net_income": 28764000,
      "opex": 59228000,
      "cogs": 336159000,
      "rd": 6881000,
      "sga": 46672000,
      "fcf": 58382000,
      "ocf": 81754000,
      "capex": -23372000,
      "gross_margin": 0.22647027691231494,
      "op_margin": 0.09018173952662123,
      "fcf_margin": 0.13434182126108546,
      "incr_op_margin_yoy": -0.02219169327277106,
      "rev_growth_yoy": -0.7106071896378011,
      "rev_growth_yoy_accel": -139.2774259640837,
      "op_leverage_ratio": 0.14335303580962636,
      "fcf_margin_change": 0.14302252683406574
    },
    {
      "date": "2023-03-31T00:00:00",
      "quarter_label": "2023-03 (Q1)",
      "revenue": 442526000,
      "gross_profit": 91336000,
      "operating_income": 36940000,
      "net_income": 25588000,
      "opex": 54396000,
      "cogs": 351190000,
      "rd": 7621000,
      "sga": 40336000,
      "fcf": 8091000,
      "ocf": 38105000,
      "capex": -30014000,
      "gross_margin": 0.2063969122718213,
      "op_margin": 0.08347532122406368,
      "fcf_margin": 0.01828367146789115,
      "incr_op_margin_yoy": -2.658996778647032,
      "rev_growth_yoy": -0.014517475976795199,
      "rev_growth_yoy_accel": 0.6960897136610059,
      "op_leverage_ratio": Infinity,
      "fcf_margin_change": -0.11605814979319432
    },
    {
      "date": "2023-06-30T00:00:00",
      "quarter_label": "2023-06 (Q2)",
      "revenue": 398551000,
      "gross_profit": 89055000,
      "operating_income": 35344000,
      "net_income": 24082000,
      "opex": 53711000,
      "cogs": 309496000,
      "rd": 7154000,
      "sga": 38911000,
      "fcf": 32417000,
      "ocf": 32417000,
      "capex": null,
      "gross_margin": 0.22344693652757114,
      "op_margin": 0.08868124782022878,
      "fcf_margin": 0.08133714380342792,
      "incr_op_margin_yoy": -0.07453362998459695,
      "rev_growth_yoy": -0.1049731077151102,
      "rev_growth_yoy_accel": -0.090455631738315,
      "fcf_margin_change": 0.06305347233553676
    },
    {
      "date": "2023-09-29T00:00:00",
      "quarter_label": "2023-09 (Q3)",
      "revenue": 403067000,
      "gross_profit": 88936000,
      "operating_income": 36520000,
      "net_income": 26564000,
      "opex": 52416000,
      "cogs": 314131000,
      "rd": 6322000,
      "sga": 38806000,
      "fcf": 13983000,
      "ocf": 13983000,
      "capex": null,
      "gross_margin": 0.22064818007924242,
      "op_margin": 0.09060528398504467,
      "fcf_margin": 0.034691502901502726,
      "incr_op_margin_yoy": -0.29545454545454547,
      "rev_growth_yoy": -0.058674750286671136,
      "rev_growth_yoy_accel": 0.04629835742843907,
      "op_leverage_ratio": Infinity,
      "fcf_margin_change": -0.046645640901925196
    },
    {
      "date": "2023-12-31T00:00:00",
      "quarter_label": "2023-12 (Q4)",
      "revenue": 421043000,
      "gross_profit": 79715000,
      "operating_income": 27640000,
      "net_income": 19468000,
      "opex": 52075000,
      "cogs": 341328000,
      "rd": 6442000,
      "sga": 39858000,
      "fcf": 34610000,
      "ocf": 59909000,
      "capex": -25299000,
      "gross_margin": 0.1893274558655529,
      "op_margin": 0.06564650166372556,
      "fcf_margin": 0.08220063033941902,
      "incr_op_margin_yoy": 0.8534170668636868,
      "rev_growth_yoy": -0.031145156910842242,
      "rev_growth_yoy_accel": 0.027529593375828894,
      "op_leverage_ratio": Infinity,
      "fcf_margin_change": 0.04750912743791629
    },
    {
      "date": "2024-03-29T00:00:00",
      "quarter_label": "2024-03 (Q1)",
      "revenue": 385287000,
      "gross_profit": 71212000,
      "operating_income": 22249000,
      "net_income": 13409000,
      "opex": 48963000,
      "cogs": 314075000,
      "rd": 7142000,
      "sga": 35844000,
      "fcf": -35119000,
      "ocf": -13805000,
      "capex": -21314000,
      "gross_margin": 0.18482845255614647,
      "op_margin": 0.05774656295177361,
      "fcf_margin": -0.09115023346232808,
      "incr_op_margin_yoy": 0.2566606684253743,
      "rev_growth_yoy": -0.12934607232117434,
      "rev_growth_yoy_accel": -0.0982009154103321,
      "fcf_margin_change": -0.17335086380174708
    },
    {
      "date": "2024-06-28T00:00:00",
      "quarter_label": "2024-06 (Q2)",
      "revenue": 425866000,
      "gross_profit": 80859000,
      "operating_income": 32062000,
      "net_income": 19036000,
      "opex": 48797000,
      "cogs": 345007000,
      "rd": 7702000,
      "sga": 33601000,
      "fcf": 20282000,
      "ocf": 20282000,
      "capex": null,
      "gross_margin": 0.18986958339008045,
      "op_margin": 0.07528659249623121,
      "fcf_margin": 0.047625309369613913,
      "incr_op_margin_yoy": -0.12015376166941241,
      "rev_growth_yoy": 0.06853577082983106,
      "rev_growth_yoy_accel": 0.1978818431510054,
      "op_leverage_ratio": Infinity,
      "fcf_margin_change": 0.138775542831942
    },
    {
      "date": "2024-09-27T00:00:00",
      "quarter_label": "2024-09 (Q3)",
      "revenue": 436715000,
      "gross_profit": 80938000,
      "operating_income": 31259000,
      "net_income": 22294000,
      "opex": 49679000,
      "cogs": 355777000,
      "rd": 7868000,
      "sga": 35009000,
      "fcf": 5087000,
      "ocf": 5087000,
      "capex": null,
      "gross_margin": 0.1853336844395086,
      "op_margin": 0.07157757347469174,
      "fcf_margin": 0.011648329001751714,
      "incr_op_margin_yoy": -0.15635401806942464,
      "rev_growth_yoy": 0.0834799177307991,
      "rev_growth_yoy_accel": 0.014944146900968042,
      "op_leverage_ratio": 1.409422753069581,
      "fcf_margin_change": -0.0359769803678622
    },
    {
      "date": "2024-12-31T00:00:00",
      "quarter_label": "2024-12 (Q4)",
      "revenue": 436871000,
      "gross_profit": 92976000,
      "operating_income": -38347000,
      "net_income": -48851000,
      "opex": 131323000,
      "cogs": 343895000,
      "rd": 6316000,
      "sga": 41134000,
      "fcf": 58334000,
      "ocf": 76253000,
      "capex": -17919000,
      "gross_margin": 0.21282254944823528,
      "op_margin": -0.08777648321815822,
      "fcf_margin": 0.13352683057470055,
      "incr_op_margin_yoy": -4.169004296183978,
      "rev_growth_yoy": 0.03759235992523329,
      "rev_growth_yoy_accel": -0.04588755780556581,
      "fcf_margin_change": 0.12187850157294884
    },
    {
      "date": "2025-03-28T00:00:00",
      "quarter_label": "2025-03 (Q1)",
      "revenue": 420330000,
      "gross_profit": 76179000,
      "operating_income": 27195000,
      "net_income": 17698000,
      "opex": 48984000,
      "cogs": 344151000,
      "rd": 6505000,
      "sga": 35445000,
      "fcf": 3181000,
      "ocf": 15502000,
      "capex": -12321000,
      "gross_margin": 0.18123617157947328,
      "op_margin": 0.06469916494183142,
      "fcf_margin": 0.007567863345466657,
      "incr_op_margin_yoy": 0.1411408840567303,
      "rev_growth_yoy": 0.0909529779099736,
      "rev_growth_yoy_accel": 0.05336061798474031,
      "fcf_margin_change": -0.1259589672292339
    },
    {
      "date": "2025-06-27T00:00:00",
      "quarter_label": "2025-06 (Q2)",
      "revenue": 431658000,
      "gross_profit": 82658000,
      "operating_income": 36819000,
      "net_income": 25140000,
      "opex": 45839000,
      "cogs": 349000000,
      "rd": 6413000,
      "sga": 35039000,
      "fcf": 49940000,
      "ocf": 49940000,
      "capex": null,
      "gross_margin": 0.1914895588637301,
      "op_margin": 0.08529669321546224,
      "fcf_margin": 0.11569344249382613,
      "incr_op_margin_yoy": 0.8213052486187845,
      "rev_growth_yoy": 0.01360052222999723,
      "rev_growth_yoy_accel": -0.07735245567997637,
      "op_leverage_ratio": Infinity,
      "fcf_margin_change": 0.10812557914835946
    },
    {
      "date": "2025-09-26T00:00:00",
      "quarter_label": "2025-09 (Q3)",
      "revenue": 444808000,
      "gross_profit": 86123000,
      "operating_income": 34943000,
      "net_income": 25412000,
      "opex": 51180000,
      "cogs": 358685000,
      "rd": 6548000,
      "sga": 38256000,
      "fcf": 18282000,
      "ocf": 18282000,
      "capex": null,
      "gross_margin": 0.19361837017319833,
      "op_margin": 0.07855748997320192,
      "fcf_margin": 0.041100879480584884,
      "incr_op_margin_yoy": 0.45520820462127765,
      "rev_growth_yoy": 0.0185315365856451,
      "rev_growth_yoy_accel": 0.00493101435564787,
      "op_leverage_ratio": 0.26145594144817863,
      "fcf_margin_change": -0.07459256301324124
    }
  ],
  "signals": [
    {
      "quarter": "2025-09 (Q3)",
      "signal": "INCREMENTAL MARGIN (YoY)",
      "detail": "YoY Incr OPM: +45.5% vs year-ago OPM: +7.2%",
      "severity": "HIGH"
    },
    {
      "quarter": "2025-06 (Q2)",
      "signal": "FCF MARGIN EXPANSION",
      "detail": "FCF margin: +0.8% -> +11.6% (+10.8%)",
      "severity": "MEDIUM"
    },
    {
      "quarter": "2025-06 (Q2)",
      "signal": "YoY REVENUE GROWTH DECELERATION",
      "detail": "YoY growth: +1.4% vs prior quarter YoY: +9.1% (decel: -7.7%)",
      "severity": "WARNING"
    },
    {
      "quarter": "2025-06 (Q2)",
      "signal": "INCREMENTAL MARGIN (YoY)",
      "detail": "YoY Incr OPM: +82.1% vs year-ago OPM: +7.5%",
      "severity": "HIGH"
    },
    {
      "quarter": "2025-03 (Q1)",
      "signal": "YoY REVENUE GROWTH ACCELERATION",
      "detail": "YoY growth: +9.1% vs prior quarter YoY: +3.8% (accel: +5.3%)",
      "severity": "MEDIUM"
    },
    {
      "quarter": "2025-03 (Q1)",
      "signal": "OP MARGIN TURNED POSITIVE (QoQ)",
      "detail": "Op margin: -8.8% -> +6.5%",
      "severity": "HIGH"
    },
    {
      "quarter": "2024-12 (Q4)",
      "signal": "FCF MARGIN EXPANSION",
      "detail": "FCF margin: +1.2% -> +13.4% (+12.2%)",
      "severity": "MEDIUM"
    },
    {
      "quarter": "2024-12 (Q4)",
      "signal": "GROSS MARGIN INFLECTION",
      "detail": "GM: +19.0% -> +18.5% -> +21.3% (reversal +2.7%)",
      "severity": "MEDIUM"
    },
    {
      "quarter": "2024-06 (Q2)",
      "signal": "FCF TURNED POSITIVE",
      "detail": "FCF margin: -9.1% -> +4.8%",
      "severity": "HIGH"
    },
    {
      "quarter": "2024-06 (Q2)",
      "signal": "YoY REVENUE GROWTH ACCELERATION",
      "detail": "YoY growth: +6.9% vs prior quarter YoY: -12.9% (accel: +19.8%)",
      "severity": "HIGH"
    },
    {
      "quarter": "2024-03 (Q1)",
      "signal": "YoY REVENUE GROWTH DECELERATION",
      "detail": "YoY growth: -12.9% vs prior quarter YoY: -3.1% (decel: -9.8%)",
      "severity": "WARNING"
    },
    {
      "quarter": "2024-03 (Q1)",
      "signal": "INCREMENTAL MARGIN (YoY)",
      "detail": "YoY Incr OPM: +25.7% vs year-ago OPM: +8.3%",
      "severity": "MEDIUM"
    },
    {
      "quarter": "2023-12 (Q4)",
      "signal": "INCREMENTAL MARGIN (YoY)",
      "detail": "YoY Incr OPM: +85.3% vs year-ago OPM: +9.0%",
      "severity": "HIGH"
    },
    {
      "quarter": "2023-06 (Q2)",
      "signal": "FCF MARGIN EXPANSION",
      "detail": "FCF margin: +1.8% -> +8.1% (+6.3%)",
      "severity": "MEDIUM"
    },
    {
      "quarter": "2023-06 (Q2)",
      "signal": "YoY REVENUE GROWTH DECELERATION",
      "detail": "YoY growth: -10.5% vs prior quarter YoY: -1.5% (decel: -9.0%)",
      "severity": "WARNING"
    },
    {
      "quarter": "2023-03 (Q1)",
      "signal": "YoY REVENUE GROWTH ACCELERATION",
      "detail": "YoY growth: -1.5% vs prior quarter YoY: -71.1% (accel: +69.6%)",
      "severity": "HIGH"
    },
    {
      "quarter": "2022-12 (Q4)",
      "signal": "FCF TURNED POSITIVE",
      "detail": "FCF margin: -0.9% -> +13.4%",
      "severity": "HIGH"
    },
    {
      "quarter": "2022-12 (Q4)",
      "signal": "GROSS MARGIN INFLECTION",
      "detail": "GM: +19.6% -> +19.3% -> +22.6% (reversal +3.3%)",
      "severity": "MEDIUM"
    },
    {
      "quarter": "2022-12 (Q4)",
      "signal": "YoY REVENUE GROWTH DECELERATION",
      "detail": "YoY growth: -71.1% vs prior quarter YoY: +13856.7% (decel: -13927.7%)",
      "severity": "WARNING"
    },
    {
      "quarter": "2022-09 (Q3)",
      "signal": "YoY REVENUE GROWTH ACCELERATION",
      "detail": "YoY growth: +13856.7% vs prior quarter YoY: +13837.2% (accel: +19.4%)",
      "severity": "HIGH"
    },
    {
      "quarter": "2022-07 (Q3)",
      "signal": "FCF TURNED POSITIVE",
      "detail": "FCF margin: -7.4% -> +3.8%",
      "severity": "HIGH"
    },
    {
      "quarter": "2022-07 (Q3)",
      "signal": "YoY REVENUE GROWTH DECELERATION",
      "detail": "YoY growth: +13837.2% vs prior quarter YoY: +16580.7% (decel: -2743.5%)",
      "severity": "WARNING"
    },
    {
      "quarter": "2022-04 (Q2)",
      "signal": "GROSS MARGIN INFLECTION",
      "detail": "GM: +2422.2% -> +4.9% -> +16.8% (reversal +11.9%)",
      "severity": "HIGH"
    },
    {
      "quarter": "2022-04 (Q2)",
      "signal": "YoY REVENUE GROWTH ACCELERATION",
      "detail": "YoY growth: +16580.7% vs prior quarter YoY: +342.1% (accel: +16238.6%)",
      "severity": "HIGH"
    },
    {
      "quarter": "2021-12 (Q4)",
      "signal": "FCF TURNED POSITIVE",
      "detail": "FCF margin: -765.2% -> +1.6%",
      "severity": "HIGH"
    },
    {
      "quarter": "2021-12 (Q4)",
      "signal": "OPERATING LEVERAGE",
      "detail": "Rev growth +48846.8% vs OpEx growth +8.3% (leverage: 5888.8x)",
      "severity": "MEDIUM"
    },
    {
      "quarter": "2021-10 (Q4)",
      "signal": "GROSS MARGIN INFLECTION",
      "detail": "GM: +2481.3% -> +2177.8% -> +2422.2% (reversal +244.4%)",
      "severity": "HIGH"
    },
    {
      "quarter": "2021-07 (Q3)",
      "signal": "FCF TURNED POSITIVE",
      "detail": "FCF margin: -586.9% -> +67.4%",
      "severity": "HIGH"
    },
    {
      "quarter": "2021-07 (Q3)",
      "signal": "OPERATING LEVERAGE",
      "detail": "Rev growth +18.7% vs OpEx growth +3.8% (leverage: 4.9x)",
      "severity": "MEDIUM"
    }
  ],
  "data_quality": {
    "n_quarters": 20,
    "coverage": {
      "revenue": [
        20,
        20
      ],
      "gross_profit": [
        20,
        20
      ],
      "op_income": [
        20,
        20
      ],
      "fcf": [
        20,
        20
      ]
    },
    "gaps": [],
    "warnings": []
  },
  "market_cap": null,
  "source": "SEC EDGAR",
  "last_updated": "2026-02-02T21:25:27.478247",
  "sector": "Basic Materials",
  "industry": "Other Industrial Metals & Mining"
}