{
  "ticker": "MTRX",
  "name": "MATRIX SERVICE CO",
  "quarters": [
    {
      "date": "2020-12-31T00:00:00",
      "quarter_label": "2020-12 (Q4)",
      "revenue": 167468000,
      "gross_profit": 15313000,
      "operating_income": -6456000,
      "net_income": -4591000,
      "opex": 21769000,
      "cogs": 152155000,
      "rd": null,
      "sga": 16724000,
      "fcf": 20553000,
      "ocf": 20844000,
      "capex": -291000,
      "gross_margin": 0.09143836434423293,
      "op_margin": -0.03855064848209807,
      "fcf_margin": 0.12272792414073136
    },
    {
      "date": "2021-03-31T00:00:00",
      "quarter_label": "2021-03 (Q1)",
      "revenue": 148260000,
      "gross_profit": 1560000,
      "operating_income": -17479000,
      "net_income": -12873000,
      "opex": 19039000,
      "cogs": 146700000,
      "rd": null,
      "sga": 17179000,
      "fcf": -19865000,
      "ocf": -19036000,
      "capex": -829000,
      "gross_margin": 0.010522055847834885,
      "op_margin": -0.11789423984891408,
      "fcf_margin": -0.13398758937002564,
      "fcf_margin_change": -0.256715513510757
    },
    {
      "date": "2021-06-30T00:00:00",
      "quarter_label": "2021-06 (Q2)",
      "revenue": 174899000,
      "gross_profit": 1542000,
      "operating_income": -16354000,
      "net_income": -10723000,
      "opex": 17896000,
      "cogs": 173357000,
      "rd": null,
      "sga": 17725000,
      "fcf": 9784000,
      "ocf": 10241000,
      "capex": -457000,
      "gross_margin": 0.008816516961217618,
      "op_margin": -0.0935053945419928,
      "fcf_margin": 0.05594085729478156,
      "op_leverage_ratio": Infinity,
      "fcf_margin_change": 0.18992844666480718
    },
    {
      "date": "2021-09-30T00:00:00",
      "quarter_label": "2021-09 (Q3)",
      "revenue": 168093000,
      "gross_profit": -3508000,
      "operating_income": -20742000,
      "net_income": null,
      "opex": 17234000,
      "cogs": 171601000,
      "rd": null,
      "sga": 16629000,
      "fcf": -19372000,
      "ocf": -19153000,
      "capex": -219000,
      "gross_margin": -0.020869399677559446,
      "op_margin": -0.12339597722689226,
      "fcf_margin": -0.11524572706775416,
      "fcf_margin_change": -0.1711865843625357
    },
    {
      "date": "2021-12-31T00:00:00",
      "quarter_label": "2021-12 (Q4)",
      "revenue": 161965000,
      "gross_profit": 3207000,
      "operating_income": -13410000,
      "net_income": null,
      "opex": 16617000,
      "cogs": 158758000,
      "rd": null,
      "sga": 15922000,
      "fcf": 30188000,
      "ocf": 30538000,
      "capex": -350000,
      "gross_margin": 0.019800574198129226,
      "op_margin": -0.08279566573025036,
      "fcf_margin": 0.18638594758126756,
      "incr_op_margin_yoy": 1.2636743594403053,
      "rev_growth_yoy": -0.03286000907636086,
      "fcf_margin_change": 0.30163167464902174
    },
    {
      "date": "2022-03-31T00:00:00",
      "quarter_label": "2022-03 (Q1)",
      "revenue": 177003000,
      "gross_profit": -1763000,
      "operating_income": -35538000,
      "net_income": null,
      "opex": 33775000,
      "cogs": 178766000,
      "rd": null,
      "sga": 17041000,
      "fcf": -34668000,
      "ocf": -33902000,
      "capex": -766000,
      "gross_margin": -0.009960283159042502,
      "op_margin": -0.20077625802952492,
      "fcf_margin": -0.19586108710021863,
      "incr_op_margin_yoy": -0.6282921059040462,
      "rev_growth_yoy": 0.19386887899635774,
      "rev_growth_yoy_accel": 0.2267288880727186,
      "op_leverage_ratio": 0.08991970253193685,
      "fcf_margin_change": -0.3822470346814862
    },
    {
      "date": "2022-06-30T00:00:00",
      "quarter_label": "2022-06 (Q2)",
      "revenue": 200719000,
      "gross_profit": 858000,
      "operating_income": -18164000,
      "net_income": null,
      "opex": 19022000,
      "cogs": 199861000,
      "rd": null,
      "sga": 18098000,
      "fcf": -33689000,
      "ocf": -31679000,
      "capex": -2010000,
      "gross_margin": 0.004274632695459822,
      "op_margin": -0.09049467165539885,
      "fcf_margin": -0.1678416094141561,
      "incr_op_margin_yoy": -0.07010069713400464,
      "rev_growth_yoy": 0.1476280596229824,
      "rev_growth_yoy_accel": -0.04624081937337535,
      "op_leverage_ratio": Infinity,
      "fcf_margin_change": 0.028019477686062527
    },
    {
      "date": "2022-09-30T00:00:00",
      "quarter_label": "2022-09 (Q3)",
      "revenue": 208431000,
      "gross_profit": 13008000,
      "operating_income": -5090000,
      "net_income": null,
      "opex": 18098000,
      "cogs": 195423000,
      "rd": null,
      "sga": 16811000,
      "fcf": -36807000,
      "ocf": -35229000,
      "capex": -1578000,
      "gross_margin": 0.06240914259395196,
      "op_margin": -0.02442055164538864,
      "fcf_margin": -0.17659081422629072,
      "incr_op_margin_yoy": 0.38802122068521,
      "rev_growth_yoy": 0.23997429994110403,
      "rev_growth_yoy_accel": 0.09234624031812164,
      "op_leverage_ratio": Infinity,
      "fcf_margin_change": -0.00874920481213462
    },
    {
      "date": "2022-12-31T00:00:00",
      "quarter_label": "2022-12 (Q4)",
      "revenue": 193840000,
      "gross_profit": -1302000,
      "operating_income": -32441000,
      "net_income": -32827000,
      "opex": 31139000,
      "cogs": 195142000,
      "rd": null,
      "sga": 17545000,
      "fcf": 16379000,
      "ocf": 17644000,
      "capex": -1265000,
      "gross_margin": -0.0067168799009492365,
      "op_margin": -0.16735967808501856,
      "fcf_margin": 0.08449752373091209,
      "incr_op_margin_yoy": -0.5970509803921569,
      "rev_growth_yoy": 0.19680177816194858,
      "rev_growth_yoy_accel": -0.043172521779155454,
      "fcf_margin_change": 0.2610883379572028
    },
    {
      "date": "2023-03-31T00:00:00",
      "quarter_label": "2023-03 (Q1)",
      "revenue": 186895000,
      "gross_profit": 4419000,
      "operating_income": -12759000,
      "net_income": -12686000,
      "opex": 17178000,
      "cogs": 182476000,
      "rd": null,
      "sga": 16862000,
      "fcf": 16619000,
      "ocf": 19988000,
      "capex": -3369000,
      "gross_margin": 0.0236442922496589,
      "op_margin": -0.06826827898017604,
      "fcf_margin": 0.08892158698734584,
      "incr_op_margin_yoy": 2.3027699150828953,
      "rev_growth_yoy": 0.055886058428388216,
      "rev_growth_yoy_accel": -0.14091571973356037,
      "fcf_margin_change": 0.004424063256433755
    },
    {
      "date": "2023-06-30T00:00:00",
      "quarter_label": "2023-06 (Q2)",
      "revenue": 205854000,
      "gross_profit": 14695000,
      "operating_income": -2597000,
      "net_income": -336000,
      "opex": 17292000,
      "cogs": 191159000,
      "rd": null,
      "sga": 17031000,
      "fcf": 5047000,
      "ocf": 7844000,
      "capex": -2797000,
      "gross_margin": 0.07138554509506738,
      "op_margin": -0.012615737367260292,
      "fcf_margin": 0.024517376392977547,
      "incr_op_margin_yoy": 3.031548198636806,
      "rev_growth_yoy": 0.02558302901070651,
      "rev_growth_yoy_accel": -0.030303029417681707,
      "op_leverage_ratio": 15.285705596021408,
      "fcf_margin_change": -0.0644042105943683
    },
    {
      "date": "2023-09-30T00:00:00",
      "quarter_label": "2023-09 (Q3)",
      "revenue": 197659000,
      "gross_profit": 11859000,
      "operating_income": -5254000,
      "net_income": -3167000,
      "opex": 17113000,
      "cogs": 185800000,
      "rd": null,
      "sga": 17113000,
      "fcf": -29353000,
      "ocf": -28875000,
      "capex": -478000,
      "gross_margin": 0.05999726802219985,
      "op_margin": -0.026581132151837255,
      "fcf_margin": -0.14850323031078777,
      "incr_op_margin_yoy": 0.015224656516895656,
      "rev_growth_yoy": -0.051681371772912856,
      "rev_growth_yoy_accel": -0.07726440078361936,
      "fcf_margin_change": -0.17302060670376532
    },
    {
      "date": "2023-12-31T00:00:00",
      "quarter_label": "2023-12 (Q4)",
      "revenue": 175042000,
      "gross_profit": 10589000,
      "operating_income": -5142000,
      "net_income": -2851000,
      "opex": 15731000,
      "cogs": 164453000,
      "rd": null,
      "sga": 15731000,
      "fcf": 29223000,
      "ocf": 29604000,
      "capex": -381000,
      "gross_margin": 0.060494052855886014,
      "op_margin": -0.02937580694918934,
      "fcf_margin": 0.16694850378766238,
      "incr_op_margin_yoy": -1.4522289605277157,
      "rev_growth_yoy": -0.09697688815517953,
      "rev_growth_yoy_accel": -0.04529551638226668,
      "fcf_margin_change": 0.3154517340984502
    },
    {
      "date": "2024-03-31T00:00:00",
      "quarter_label": "2024-03 (Q1)",
      "revenue": 166013000,
      "gross_profit": 5578000,
      "operating_income": -14370000,
      "net_income": -14581000,
      "opex": 19948000,
      "cogs": 160435000,
      "rd": null,
      "sga": 19948000,
      "fcf": 20008000,
      "ocf": 24838000,
      "capex": -4830000,
      "gross_margin": 0.033599778330612666,
      "op_margin": -0.08655948630528934,
      "fcf_margin": 0.12052068211525603,
      "incr_op_margin_yoy": 0.07714778277942726,
      "rev_growth_yoy": -0.11173118596003104,
      "rev_growth_yoy_accel": -0.014754297804851504,
      "fcf_margin_change": -0.04642782167240635
    },
    {
      "date": "2024-06-30T00:00:00",
      "quarter_label": "2024-06 (Q2)",
      "revenue": 189499000,
      "gross_profit": 12447000,
      "operating_income": -5347000,
      "net_income": -4377000,
      "opex": 17794000,
      "cogs": 177052000,
      "rd": null,
      "sga": 17293000,
      "fcf": 45699000,
      "ocf": 47004000,
      "capex": -1305000,
      "gross_margin": 0.06568372392466451,
      "op_margin": -0.02821650773882712,
      "fcf_margin": 0.24115694541923705,
      "incr_op_margin_yoy": 0.1681442983797004,
      "rev_growth_yoy": -0.07944951276147172,
      "rev_growth_yoy_accel": 0.03228167319855932,
      "op_leverage_ratio": Infinity,
      "fcf_margin_change": 0.12063626330398101
    },
    {
      "date": "2024-09-30T00:00:00",
      "quarter_label": "2024-09 (Q3)",
      "revenue": 165579000,
      "gross_profit": 7813000,
      "operating_income": -10767000,
      "net_income": -9223000,
      "opex": 18580000,
      "cogs": 157766000,
      "rd": null,
      "sga": 18580000,
      "fcf": 9974000,
      "ocf": 11918000,
      "capex": -1944000,
      "gross_margin": 0.04718593541451513,
      "op_margin": -0.06502636203866433,
      "fcf_margin": 0.060237107362648645,
      "incr_op_margin_yoy": 0.17185162094763093,
      "rev_growth_yoy": -0.16229971820154912,
      "rev_growth_yoy_accel": -0.0828502054400774,
      "fcf_margin_change": -0.1809198380565884
    },
    {
      "date": "2024-12-31T00:00:00",
      "quarter_label": "2024-12 (Q4)",
      "revenue": 187169000,
      "gross_profit": 10892000,
      "operating_income": -6394000,
      "net_income": -5533000,
      "opex": 17286000,
      "cogs": 176277000,
      "rd": null,
      "sga": 17286000,
      "fcf": 32683000,
      "ocf": 33598000,
      "capex": -915000,
      "gross_margin": 0.05819339741089603,
      "op_margin": -0.03416164001517345,
      "fcf_margin": 0.17461759158835063,
      "incr_op_margin_yoy": -0.10324070256452544,
      "rev_growth_yoy": 0.06928051553341484,
      "rev_growth_yoy_accel": 0.23158023373496395,
      "op_leverage_ratio": Infinity,
      "fcf_margin_change": 0.11438048422570199
    },
    {
      "date": "2025-03-31T00:00:00",
      "quarter_label": "2025-03 (Q1)",
      "revenue": 200161000,
      "gross_profit": 12850000,
      "operating_income": -5000000,
      "net_income": -3434000,
      "opex": 17850000,
      "cogs": 187311000,
      "rd": null,
      "sga": 17726000,
      "fcf": 28681000,
      "ocf": 31247000,
      "capex": -2566000,
      "gross_margin": 0.06419832035211655,
      "op_margin": -0.024979891187593986,
      "fcf_margin": 0.14328965183027662,
      "incr_op_margin_yoy": 0.2743938151575495,
      "rev_growth_yoy": 0.20569473474968827,
      "rev_growth_yoy_accel": 0.13641421921627345,
      "op_leverage_ratio": 2.127440862126764,
      "fcf_margin_change": -0.03132793975807402
    },
    {
      "date": "2025-06-30T00:00:00",
      "quarter_label": "2025-06 (Q2)",
      "revenue": 216377000,
      "gross_profit": 8122000,
      "operating_income": -12907000,
      "net_income": -11272000,
      "opex": 21029000,
      "cogs": 208255000,
      "rd": null,
      "sga": 17581000,
      "fcf": 38448000,
      "ocf": 40708000,
      "capex": -2260000,
      "gross_margin": 0.037536337041367614,
      "op_margin": -0.05965051738401032,
      "fcf_margin": 0.17768986537386136,
      "incr_op_margin_yoy": -0.2812709278964209,
      "rev_growth_yoy": 0.14183716009055455,
      "rev_growth_yoy_accel": -0.06385757465913372,
      "op_leverage_ratio": 0.45489584093360996,
      "fcf_margin_change": 0.034400213543584746
    },
    {
      "date": "2025-09-30T00:00:00",
      "quarter_label": "2025-09 (Q3)",
      "revenue": 211884000,
      "gross_profit": 14182000,
      "operating_income": -5500000,
      "net_income": -3663000,
      "opex": 19682000,
      "cogs": 197702000,
      "rd": null,
      "sga": 16334000,
      "fcf": -27910000,
      "ocf": -25899000,
      "capex": -2011000,
      "gross_margin": 0.06693285005002737,
      "op_margin": -0.02595759944120368,
      "fcf_margin": -0.13172301825527175,
      "incr_op_margin_yoy": 0.1137458157866321,
      "rev_growth_yoy": 0.2796550287174098,
      "rev_growth_yoy_accel": 0.13781786862685527,
      "fcf_margin_change": -0.3094128836291331
    }
  ],
  "signals": [
    {
      "quarter": "2025-09 (Q3)",
      "signal": "GROSS MARGIN INFLECTION",
      "detail": "GM: +6.4% -> +3.8% -> +6.7% (reversal +2.9%)",
      "severity": "MEDIUM"
    },
    {
      "quarter": "2025-09 (Q3)",
      "signal": "YoY REVENUE GROWTH ACCELERATION",
      "detail": "YoY growth: +28.0% vs prior quarter YoY: +14.2% (accel: +13.8%)",
      "severity": "MEDIUM"
    },
    {
      "quarter": "2025-06 (Q2)",
      "signal": "YoY REVENUE GROWTH DECELERATION",
      "detail": "YoY growth: +14.2% vs prior quarter YoY: +20.6% (decel: -6.4%)",
      "severity": "WARNING"
    },
    {
      "quarter": "2025-03 (Q1)",
      "signal": "OPERATING LEVERAGE",
      "detail": "Rev growth +6.9% vs OpEx growth +3.3% (leverage: 2.1x)",
      "severity": "MEDIUM"
    },
    {
      "quarter": "2025-03 (Q1)",
      "signal": "YoY REVENUE GROWTH ACCELERATION",
      "detail": "YoY growth: +20.6% vs prior quarter YoY: +6.9% (accel: +13.6%)",
      "severity": "MEDIUM"
    },
    {
      "quarter": "2024-12 (Q4)",
      "signal": "FCF MARGIN EXPANSION",
      "detail": "FCF margin: +6.0% -> +17.5% (+11.4%)",
      "severity": "MEDIUM"
    },
    {
      "quarter": "2024-12 (Q4)",
      "signal": "YoY REVENUE GROWTH ACCELERATION",
      "detail": "YoY growth: +6.9% vs prior quarter YoY: -16.2% (accel: +23.2%)",
      "severity": "HIGH"
    },
    {
      "quarter": "2024-09 (Q3)",
      "signal": "YoY REVENUE GROWTH DECELERATION",
      "detail": "YoY growth: -16.2% vs prior quarter YoY: -7.9% (decel: -8.3%)",
      "severity": "WARNING"
    },
    {
      "quarter": "2024-06 (Q2)",
      "signal": "FCF MARGIN EXPANSION",
      "detail": "FCF margin: +12.1% -> +24.1% (+12.1%)",
      "severity": "MEDIUM"
    },
    {
      "quarter": "2024-06 (Q2)",
      "signal": "GROSS MARGIN INFLECTION",
      "detail": "GM: +6.0% -> +3.4% -> +6.6% (reversal +3.2%)",
      "severity": "MEDIUM"
    },
    {
      "quarter": "2023-12 (Q4)",
      "signal": "FCF TURNED POSITIVE",
      "detail": "FCF margin: -14.9% -> +16.7%",
      "severity": "HIGH"
    },
    {
      "quarter": "2023-09 (Q3)",
      "signal": "YoY REVENUE GROWTH DECELERATION",
      "detail": "YoY growth: -5.2% vs prior quarter YoY: +2.6% (decel: -7.7%)",
      "severity": "WARNING"
    },
    {
      "quarter": "2023-06 (Q2)",
      "signal": "OPERATING LEVERAGE",
      "detail": "Rev growth +10.1% vs OpEx growth +0.7% (leverage: 15.3x)",
      "severity": "MEDIUM"
    },
    {
      "quarter": "2023-03 (Q1)",
      "signal": "GROSS MARGIN INFLECTION",
      "detail": "GM: +6.2% -> -0.7% -> +2.4% (reversal +3.0%)",
      "severity": "MEDIUM"
    },
    {
      "quarter": "2023-03 (Q1)",
      "signal": "YoY REVENUE GROWTH DECELERATION",
      "detail": "YoY growth: +5.6% vs prior quarter YoY: +19.7% (decel: -14.1%)",
      "severity": "WARNING"
    },
    {
      "quarter": "2022-12 (Q4)",
      "signal": "FCF TURNED POSITIVE",
      "detail": "FCF margin: -17.7% -> +8.4%",
      "severity": "HIGH"
    },
    {
      "quarter": "2022-09 (Q3)",
      "signal": "YoY REVENUE GROWTH ACCELERATION",
      "detail": "YoY growth: +24.0% vs prior quarter YoY: +14.8% (accel: +9.2%)",
      "severity": "MEDIUM"
    },
    {
      "quarter": "2022-03 (Q1)",
      "signal": "YoY REVENUE GROWTH ACCELERATION",
      "detail": "YoY growth: +19.4% vs prior quarter YoY: -3.3% (accel: +22.7%)",
      "severity": "HIGH"
    },
    {
      "quarter": "2021-12 (Q4)",
      "signal": "FCF TURNED POSITIVE",
      "detail": "FCF margin: -11.5% -> +18.6%",
      "severity": "HIGH"
    },
    {
      "quarter": "2021-12 (Q4)",
      "signal": "GROSS MARGIN INFLECTION",
      "detail": "GM: +0.9% -> -2.1% -> +2.0% (reversal +4.1%)",
      "severity": "MEDIUM"
    },
    {
      "quarter": "2021-06 (Q2)",
      "signal": "FCF TURNED POSITIVE",
      "detail": "FCF margin: -13.4% -> +5.6%",
      "severity": "HIGH"
    }
  ],
  "data_quality": {
    "n_quarters": 20,
    "coverage": {
      "revenue": [
        20,
        20
      ],
      "gross_profit": [
        20,
        20
      ],
      "op_income": [
        20,
        20
      ],
      "fcf": [
        20,
        20
      ]
    },
    "gaps": [],
    "warnings": []
  },
  "market_cap": null,
  "source": "SEC EDGAR",
  "last_updated": "2026-02-02T22:35:19.463021"
}