{
  "ticker": "MTSI",
  "name": "MACOM Technology Solutions Holdings, Inc.",
  "quarters": [
    {
      "date": "2021-01-01T00:00:00",
      "quarter_label": "2021-01 (Q1)",
      "revenue": 148504000,
      "gross_profit": 80262000,
      "operating_income": 12074000,
      "net_income": -8968000,
      "opex": 68188000,
      "cogs": 68242000,
      "rd": 36936000,
      "sga": 31252000,
      "fcf": 31890000,
      "ocf": 34780000,
      "capex": -2890000,
      "gross_margin": 0.5404702903625491,
      "op_margin": 0.08130420729407963,
      "fcf_margin": 0.21474169045951624
    },
    {
      "date": "2021-04-02T00:00:00",
      "quarter_label": "2021-04 (Q2)",
      "revenue": 150583000,
      "gross_profit": 84113000,
      "operating_income": 18972000,
      "net_income": 14807000,
      "opex": 65141000,
      "cogs": 66470000,
      "rd": 34619000,
      "sga": 30522000,
      "fcf": 23503000,
      "ocf": 27941000,
      "capex": -4438000,
      "gross_margin": 0.5585823100881242,
      "op_margin": 0.12599031763213642,
      "fcf_margin": 0.15608003559498748,
      "op_leverage_ratio": Infinity,
      "fcf_margin_change": -0.05866165486452876
    },
    {
      "date": "2021-07-02T00:00:00",
      "quarter_label": "2021-07 (Q3)",
      "revenue": 152622000,
      "gross_profit": 87269000,
      "operating_income": 23674000,
      "net_income": 15005000,
      "opex": 63595000,
      "cogs": 65353000,
      "rd": 33610000,
      "sga": 29985000,
      "fcf": 39283000,
      "ocf": 44881000,
      "capex": -5598000,
      "gross_margin": 0.5717982990656655,
      "op_margin": 0.15511525206064655,
      "fcf_margin": 0.2573875325968733,
      "op_leverage_ratio": Infinity,
      "fcf_margin_change": 0.10130749700188582
    },
    {
      "date": "2021-10-01T00:00:00",
      "quarter_label": "2021-10 (Q4)",
      "revenue": 155211000,
      "gross_profit": 90211000,
      "operating_income": 26281000,
      "net_income": 17129000,
      "opex": 63930000,
      "cogs": 65000000,
      "rd": 33679000,
      "sga": 30251000,
      "fcf": 35782000,
      "ocf": 40810000,
      "capex": -5028000,
      "gross_margin": 0.5812152489192132,
      "op_margin": 0.1693243391254486,
      "fcf_margin": 0.23053778404881098,
      "op_leverage_ratio": 3.220275846853714,
      "fcf_margin_change": -0.026849748548062324
    },
    {
      "date": "2021-12-31T00:00:00",
      "quarter_label": "2021-12 (Q4)",
      "revenue": 159620000,
      "gross_profit": 94143000,
      "operating_income": 27069000,
      "net_income": 138827000,
      "opex": 67074000,
      "cogs": 65477000,
      "rd": 35470000,
      "sga": 31604000,
      "fcf": 29009000,
      "ocf": 34104000,
      "capex": -5095000,
      "gross_margin": 0.589794511965919,
      "op_margin": 0.16958401202856785,
      "fcf_margin": 0.18173787745896505,
      "incr_op_margin_yoy": 1.3489564591579706,
      "rev_growth_yoy": 0.07485320260733717,
      "op_leverage_ratio": 0.5776167370485713,
      "fcf_margin_change": -0.048799906589845926
    },
    {
      "date": "2022-04-01T00:00:00",
      "quarter_label": "2022-04 (Q2)",
      "revenue": 165147000,
      "gross_profit": 98989000,
      "operating_income": 32571000,
      "net_income": 29558000,
      "opex": 66418000,
      "cogs": 66158000,
      "rd": 35455000,
      "sga": 30963000,
      "fcf": 35404000,
      "ocf": 42493000,
      "capex": -7089000,
      "gross_margin": 0.5993993230273635,
      "op_margin": 0.19722429108612327,
      "fcf_margin": 0.2143787050324862,
      "incr_op_margin_yoy": 0.9337407305685251,
      "rev_growth_yoy": 0.09671742494172648,
      "rev_growth_yoy_accel": 0.02186422233438931,
      "op_leverage_ratio": Infinity,
      "fcf_margin_change": 0.03264082757352116
    },
    {
      "date": "2022-07-01T00:00:00",
      "quarter_label": "2022-07 (Q3)",
      "revenue": 172259000,
      "gross_profit": 104542000,
      "operating_income": 36003000,
      "net_income": 32234000,
      "opex": 68539000,
      "cogs": 67717000,
      "rd": 37625000,
      "sga": 30914000,
      "fcf": 33758000,
      "ocf": 40392000,
      "capex": -6634000,
      "gross_margin": 0.6068884644633953,
      "op_margin": 0.20900504472915785,
      "fcf_margin": 0.19597234397041663,
      "incr_op_margin_yoy": 0.6278453938992717,
      "rev_growth_yoy": 0.12866428168940258,
      "rev_growth_yoy_accel": 0.0319468567476761,
      "op_leverage_ratio": 1.3485473018227725,
      "fcf_margin_change": -0.01840636106206958
    },
    {
      "date": "2022-09-30T00:00:00",
      "quarter_label": "2022-09 (Q3)",
      "revenue": 178143000,
      "gross_profit": 108507000,
      "operating_income": 37031000,
      "net_income": 239336000,
      "opex": 71476000,
      "cogs": 69636000,
      "rd": 39678000,
      "sga": 31798000,
      "fcf": 52298000,
      "ocf": 59993000,
      "capex": -7695000,
      "gross_margin": 0.609100554049275,
      "op_margin": 0.20787232728762847,
      "fcf_margin": 0.29357314067911733,
      "incr_op_margin_yoy": 0.46877725449154023,
      "rev_growth_yoy": 0.14774726018130158,
      "rev_growth_yoy_accel": 0.019082978491898994,
      "op_leverage_ratio": 0.7971215668083939,
      "fcf_margin_change": 0.0976007967087007
    },
    {
      "date": "2022-12-30T00:00:00",
      "quarter_label": "2022-12 (Q4)",
      "revenue": 180104000,
      "gross_profit": 110355000,
      "operating_income": 38583000,
      "net_income": 29519000,
      "opex": 71772000,
      "cogs": 69749000,
      "rd": 38832000,
      "sga": 32940000,
      "fcf": 28657000,
      "ocf": 38273000,
      "capex": -9616000,
      "gross_margin": 0.6127293119530938,
      "op_margin": 0.2142262248478657,
      "fcf_margin": 0.15911362323990583,
      "incr_op_margin_yoy": 0.5620972466315173,
      "rev_growth_yoy": 0.12832978323518357,
      "rev_growth_yoy_accel": -0.019417476946118006,
      "op_leverage_ratio": 2.6581370022959088,
      "fcf_margin_change": -0.1344595174392115
    },
    {
      "date": "2023-03-31T00:00:00",
      "quarter_label": "2023-03 (Q1)",
      "revenue": 169406000,
      "gross_profit": 102690000,
      "operating_income": 35904000,
      "net_income": 25755000,
      "opex": 66786000,
      "cogs": 66716000,
      "rd": 35537000,
      "sga": 31249000,
      "fcf": 26476000,
      "ocf": 32474000,
      "capex": -5998000,
      "gross_margin": 0.6061768768520596,
      "op_margin": 0.21194054519910746,
      "fcf_margin": 0.15628726255268408,
      "incr_op_margin_yoy": 0.7825780699694764,
      "rev_growth_yoy": 0.025789145428012618,
      "rev_growth_yoy_accel": -0.10254063780717096,
      "fcf_margin_change": -0.0028263606872217517
    },
    {
      "date": "2023-06-30T00:00:00",
      "quarter_label": "2023-06 (Q2)",
      "revenue": 148522000,
      "gross_profit": 86126000,
      "operating_income": 17306000,
      "net_income": 11853000,
      "opex": 68820000,
      "cogs": 62396000,
      "rd": 36668000,
      "sga": 32152000,
      "fcf": 42540000,
      "ocf": 45816000,
      "capex": -3276000,
      "gross_margin": 0.5798871547649507,
      "op_margin": 0.11652145810048344,
      "fcf_margin": 0.2864222135441214,
      "incr_op_margin_yoy": 0.7876732527278089,
      "rev_growth_yoy": -0.13779831532750103,
      "rev_growth_yoy_accel": -0.16358746075551364,
      "fcf_margin_change": 0.13013495099143732
    },
    {
      "date": "2023-09-29T00:00:00",
      "quarter_label": "2023-09 (Q3)",
      "revenue": 150375000,
      "gross_profit": 86626000,
      "operating_income": 15607000,
      "net_income": 24450000,
      "opex": 71019000,
      "cogs": 63749000,
      "rd": 37508000,
      "sga": 33511000,
      "fcf": 44545000,
      "ocf": 50354000,
      "capex": -5809000,
      "gross_margin": 0.5760665004156276,
      "op_margin": 0.10378719866999168,
      "fcf_margin": 0.2962261014131338,
      "incr_op_margin_yoy": 0.7715355805243446,
      "rev_growth_yoy": -0.15587477475960324,
      "rev_growth_yoy_accel": -0.018076459432102204,
      "op_leverage_ratio": 0.3904577698586893,
      "fcf_margin_change": 0.009803887869012429
    },
    {
      "date": "2023-12-29T00:00:00",
      "quarter_label": "2023-12 (Q4)",
      "revenue": 157148000,
      "gross_profit": 87310000,
      "operating_income": 11010000,
      "net_income": 12526000,
      "opex": 76300000,
      "cogs": 69838000,
      "rd": 39413000,
      "sga": 36887000,
      "fcf": 28447000,
      "ocf": 33099000,
      "capex": -4652000,
      "gross_margin": 0.5555909079339222,
      "op_margin": 0.07006134344694173,
      "fcf_margin": 0.18102043933107645,
      "incr_op_margin_yoy": 1.2011238891792995,
      "rev_growth_yoy": -0.12745968995691379,
      "rev_growth_yoy_accel": 0.02841508480268945,
      "op_leverage_ratio": 0.6057087125020246,
      "fcf_margin_change": -0.11520566208205738
    },
    {
      "date": "2024-03-29T00:00:00",
      "quarter_label": "2024-03 (Q1)",
      "revenue": 181234000,
      "gross_profit": 95212000,
      "operating_income": 15407000,
      "net_income": 14980000,
      "opex": 79805000,
      "cogs": 86022000,
      "rd": 45621000,
      "sga": 34184000,
      "fcf": 13073000,
      "ocf": 18203000,
      "capex": -5130000,
      "gross_margin": 0.5253539622808082,
      "op_margin": 0.08501164240705386,
      "fcf_margin": 0.07213326417780329,
      "incr_op_margin_yoy": -1.7329218802840718,
      "rev_growth_yoy": 0.06982043138967924,
      "rev_growth_yoy_accel": 0.197280121346593,
      "op_leverage_ratio": 3.3365092982121,
      "fcf_margin_change": -0.10888717515327316
    },
    {
      "date": "2024-06-28T00:00:00",
      "quarter_label": "2024-06 (Q2)",
      "revenue": 190486000,
      "gross_profit": 101409000,
      "operating_income": 19716000,
      "net_income": 19939000,
      "opex": 81693000,
      "cogs": 89077000,
      "rd": 47531000,
      "sga": 34162000,
      "fcf": 41539000,
      "ocf": 49009000,
      "capex": -7470000,
      "gross_margin": 0.5323698329536029,
      "op_margin": 0.10350366956101761,
      "fcf_margin": 0.21806851947124722,
      "incr_op_margin_yoy": 0.057430178248022115,
      "rev_growth_yoy": 0.2825440002154563,
      "rev_growth_yoy_accel": 0.21272356882577703,
      "op_leverage_ratio": 2.1578639531101564,
      "fcf_margin_change": 0.14593525529344392
    },
    {
      "date": "2024-09-27T00:00:00",
      "quarter_label": "2024-09 (Q3)",
      "revenue": 200710000,
      "gross_profit": 109842000,
      "operating_income": 27534000,
      "net_income": 29414000,
      "opex": 82308000,
      "cogs": 90868000,
      "rd": 49592000,
      "sga": 32716000,
      "fcf": 57141000,
      "ocf": 62329000,
      "capex": -5188000,
      "gross_margin": 0.547267201434906,
      "op_margin": 0.1371830003487619,
      "fcf_margin": 0.28469433511035824,
      "incr_op_margin_yoy": 0.23695241879407966,
      "rev_growth_yoy": 0.3347298420615129,
      "rev_growth_yoy_accel": 0.052185841846056624,
      "op_leverage_ratio": 7.129638462643565,
      "fcf_margin_change": 0.06662581563911102
    },
    {
      "date": "2025-01-03T00:00:00",
      "quarter_label": "2025-01 (Q1)",
      "revenue": 218122000,
      "gross_profit": 117109000,
      "operating_income": 17527000,
      "net_income": -167530000,
      "opex": 99582000,
      "cogs": 101013000,
      "rd": 60369000,
      "sga": 39213000,
      "fcf": 61319000,
      "ocf": 66659000,
      "capex": -5340000,
      "gross_margin": 0.5368967825345449,
      "op_margin": 0.08035411375285391,
      "fcf_margin": 0.28112249108297194,
      "incr_op_margin_yoy": 0.10688162167481222,
      "rev_growth_yoy": 0.3880036653345891,
      "rev_growth_yoy_accel": 0.05327382327307617,
      "op_leverage_ratio": 0.4133603166210456,
      "fcf_margin_change": -0.003571844027386306
    },
    {
      "date": "2025-04-04T00:00:00",
      "quarter_label": "2025-04 (Q2)",
      "revenue": 235887000,
      "gross_profit": 130156000,
      "operating_income": 34870000,
      "net_income": 31666000,
      "opex": 95286000,
      "cogs": 105731000,
      "rd": 57837000,
      "sga": 37449000,
      "fcf": 30529000,
      "ocf": 38687000,
      "capex": -8158000,
      "gross_margin": 0.5517726708127196,
      "op_margin": 0.14782501791111846,
      "fcf_margin": 0.12942213856634743,
      "incr_op_margin_yoy": 0.3561195176842991,
      "rev_growth_yoy": 0.3015604136089255,
      "rev_growth_yoy_accel": -0.08644325172566358,
      "op_leverage_ratio": Infinity,
      "fcf_margin_change": -0.1517003525166245
    },
    {
      "date": "2025-07-04T00:00:00",
      "quarter_label": "2025-07 (Q3)",
      "revenue": 252079000,
      "gross_profit": 139436000,
      "operating_income": 37660000,
      "net_income": 36534000,
      "opex": 101776000,
      "cogs": 112643000,
      "rd": 63380000,
      "sga": 38396000,
      "fcf": 51552000,
      "ocf": 60386000,
      "capex": -8834000,
      "gross_margin": 0.5531440540465489,
      "op_margin": 0.1493976094795679,
      "fcf_margin": 0.20450731715057582,
      "incr_op_margin_yoy": 0.29133180718588153,
      "rev_growth_yoy": 0.323346597650221,
      "rev_growth_yoy_accel": 0.02178618404129551,
      "op_leverage_ratio": 1.007815161137554,
      "fcf_margin_change": 0.07508517858422839
    },
    {
      "date": "2025-10-03T00:00:00",
      "quarter_label": "2025-10 (Q4)",
      "revenue": 261170000,
      "gross_profit": 142301000,
      "operating_income": 39595000,
      "net_income": 45120000,
      "opex": 102706000,
      "cogs": 118869000,
      "rd": 62880000,
      "sga": 39826000,
      "fcf": 49417000,
      "ocf": 69636000,
      "capex": -20219000,
      "gross_margin": 0.5448596699467779,
      "op_margin": 0.15160623348776658,
      "fcf_margin": 0.18921392196653522,
      "incr_op_margin_yoy": 0.19948726430697983,
      "rev_growth_yoy": 0.30123063125903043,
      "rev_growth_yoy_accel": -0.022115966391190567,
      "op_leverage_ratio": 3.946730029632714,
      "fcf_margin_change": -0.015293395184040603
    }
  ],
  "signals": [
    {
      "quarter": "2025-10 (Q4)",
      "signal": "OPERATING LEVERAGE",
      "detail": "Rev growth +3.6% vs OpEx growth +0.9% (leverage: 3.9x)",
      "severity": "MEDIUM"
    },
    {
      "quarter": "2025-07 (Q3)",
      "signal": "FCF MARGIN EXPANSION",
      "detail": "FCF margin: +12.9% -> +20.5% (+7.5%)",
      "severity": "MEDIUM"
    },
    {
      "quarter": "2025-07 (Q3)",
      "signal": "INCREMENTAL MARGIN (YoY)",
      "detail": "YoY Incr OPM: +29.1% vs year-ago OPM: +10.4%",
      "severity": "MEDIUM"
    },
    {
      "quarter": "2025-04 (Q2)",
      "signal": "YoY REVENUE GROWTH DECELERATION",
      "detail": "YoY growth: +30.2% vs prior quarter YoY: +38.8% (decel: -8.6%)",
      "severity": "WARNING"
    },
    {
      "quarter": "2025-04 (Q2)",
      "signal": "INCREMENTAL MARGIN (YoY)",
      "detail": "YoY Incr OPM: +35.6% vs year-ago OPM: +8.5%",
      "severity": "HIGH"
    },
    {
      "quarter": "2025-01 (Q1)",
      "signal": "YoY REVENUE GROWTH ACCELERATION",
      "detail": "YoY growth: +38.8% vs prior quarter YoY: +33.5% (accel: +5.3%)",
      "severity": "MEDIUM"
    },
    {
      "quarter": "2024-09 (Q3)",
      "signal": "FCF MARGIN EXPANSION",
      "detail": "FCF margin: +21.8% -> +28.5% (+6.7%)",
      "severity": "MEDIUM"
    },
    {
      "quarter": "2024-09 (Q3)",
      "signal": "OPERATING LEVERAGE",
      "detail": "Rev growth +5.4% vs OpEx growth +0.8% (leverage: 7.1x)",
      "severity": "MEDIUM"
    },
    {
      "quarter": "2024-09 (Q3)",
      "signal": "YoY REVENUE GROWTH ACCELERATION",
      "detail": "YoY growth: +33.5% vs prior quarter YoY: +28.3% (accel: +5.2%)",
      "severity": "MEDIUM"
    },
    {
      "quarter": "2024-09 (Q3)",
      "signal": "INCREMENTAL MARGIN (YoY)",
      "detail": "YoY Incr OPM: +23.7% vs year-ago OPM: +10.4%",
      "severity": "MEDIUM"
    },
    {
      "quarter": "2024-06 (Q2)",
      "signal": "FCF MARGIN EXPANSION",
      "detail": "FCF margin: +7.2% -> +21.8% (+14.6%)",
      "severity": "MEDIUM"
    },
    {
      "quarter": "2024-06 (Q2)",
      "signal": "OPERATING LEVERAGE",
      "detail": "Rev growth +5.1% vs OpEx growth +2.4% (leverage: 2.2x)",
      "severity": "MEDIUM"
    },
    {
      "quarter": "2024-06 (Q2)",
      "signal": "YoY REVENUE GROWTH ACCELERATION",
      "detail": "YoY growth: +28.3% vs prior quarter YoY: +7.0% (accel: +21.3%)",
      "severity": "HIGH"
    },
    {
      "quarter": "2024-03 (Q1)",
      "signal": "OPERATING LEVERAGE",
      "detail": "Rev growth +15.3% vs OpEx growth +4.6% (leverage: 3.3x)",
      "severity": "MEDIUM"
    },
    {
      "quarter": "2024-03 (Q1)",
      "signal": "YoY REVENUE GROWTH ACCELERATION",
      "detail": "YoY growth: +7.0% vs prior quarter YoY: -12.7% (accel: +19.7%)",
      "severity": "HIGH"
    },
    {
      "quarter": "2023-12 (Q4)",
      "signal": "INCREMENTAL MARGIN (YoY)",
      "detail": "YoY Incr OPM: +120.1% vs year-ago OPM: +21.4%",
      "severity": "HIGH"
    },
    {
      "quarter": "2023-09 (Q3)",
      "signal": "INCREMENTAL MARGIN (YoY)",
      "detail": "YoY Incr OPM: +77.2% vs year-ago OPM: +20.8%",
      "severity": "HIGH"
    },
    {
      "quarter": "2023-06 (Q2)",
      "signal": "FCF MARGIN EXPANSION",
      "detail": "FCF margin: +15.6% -> +28.6% (+13.0%)",
      "severity": "MEDIUM"
    },
    {
      "quarter": "2023-06 (Q2)",
      "signal": "YoY REVENUE GROWTH DECELERATION",
      "detail": "YoY growth: -13.8% vs prior quarter YoY: +2.6% (decel: -16.4%)",
      "severity": "WARNING"
    },
    {
      "quarter": "2023-06 (Q2)",
      "signal": "INCREMENTAL MARGIN (YoY)",
      "detail": "YoY Incr OPM: +78.8% vs year-ago OPM: +20.9%",
      "severity": "HIGH"
    },
    {
      "quarter": "2023-03 (Q1)",
      "signal": "YoY REVENUE GROWTH DECELERATION",
      "detail": "YoY growth: +2.6% vs prior quarter YoY: +12.8% (decel: -10.3%)",
      "severity": "WARNING"
    },
    {
      "quarter": "2023-03 (Q1)",
      "signal": "INCREMENTAL MARGIN (YoY)",
      "detail": "YoY Incr OPM: +78.3% vs year-ago OPM: +19.7%",
      "severity": "HIGH"
    },
    {
      "quarter": "2022-12 (Q4)",
      "signal": "OPERATING LEVERAGE",
      "detail": "Rev growth +1.1% vs OpEx growth +0.4% (leverage: 2.7x)",
      "severity": "MEDIUM"
    },
    {
      "quarter": "2022-12 (Q4)",
      "signal": "INCREMENTAL MARGIN (YoY)",
      "detail": "YoY Incr OPM: +56.2% vs year-ago OPM: +17.0%",
      "severity": "HIGH"
    },
    {
      "quarter": "2022-09 (Q3)",
      "signal": "FCF MARGIN EXPANSION",
      "detail": "FCF margin: +19.6% -> +29.4% (+9.8%)",
      "severity": "MEDIUM"
    },
    {
      "quarter": "2022-09 (Q3)",
      "signal": "INCREMENTAL MARGIN (YoY)",
      "detail": "YoY Incr OPM: +46.9% vs year-ago OPM: +16.9%",
      "severity": "HIGH"
    },
    {
      "quarter": "2022-07 (Q3)",
      "signal": "INCREMENTAL MARGIN (YoY)",
      "detail": "YoY Incr OPM: +62.8% vs year-ago OPM: +15.5%",
      "severity": "HIGH"
    },
    {
      "quarter": "2022-04 (Q2)",
      "signal": "INCREMENTAL MARGIN (YoY)",
      "detail": "YoY Incr OPM: +93.4% vs year-ago OPM: +12.6%",
      "severity": "HIGH"
    },
    {
      "quarter": "2021-12 (Q4)",
      "signal": "INCREMENTAL MARGIN (YoY)",
      "detail": "YoY Incr OPM: +134.9% vs year-ago OPM: +8.1%",
      "severity": "HIGH"
    },
    {
      "quarter": "2021-10 (Q4)",
      "signal": "OPERATING LEVERAGE",
      "detail": "Rev growth +1.7% vs OpEx growth +0.5% (leverage: 3.2x)",
      "severity": "MEDIUM"
    },
    {
      "quarter": "2021-07 (Q3)",
      "signal": "FCF MARGIN EXPANSION",
      "detail": "FCF margin: +15.6% -> +25.7% (+10.1%)",
      "severity": "MEDIUM"
    }
  ],
  "data_quality": {
    "n_quarters": 20,
    "coverage": {
      "revenue": [
        20,
        20
      ],
      "gross_profit": [
        20,
        20
      ],
      "op_income": [
        20,
        20
      ],
      "fcf": [
        20,
        20
      ]
    },
    "gaps": [],
    "warnings": []
  },
  "market_cap": null,
  "source": "SEC EDGAR",
  "last_updated": "2026-02-02T20:23:25.677368"
}