{
  "ticker": "MTW",
  "name": "The Manitowoc Company, Inc.",
  "quarters": [
    {
      "date": "2020-12-31T00:00:00",
      "quarter_label": "2020-12 (Q4)",
      "revenue": 430300000,
      "gross_profit": 78000000,
      "operating_income": 22800000,
      "net_income": 1800000,
      "opex": 55200000,
      "cogs": 352300000,
      "rd": null,
      "sga": null,
      "fcf": 24800000,
      "ocf": 35800000,
      "capex": -11000000,
      "gross_margin": 0.18126888217522658,
      "op_margin": 0.05298628863583547,
      "fcf_margin": 0.057634208691610504
    },
    {
      "date": "2021-03-31T00:00:00",
      "quarter_label": "2021-03 (Q1)",
      "revenue": 354300000,
      "gross_profit": 68400000,
      "operating_income": 10700000,
      "net_income": -3100000,
      "opex": 57700000,
      "cogs": 285900000,
      "rd": null,
      "sga": null,
      "fcf": 32800000,
      "ocf": 40800000,
      "capex": -8000000,
      "gross_margin": 0.1930567315834039,
      "op_margin": 0.030200395145357044,
      "fcf_margin": 0.0925769122212814,
      "fcf_margin_change": 0.03494270352967089
    },
    {
      "date": "2021-06-30T00:00:00",
      "quarter_label": "2021-06 (Q2)",
      "revenue": 463600000,
      "gross_profit": 90400000,
      "operating_income": 26700000,
      "net_income": 17900000,
      "opex": 63700000,
      "cogs": 373200000,
      "rd": null,
      "sga": null,
      "fcf": 1500000,
      "ocf": 8900000,
      "capex": -7400000,
      "gross_margin": 0.19499568593615185,
      "op_margin": 0.05759275237273512,
      "fcf_margin": 0.0032355478861087143,
      "op_leverage_ratio": 2.96669959544642,
      "fcf_margin_change": -0.08934136433517267
    },
    {
      "date": "2021-09-30T00:00:00",
      "quarter_label": "2021-09 (Q3)",
      "revenue": 404500000,
      "gross_profit": 69000000,
      "operating_income": 7300000,
      "net_income": 200000,
      "opex": 61700000,
      "cogs": 335500000,
      "rd": null,
      "sga": null,
      "fcf": 11500000,
      "ocf": 18400000,
      "capex": -6900000,
      "gross_margin": 0.17058096415327564,
      "op_margin": 0.018046971569839306,
      "fcf_margin": 0.02843016069221261,
      "fcf_margin_change": 0.025194612806103897
    },
    {
      "date": "2021-12-31T00:00:00",
      "quarter_label": "2021-12 (Q4)",
      "revenue": 497800000,
      "gross_profit": 79400000,
      "operating_income": 1800000,
      "net_income": -3600000,
      "opex": 77600000,
      "cogs": 418400000,
      "rd": null,
      "sga": null,
      "fcf": -10000000,
      "ocf": 8100000,
      "capex": -18100000,
      "gross_margin": 0.15950180795500202,
      "op_margin": 0.0036159100040176776,
      "fcf_margin": -0.020088388911209322,
      "incr_op_margin_yoy": -0.3111111111111111,
      "rev_growth_yoy": 0.15686730188240763,
      "op_leverage_ratio": 0.8950579564801643,
      "fcf_margin_change": -0.04851854960342193
    },
    {
      "date": "2022-03-31T00:00:00",
      "quarter_label": "2022-03 (Q1)",
      "revenue": 459000000,
      "gross_profit": 85000000,
      "operating_income": 17600000,
      "net_income": 3100000,
      "opex": 67400000,
      "cogs": 374000000,
      "rd": null,
      "sga": null,
      "fcf": -3100000,
      "ocf": 5600000,
      "capex": -8700000,
      "gross_margin": 0.18518518518518517,
      "op_margin": 0.0383442265795207,
      "fcf_margin": -0.006753812636165577,
      "incr_op_margin_yoy": 0.0659025787965616,
      "rev_growth_yoy": 0.2955122777307367,
      "rev_growth_yoy_accel": 0.13864497584832905,
      "fcf_margin_change": 0.013334576275043745
    },
    {
      "date": "2022-06-30T00:00:00",
      "quarter_label": "2022-06 (Q2)",
      "revenue": 497200000,
      "gross_profit": 88700000,
      "operating_income": 18300000,
      "net_income": 15100000,
      "opex": 70400000,
      "cogs": 408500000,
      "rd": null,
      "sga": null,
      "fcf": -8000000,
      "ocf": 100000,
      "capex": -8100000,
      "gross_margin": 0.17839903459372486,
      "op_margin": 0.03680611423974256,
      "fcf_margin": -0.016090104585679808,
      "incr_op_margin_yoy": -0.25,
      "rev_growth_yoy": 0.0724762726488352,
      "rev_growth_yoy_accel": -0.22303600508190147,
      "op_leverage_ratio": 1.8697748729121277,
      "fcf_margin_change": -0.009336291949514231
    },
    {
      "date": "2022-09-30T00:00:00",
      "quarter_label": "2022-09 (Q3)",
      "revenue": 454700000,
      "gross_profit": 74300000,
      "operating_income": 7600000,
      "net_income": 2300000,
      "opex": 66700000,
      "cogs": 380400000,
      "rd": null,
      "sga": null,
      "fcf": -21200000,
      "ocf": -6200000,
      "capex": -15000000,
      "gross_margin": 0.16340444248955355,
      "op_margin": 0.016714317132175062,
      "fcf_margin": -0.046624147789751484,
      "incr_op_margin_yoy": 0.00597609561752988,
      "rev_growth_yoy": 0.12410383189122373,
      "rev_growth_yoy_accel": 0.05162755924238853,
      "fcf_margin_change": -0.030534043204071677
    },
    {
      "date": "2022-12-31T00:00:00",
      "quarter_label": "2022-12 (Q4)",
      "revenue": 621600000,
      "gross_profit": 116500000,
      "operating_income": -136500000,
      "net_income": -144100000,
      "opex": 253000000,
      "cogs": 505100000,
      "rd": null,
      "sga": null,
      "fcf": 47400000,
      "ocf": 77400000,
      "capex": -30000000,
      "gross_margin": 0.18741956241956242,
      "op_margin": -0.2195945945945946,
      "fcf_margin": 0.07625482625482626,
      "incr_op_margin_yoy": -1.117124394184168,
      "rev_growth_yoy": 0.2486942547207714,
      "rev_growth_yoy_accel": 0.12459042282954766,
      "op_leverage_ratio": 0.13141482513229452,
      "fcf_margin_change": 0.12287897404457773
    },
    {
      "date": "2023-03-31T00:00:00",
      "quarter_label": "2023-03 (Q1)",
      "revenue": 508300000,
      "gross_profit": 106300000,
      "operating_income": 30200000,
      "net_income": 16500000,
      "opex": 76100000,
      "cogs": 402000000,
      "rd": null,
      "sga": null,
      "fcf": 4800000,
      "ocf": 15400000,
      "capex": -10600000,
      "gross_margin": 0.2091284674404879,
      "op_margin": 0.05941373204800315,
      "fcf_margin": 0.00944324217981507,
      "incr_op_margin_yoy": 0.25557809330628806,
      "rev_growth_yoy": 0.10740740740740741,
      "rev_growth_yoy_accel": -0.141286847313364,
      "fcf_margin_change": -0.06681158407501119
    },
    {
      "date": "2023-06-30T00:00:00",
      "quarter_label": "2023-06 (Q2)",
      "revenue": 602800000,
      "gross_profit": 123000000,
      "operating_income": 34400000,
      "net_income": 20200000,
      "opex": 88600000,
      "cogs": 479800000,
      "rd": null,
      "sga": null,
      "fcf": -45500000,
      "ocf": -18500000,
      "capex": -27000000,
      "gross_margin": 0.20404777704047777,
      "op_margin": 0.05706702057067021,
      "fcf_margin": -0.07548108825481088,
      "incr_op_margin_yoy": 0.15246212121212122,
      "rev_growth_yoy": 0.21238938053097345,
      "rev_growth_yoy_accel": 0.10498197312356604,
      "op_leverage_ratio": 1.1318433995671848,
      "fcf_margin_change": -0.08492433043462595
    },
    {
      "date": "2023-09-30T00:00:00",
      "quarter_label": "2023-09 (Q3)",
      "revenue": 520900000,
      "gross_profit": 96800000,
      "operating_income": 18000000,
      "net_income": 10400000,
      "opex": 78800000,
      "cogs": 424100000,
      "rd": null,
      "sga": null,
      "fcf": 2700000,
      "ocf": 26300000,
      "capex": -23600000,
      "gross_margin": 0.18583221347667497,
      "op_margin": 0.034555576886158575,
      "fcf_margin": 0.005183336532923786,
      "incr_op_margin_yoy": 0.15709969788519637,
      "rev_growth_yoy": 0.1455904992302617,
      "rev_growth_yoy_accel": -0.06679888130071174,
      "fcf_margin_change": 0.08066442478773467
    },
    {
      "date": "2023-12-31T00:00:00",
      "quarter_label": "2023-12 (Q4)",
      "revenue": 595800000,
      "gross_profit": 99100000,
      "operating_income": 9800000,
      "net_income": -7900000,
      "opex": 89300000,
      "cogs": 496700000,
      "rd": null,
      "sga": null,
      "fcf": 22300000,
      "ocf": 39800000,
      "capex": -17500000,
      "gross_margin": 0.16633098355152737,
      "op_margin": 0.016448472641826115,
      "fcf_margin": 0.0374286673380329,
      "incr_op_margin_yoy": -5.670542635658915,
      "rev_growth_yoy": -0.041505791505791506,
      "rev_growth_yoy_accel": -0.18709629073605322,
      "op_leverage_ratio": 1.0791066743456836,
      "fcf_margin_change": 0.032245330805109114
    },
    {
      "date": "2024-03-31T00:00:00",
      "quarter_label": "2024-03 (Q1)",
      "revenue": 495100000,
      "gross_profit": 92500000,
      "operating_income": 15200000,
      "net_income": 4500000,
      "opex": 77300000,
      "cogs": 402600000,
      "rd": null,
      "sga": null,
      "fcf": -42800000,
      "ocf": -30600000,
      "capex": -12200000,
      "gross_margin": 0.18683094324378913,
      "op_margin": 0.030700868511411836,
      "fcf_margin": -0.08644718238739649,
      "incr_op_margin_yoy": 1.1363636363636365,
      "rev_growth_yoy": -0.025968915994491443,
      "rev_growth_yoy_accel": 0.015536875511300063,
      "fcf_margin_change": -0.1238758497254294
    },
    {
      "date": "2024-06-30T00:00:00",
      "quarter_label": "2024-06 (Q2)",
      "revenue": 562100000,
      "gross_profit": 99700000,
      "operating_income": 12900000,
      "net_income": 1600000,
      "opex": 86800000,
      "cogs": 462400000,
      "rd": null,
      "sga": null,
      "fcf": -1900000,
      "ocf": 11000000,
      "capex": -12900000,
      "gross_margin": 0.1773705746308486,
      "op_margin": 0.022949653086639387,
      "fcf_margin": -0.0033801814623732433,
      "incr_op_margin_yoy": 0.5282555282555282,
      "rev_growth_yoy": -0.06751824817518248,
      "rev_growth_yoy_accel": -0.04154933218069104,
      "op_leverage_ratio": 1.1011278954809767,
      "fcf_margin_change": 0.08306700092502324
    },
    {
      "date": "2024-09-30T00:00:00",
      "quarter_label": "2024-09 (Q3)",
      "revenue": 524800000,
      "gross_profit": 87600000,
      "operating_income": 7500000,
      "net_income": -7000000,
      "opex": 80100000,
      "cogs": 437200000,
      "rd": null,
      "sga": null,
      "fcf": -52900000,
      "ocf": -43600000,
      "capex": -9300000,
      "gross_margin": 0.16692073170731708,
      "op_margin": 0.014291158536585366,
      "fcf_margin": -0.10080030487804878,
      "incr_op_margin_yoy": -2.6923076923076925,
      "rev_growth_yoy": 0.0074870416586676905,
      "rev_growth_yoy_accel": 0.07500528983385017,
      "fcf_margin_change": -0.09742012341567553
    },
    {
      "date": "2024-12-31T00:00:00",
      "quarter_label": "2024-12 (Q4)",
      "revenue": 596000000,
      "gross_profit": 95200000,
      "operating_income": 16200000,
      "net_income": 56700000,
      "opex": 79000000,
      "cogs": 500800000,
      "rd": null,
      "sga": null,
      "fcf": 101100000,
      "ocf": 112400000,
      "capex": -11300000,
      "gross_margin": 0.1597315436241611,
      "op_margin": 0.027181208053691275,
      "fcf_margin": 0.16963087248322148,
      "rev_growth_yoy": 0.0003356831151393085,
      "rev_growth_yoy_accel": -0.007151358543528382,
      "op_leverage_ratio": Infinity,
      "fcf_margin_change": 0.27043117736127026
    },
    {
      "date": "2025-03-31T00:00:00",
      "quarter_label": "2025-03 (Q1)",
      "revenue": 470900000,
      "gross_profit": 89800000,
      "operating_income": 5300000,
      "net_income": -6300000,
      "opex": 84500000,
      "cogs": 381100000,
      "rd": null,
      "sga": null,
      "fcf": 2100000,
      "ocf": 12900000,
      "capex": -10800000,
      "gross_margin": 0.19069866213633468,
      "op_margin": 0.011255043533658951,
      "fcf_margin": 0.004459545551072415,
      "incr_op_margin_yoy": 0.4090909090909091,
      "rev_growth_yoy": -0.04887901434053726,
      "rev_growth_yoy_accel": -0.049214697455676575,
      "fcf_margin_change": -0.16517132693214906
    },
    {
      "date": "2025-06-30T00:00:00",
      "quarter_label": "2025-06 (Q2)",
      "revenue": 539500000,
      "gross_profit": 99000000,
      "operating_income": 9800000,
      "net_income": 1500000,
      "opex": 89200000,
      "cogs": 440500000,
      "rd": null,
      "sga": null,
      "fcf": -73700000,
      "ocf": -67700000,
      "capex": -6000000,
      "gross_margin": 0.1835032437442076,
      "op_margin": 0.018164967562557924,
      "fcf_margin": -0.1366079703429101,
      "incr_op_margin_yoy": 0.13716814159292035,
      "rev_growth_yoy": -0.04020636897349226,
      "rev_growth_yoy_accel": 0.008672645367045005,
      "op_leverage_ratio": 2.6191132417326712,
      "fcf_margin_change": -0.14106751589398253
    },
    {
      "date": "2025-09-30T00:00:00",
      "quarter_label": "2025-09 (Q3)",
      "revenue": 553400000,
      "gross_profit": 102600000,
      "operating_income": 18500000,
      "net_income": 5000000,
      "opex": 84100000,
      "cogs": 450800000,
      "rd": null,
      "sga": null,
      "fcf": -22000000,
      "ocf": -14100000,
      "capex": -7900000,
      "gross_margin": 0.18539934947596676,
      "op_margin": 0.03342970726418504,
      "fcf_margin": -0.03975424647632815,
      "incr_op_margin_yoy": 0.38461538461538464,
      "rev_growth_yoy": 0.054496951219512195,
      "rev_growth_yoy_accel": 0.09470332019300445,
      "op_leverage_ratio": Infinity,
      "fcf_margin_change": 0.09685372386658196
    }
  ],
  "signals": [
    {
      "quarter": "2025-09 (Q3)",
      "signal": "FCF MARGIN EXPANSION",
      "detail": "FCF margin: -13.7% -> -4.0% (+9.7%)",
      "severity": "MEDIUM"
    },
    {
      "quarter": "2025-09 (Q3)",
      "signal": "YoY REVENUE GROWTH ACCELERATION",
      "detail": "YoY growth: +5.4% vs prior quarter YoY: -4.0% (accel: +9.5%)",
      "severity": "MEDIUM"
    },
    {
      "quarter": "2025-09 (Q3)",
      "signal": "INCREMENTAL MARGIN (YoY)",
      "detail": "YoY Incr OPM: +38.5% vs year-ago OPM: +1.4%",
      "severity": "HIGH"
    },
    {
      "quarter": "2025-06 (Q2)",
      "signal": "OPERATING LEVERAGE",
      "detail": "Rev growth +14.6% vs OpEx growth +5.6% (leverage: 2.6x)",
      "severity": "MEDIUM"
    },
    {
      "quarter": "2025-06 (Q2)",
      "signal": "INCREMENTAL MARGIN (YoY)",
      "detail": "YoY Incr OPM: +13.7% vs year-ago OPM: +2.3%",
      "severity": "MEDIUM"
    },
    {
      "quarter": "2025-03 (Q1)",
      "signal": "GROSS MARGIN INFLECTION",
      "detail": "GM: +16.7% -> +16.0% -> +19.1% (reversal +3.1%)",
      "severity": "MEDIUM"
    },
    {
      "quarter": "2025-03 (Q1)",
      "signal": "INCREMENTAL MARGIN (YoY)",
      "detail": "YoY Incr OPM: +40.9% vs year-ago OPM: +3.1%",
      "severity": "HIGH"
    },
    {
      "quarter": "2024-12 (Q4)",
      "signal": "FCF TURNED POSITIVE",
      "detail": "FCF margin: -10.1% -> +17.0%",
      "severity": "HIGH"
    },
    {
      "quarter": "2024-09 (Q3)",
      "signal": "YoY REVENUE GROWTH ACCELERATION",
      "detail": "YoY growth: +0.7% vs prior quarter YoY: -6.8% (accel: +7.5%)",
      "severity": "MEDIUM"
    },
    {
      "quarter": "2024-06 (Q2)",
      "signal": "FCF MARGIN EXPANSION",
      "detail": "FCF margin: -8.6% -> -0.3% (+8.3%)",
      "severity": "MEDIUM"
    },
    {
      "quarter": "2024-06 (Q2)",
      "signal": "INCREMENTAL MARGIN (YoY)",
      "detail": "YoY Incr OPM: +52.8% vs year-ago OPM: +5.7%",
      "severity": "HIGH"
    },
    {
      "quarter": "2024-03 (Q1)",
      "signal": "GROSS MARGIN INFLECTION",
      "detail": "GM: +18.6% -> +16.6% -> +18.7% (reversal +2.0%)",
      "severity": "MEDIUM"
    },
    {
      "quarter": "2024-03 (Q1)",
      "signal": "INCREMENTAL MARGIN (YoY)",
      "detail": "YoY Incr OPM: +113.6% vs year-ago OPM: +5.9%",
      "severity": "HIGH"
    },
    {
      "quarter": "2023-12 (Q4)",
      "signal": "YoY REVENUE GROWTH DECELERATION",
      "detail": "YoY growth: -4.2% vs prior quarter YoY: +14.6% (decel: -18.7%)",
      "severity": "WARNING"
    },
    {
      "quarter": "2023-12 (Q4)",
      "signal": "OP MARGIN TURNED POSITIVE (YoY)",
      "detail": "Op margin: -22.0% (year-ago) -> +1.6%",
      "severity": "HIGH"
    },
    {
      "quarter": "2023-09 (Q3)",
      "signal": "FCF TURNED POSITIVE",
      "detail": "FCF margin: -7.5% -> +0.5%",
      "severity": "HIGH"
    },
    {
      "quarter": "2023-09 (Q3)",
      "signal": "YoY REVENUE GROWTH DECELERATION",
      "detail": "YoY growth: +14.6% vs prior quarter YoY: +21.2% (decel: -6.7%)",
      "severity": "WARNING"
    },
    {
      "quarter": "2023-09 (Q3)",
      "signal": "INCREMENTAL MARGIN (YoY)",
      "detail": "YoY Incr OPM: +15.7% vs year-ago OPM: +1.7%",
      "severity": "MEDIUM"
    },
    {
      "quarter": "2023-06 (Q2)",
      "signal": "YoY REVENUE GROWTH ACCELERATION",
      "detail": "YoY growth: +21.2% vs prior quarter YoY: +10.7% (accel: +10.5%)",
      "severity": "MEDIUM"
    },
    {
      "quarter": "2023-06 (Q2)",
      "signal": "INCREMENTAL MARGIN (YoY)",
      "detail": "YoY Incr OPM: +15.2% vs year-ago OPM: +3.7%",
      "severity": "MEDIUM"
    },
    {
      "quarter": "2023-03 (Q1)",
      "signal": "YoY REVENUE GROWTH DECELERATION",
      "detail": "YoY growth: +10.7% vs prior quarter YoY: +24.9% (decel: -14.1%)",
      "severity": "WARNING"
    },
    {
      "quarter": "2023-03 (Q1)",
      "signal": "INCREMENTAL MARGIN (YoY)",
      "detail": "YoY Incr OPM: +25.6% vs year-ago OPM: +3.8%",
      "severity": "HIGH"
    },
    {
      "quarter": "2023-03 (Q1)",
      "signal": "OP MARGIN TURNED POSITIVE (QoQ)",
      "detail": "Op margin: -22.0% -> +5.9%",
      "severity": "HIGH"
    },
    {
      "quarter": "2022-12 (Q4)",
      "signal": "FCF TURNED POSITIVE",
      "detail": "FCF margin: -4.7% -> +7.6%",
      "severity": "HIGH"
    },
    {
      "quarter": "2022-12 (Q4)",
      "signal": "GROSS MARGIN INFLECTION",
      "detail": "GM: +17.8% -> +16.3% -> +18.7% (reversal +2.4%)",
      "severity": "MEDIUM"
    },
    {
      "quarter": "2022-12 (Q4)",
      "signal": "YoY REVENUE GROWTH ACCELERATION",
      "detail": "YoY growth: +24.9% vs prior quarter YoY: +12.4% (accel: +12.5%)",
      "severity": "MEDIUM"
    },
    {
      "quarter": "2022-09 (Q3)",
      "signal": "YoY REVENUE GROWTH ACCELERATION",
      "detail": "YoY growth: +12.4% vs prior quarter YoY: +7.2% (accel: +5.2%)",
      "severity": "MEDIUM"
    },
    {
      "quarter": "2022-06 (Q2)",
      "signal": "OPERATING LEVERAGE",
      "detail": "Rev growth +8.3% vs OpEx growth +4.5% (leverage: 1.9x)",
      "severity": "MEDIUM"
    },
    {
      "quarter": "2022-06 (Q2)",
      "signal": "YoY REVENUE GROWTH DECELERATION",
      "detail": "YoY growth: +7.2% vs prior quarter YoY: +29.6% (decel: -22.3%)",
      "severity": "WARNING"
    },
    {
      "quarter": "2022-03 (Q1)",
      "signal": "GROSS MARGIN INFLECTION",
      "detail": "GM: +17.1% -> +16.0% -> +18.5% (reversal +2.6%)",
      "severity": "MEDIUM"
    },
    {
      "quarter": "2022-03 (Q1)",
      "signal": "YoY REVENUE GROWTH ACCELERATION",
      "detail": "YoY growth: +29.6% vs prior quarter YoY: +15.7% (accel: +13.9%)",
      "severity": "MEDIUM"
    },
    {
      "quarter": "2021-06 (Q2)",
      "signal": "OPERATING LEVERAGE",
      "detail": "Rev growth +30.8% vs OpEx growth +10.4% (leverage: 3.0x)",
      "severity": "MEDIUM"
    }
  ],
  "data_quality": {
    "n_quarters": 20,
    "coverage": {
      "revenue": [
        20,
        20
      ],
      "gross_profit": [
        20,
        20
      ],
      "op_income": [
        20,
        20
      ],
      "fcf": [
        20,
        20
      ]
    },
    "gaps": [],
    "warnings": []
  },
  "market_cap": null,
  "source": "SEC EDGAR",
  "last_updated": "2026-02-02T22:28:41.749819"
}