{
  "ticker": "MTX",
  "name": "MINERALS TECHNOLOGIES INC.",
  "quarters": [
    {
      "date": "2020-12-31T00:00:00",
      "quarter_label": "2020-12 (Q4)",
      "revenue": 431800000,
      "gross_profit": 111300000,
      "operating_income": 54500000,
      "net_income": 31100000,
      "opex": 56800000,
      "cogs": 320500000,
      "rd": 4900000,
      "sga": 49200000,
      "fcf": 71200000,
      "ocf": 92200000,
      "capex": -21000000,
      "gross_margin": 0.25775822139879573,
      "op_margin": 0.12621584066697544,
      "fcf_margin": 0.16489115331171839
    },
    {
      "date": "2021-04-04T00:00:00",
      "quarter_label": "2021-04 (Q2)",
      "revenue": 452600000,
      "gross_profit": 111800000,
      "operating_income": 58800000,
      "net_income": 39900000,
      "opex": 53000000,
      "cogs": 340800000,
      "rd": 5000000,
      "sga": 48000000,
      "fcf": 33200000,
      "ocf": 50900000,
      "capex": -17700000,
      "gross_margin": 0.24701723376049492,
      "op_margin": 0.12991604065399912,
      "fcf_margin": 0.07335395492708793,
      "op_leverage_ratio": Infinity,
      "fcf_margin_change": -0.09153719838463045
    },
    {
      "date": "2021-07-04T00:00:00",
      "quarter_label": "2021-07 (Q3)",
      "revenue": 455600000,
      "gross_profit": 115400000,
      "operating_income": 63700000,
      "net_income": 41900000,
      "opex": 51700000,
      "cogs": 340200000,
      "rd": 4900000,
      "sga": 46400000,
      "fcf": 45000000,
      "ocf": 67100000,
      "capex": -22100000,
      "gross_margin": 0.2532923617208077,
      "op_margin": 0.13981562774363476,
      "fcf_margin": 0.09877085162423178,
      "fcf_margin_change": 0.02541689669714385
    },
    {
      "date": "2021-10-03T00:00:00",
      "quarter_label": "2021-10 (Q4)",
      "revenue": 473200000,
      "gross_profit": 113300000,
      "operating_income": 60600000,
      "net_income": 41400000,
      "opex": 52700000,
      "cogs": 359900000,
      "rd": 4600000,
      "sga": 45500000,
      "fcf": 21900000,
      "ocf": 45100000,
      "capex": -23200000,
      "gross_margin": 0.23943364327979713,
      "op_margin": 0.12806424344885883,
      "fcf_margin": 0.04628064243448859,
      "op_leverage_ratio": 1.9971905179982439,
      "fcf_margin_change": -0.052490209189743196
    },
    {
      "date": "2021-12-31T00:00:00",
      "quarter_label": "2021-12 (Q4)",
      "revenue": 476900000,
      "gross_profit": 106000000,
      "operating_income": 52600000,
      "net_income": 41200000,
      "opex": 53400000,
      "cogs": 370900000,
      "rd": 5000000,
      "sga": 46300000,
      "fcf": 46300000,
      "ocf": 69300000,
      "capex": -23000000,
      "gross_margin": 0.2222688194590061,
      "op_margin": 0.11029565946739359,
      "fcf_margin": 0.09708534283916964,
      "incr_op_margin_yoy": -0.04212860310421286,
      "rev_growth_yoy": 0.10444650301065309,
      "fcf_margin_change": 0.050804700404681054
    },
    {
      "date": "2022-04-03T00:00:00",
      "quarter_label": "2022-04 (Q2)",
      "revenue": 519100000,
      "gross_profit": 121700000,
      "operating_income": 66200000,
      "net_income": 44100000,
      "opex": 55500000,
      "cogs": 397400000,
      "rd": 5100000,
      "sga": 48800000,
      "fcf": -18700000,
      "ocf": 300000,
      "capex": -19000000,
      "gross_margin": 0.2344442303987671,
      "op_margin": 0.1275284145636679,
      "fcf_margin": -0.036023887497591986,
      "incr_op_margin_yoy": 0.11127819548872181,
      "rev_growth_yoy": 0.1469288555015466,
      "rev_growth_yoy_accel": 0.04248235249089352,
      "op_leverage_ratio": 2.250127310307642,
      "fcf_margin_change": -0.13310923033676164
    },
    {
      "date": "2022-07-03T00:00:00",
      "quarter_label": "2022-07 (Q3)",
      "revenue": 557000000,
      "gross_profit": 127300000,
      "operating_income": 69400000,
      "net_income": 44900000,
      "opex": 57900000,
      "cogs": 429700000,
      "rd": 5000000,
      "sga": 48800000,
      "fcf": 11700000,
      "ocf": 32900000,
      "capex": -21200000,
      "gross_margin": 0.22854578096947936,
      "op_margin": 0.12459605026929982,
      "fcf_margin": 0.021005385996409335,
      "incr_op_margin_yoy": 0.05621301775147929,
      "rev_growth_yoy": 0.22256365232660227,
      "rev_growth_yoy_accel": 0.07563479682505567,
      "op_leverage_ratio": 1.6883789250626084,
      "fcf_margin_change": 0.05702927349400132
    },
    {
      "date": "2022-10-02T00:00:00",
      "quarter_label": "2022-10 (Q4)",
      "revenue": 541900000,
      "gross_profit": 118300000,
      "operating_income": 35600000,
      "net_income": 13400000,
      "opex": 82700000,
      "cogs": 423600000,
      "rd": 5100000,
      "sga": 46000000,
      "fcf": 11200000,
      "ocf": 30400000,
      "capex": -19200000,
      "gross_margin": 0.21830596050931905,
      "op_margin": 0.06569477763424986,
      "fcf_margin": 0.02066801992987636,
      "incr_op_margin_yoy": -0.363901018922853,
      "rev_growth_yoy": 0.14518174133558748,
      "rev_growth_yoy_accel": -0.0773819109910148,
      "fcf_margin_change": -0.0003373660665329757
    },
    {
      "date": "2022-12-31T00:00:00",
      "quarter_label": "2022-12 (Q4)",
      "revenue": 507600000,
      "gross_profit": 97700000,
      "operating_income": 43600000,
      "net_income": 19800000,
      "opex": 54100000,
      "cogs": 409900000,
      "rd": 5200000,
      "sga": 48500000,
      "fcf": 19200000,
      "ocf": 42100000,
      "capex": -22900000,
      "gross_margin": 0.19247438928289992,
      "op_margin": 0.08589440504334121,
      "fcf_margin": 0.037825059101654845,
      "incr_op_margin_yoy": -0.2931596091205212,
      "rev_growth_yoy": 0.06437408261690082,
      "rev_growth_yoy_accel": -0.08080765871868666,
      "fcf_margin_change": 0.017157039171778486
    },
    {
      "date": "2023-04-02T00:00:00",
      "quarter_label": "2023-04 (Q2)",
      "revenue": 546100000,
      "gross_profit": 120700000,
      "operating_income": 63000000,
      "net_income": 37000000,
      "opex": 57700000,
      "cogs": 425400000,
      "rd": 5300000,
      "sga": 52300000,
      "fcf": 9300000,
      "ocf": 33700000,
      "capex": -24400000,
      "gross_margin": 0.22102179088079107,
      "op_margin": 0.11536348654092657,
      "fcf_margin": 0.017029848013184398,
      "incr_op_margin_yoy": -0.11851851851851852,
      "rev_growth_yoy": 0.05201309959545367,
      "rev_growth_yoy_accel": -0.012360983021447149,
      "op_leverage_ratio": 1.1398137203397252,
      "fcf_margin_change": -0.020795211088470447
    },
    {
      "date": "2023-07-02T00:00:00",
      "quarter_label": "2023-07 (Q3)",
      "revenue": 551500000,
      "gross_profit": 128000000,
      "operating_income": 49900000,
      "net_income": 26600000,
      "opex": 78100000,
      "cogs": 423500000,
      "rd": 5600000,
      "sga": 51800000,
      "fcf": 24000000,
      "ocf": 45500000,
      "capex": -21500000,
      "gross_margin": 0.23209428830462375,
      "op_margin": 0.09048050770625567,
      "fcf_margin": 0.043517679057116954,
      "incr_op_margin_yoy": 3.5454545454545454,
      "rev_growth_yoy": -0.009874326750448833,
      "rev_growth_yoy_accel": -0.0618874263459025,
      "fcf_margin_change": 0.026487831043932555
    },
    {
      "date": "2023-10-01T00:00:00",
      "quarter_label": "2023-10 (Q4)",
      "revenue": 547800000,
      "gross_profit": 133100000,
      "operating_income": -7900000,
      "net_income": -19200000,
      "opex": 141000000,
      "cogs": 414700000,
      "rd": 5200000,
      "sga": 50900000,
      "fcf": 34000000,
      "ocf": 59100000,
      "capex": -25100000,
      "gross_margin": 0.2429718875502008,
      "op_margin": -0.014421321650237313,
      "fcf_margin": 0.062066447608616286,
      "incr_op_margin_yoy": -7.372881355932203,
      "rev_growth_yoy": 0.010887617641631297,
      "rev_growth_yoy_accel": 0.02076194439208013,
      "fcf_margin_change": 0.018548768551499333
    },
    {
      "date": "2023-12-31T00:00:00",
      "quarter_label": "2023-12 (Q4)",
      "revenue": 524500000,
      "gross_profit": 125300000,
      "operating_income": 66800000,
      "net_income": 39700000,
      "opex": 58500000,
      "cogs": 399200000,
      "rd": 5100000,
      "sga": 51000000,
      "fcf": 72800000,
      "ocf": 95300000,
      "capex": -22500000,
      "gross_margin": 0.2388941849380362,
      "op_margin": 0.12735938989513823,
      "fcf_margin": 0.13879885605338418,
      "incr_op_margin_yoy": 1.3727810650887573,
      "rev_growth_yoy": 0.03329393223010244,
      "rev_growth_yoy_accel": 0.022406314588471143,
      "fcf_margin_change": 0.07673240844476789
    },
    {
      "date": "2024-03-31T00:00:00",
      "quarter_label": "2024-03 (Q1)",
      "revenue": 534500000,
      "gross_profit": 135900000,
      "operating_income": 75200000,
      "net_income": 46700000,
      "opex": 60700000,
      "cogs": 398600000,
      "rd": 5600000,
      "sga": 53000000,
      "fcf": 39400000,
      "ocf": 55900000,
      "capex": -16500000,
      "gross_margin": 0.25425631431244156,
      "op_margin": 0.14069223573433115,
      "fcf_margin": 0.07371375116931712,
      "incr_op_margin_yoy": -1.0517241379310345,
      "rev_growth_yoy": -0.021241530855154733,
      "rev_growth_yoy_accel": -0.054535463085257176,
      "op_leverage_ratio": 0.5069763411040819,
      "fcf_margin_change": -0.06508510488406706
    },
    {
      "date": "2024-06-30T00:00:00",
      "quarter_label": "2024-06 (Q2)",
      "revenue": 541200000,
      "gross_profit": 143900000,
      "operating_income": 50600000,
      "net_income": 19700000,
      "opex": 93300000,
      "cogs": 397300000,
      "rd": 5800000,
      "sga": 53300000,
      "fcf": 29900000,
      "ocf": 50100000,
      "capex": -20200000,
      "gross_margin": 0.26589061345158904,
      "op_margin": 0.09349593495934959,
      "fcf_margin": 0.05524759793052476,
      "incr_op_margin_yoy": -0.06796116504854369,
      "rev_growth_yoy": -0.018676337262012694,
      "rev_growth_yoy_accel": 0.0025651935931420393,
      "op_leverage_ratio": 0.023339856640286486,
      "fcf_margin_change": -0.018466153238792367
    },
    {
      "date": "2024-09-29T00:00:00",
      "quarter_label": "2024-09 (Q3)",
      "revenue": 524700000,
      "gross_profit": 135200000,
      "operating_income": 76600000,
      "net_income": 46700000,
      "opex": 58600000,
      "cogs": 389500000,
      "rd": 5900000,
      "sga": 50100000,
      "fcf": 35300000,
      "ocf": 60000000,
      "capex": -24700000,
      "gross_margin": 0.2576710501238803,
      "op_margin": 0.14598818372403277,
      "fcf_margin": 0.06727653897465219,
      "incr_op_margin_yoy": -3.658008658008658,
      "rev_growth_yoy": -0.04216867469879518,
      "rev_growth_yoy_accel": -0.023492337436782484,
      "fcf_margin_change": 0.012028941044127432
    },
    {
      "date": "2024-12-31T00:00:00",
      "quarter_label": "2024-12 (Q4)",
      "revenue": 518100000,
      "gross_profit": 132700000,
      "operating_income": 84100000,
      "net_income": 54000000,
      "opex": 48600000,
      "cogs": 385400000,
      "rd": 5700000,
      "sga": 52800000,
      "fcf": 42300000,
      "ocf": 70400000,
      "capex": -28100000,
      "gross_margin": 0.2561281605867593,
      "op_margin": 0.16232387569967188,
      "fcf_margin": 0.08164447017950202,
      "incr_op_margin_yoy": -2.703125,
      "rev_growth_yoy": -0.012202097235462344,
      "rev_growth_yoy_accel": 0.02996657746333283,
      "fcf_margin_change": 0.014367931204849832
    },
    {
      "date": "2025-03-30T00:00:00",
      "quarter_label": "2025-03 (Q1)",
      "revenue": 491800000,
      "gross_profit": 119600000,
      "operating_income": -160100000,
      "net_income": -144000000,
      "opex": 279700000,
      "cogs": 372200000,
      "rd": 5800000,
      "sga": 50600000,
      "fcf": -22700000,
      "ocf": -4400000,
      "capex": -18300000,
      "gross_margin": 0.2431882879219195,
      "op_margin": -0.3255388369255795,
      "fcf_margin": -0.0461569743798292,
      "incr_op_margin_yoy": 5.510538641686183,
      "rev_growth_yoy": -0.07988774555659495,
      "rev_growth_yoy_accel": -0.06768564832113261,
      "fcf_margin_change": -0.12780144455933123
    },
    {
      "date": "2025-06-29T00:00:00",
      "quarter_label": "2025-06 (Q2)",
      "revenue": 528900000,
      "gross_profit": 136900000,
      "operating_income": 74600000,
      "net_income": 45400000,
      "opex": 62300000,
      "cogs": 392000000,
      "rd": 5700000,
      "sga": 52200000,
      "fcf": 33800000,
      "ocf": 62900000,
      "capex": -29100000,
      "gross_margin": 0.25883910001890714,
      "op_margin": 0.14104745698619778,
      "fcf_margin": 0.06390622045755341,
      "incr_op_margin_yoy": -1.951219512195122,
      "rev_growth_yoy": -0.022727272727272728,
      "rev_growth_yoy_accel": 0.05716047282932222,
      "op_leverage_ratio": Infinity,
      "fcf_margin_change": 0.11006319483738261
    },
    {
      "date": "2025-09-28T00:00:00",
      "quarter_label": "2025-09 (Q3)",
      "revenue": 532400000,
      "gross_profit": 137000000,
      "operating_income": 70900000,
      "net_income": 43000000,
      "opex": 66100000,
      "cogs": 395400000,
      "rd": 5600000,
      "sga": 53000000,
      "fcf": 43600000,
      "ocf": 70900000,
      "capex": -27300000,
      "gross_margin": 0.2573253193087904,
      "op_margin": 0.13317054845980467,
      "fcf_margin": 0.08189331329827197,
      "incr_op_margin_yoy": -0.7402597402597403,
      "rev_growth_yoy": 0.014675052410901468,
      "rev_growth_yoy_accel": 0.037402325138174194,
      "fcf_margin_change": 0.01798709284071856
    }
  ],
  "signals": [
    {
      "quarter": "2025-06 (Q2)",
      "signal": "FCF TURNED POSITIVE",
      "detail": "FCF margin: -4.6% -> +6.4%",
      "severity": "HIGH"
    },
    {
      "quarter": "2025-06 (Q2)",
      "signal": "YoY REVENUE GROWTH ACCELERATION",
      "detail": "YoY growth: -2.3% vs prior quarter YoY: -8.0% (accel: +5.7%)",
      "severity": "MEDIUM"
    },
    {
      "quarter": "2025-06 (Q2)",
      "signal": "OP MARGIN TURNED POSITIVE (QoQ)",
      "detail": "Op margin: -32.6% -> +14.1%",
      "severity": "HIGH"
    },
    {
      "quarter": "2025-03 (Q1)",
      "signal": "YoY REVENUE GROWTH DECELERATION",
      "detail": "YoY growth: -8.0% vs prior quarter YoY: -1.2% (decel: -6.8%)",
      "severity": "WARNING"
    },
    {
      "quarter": "2024-09 (Q3)",
      "signal": "OP MARGIN TURNED POSITIVE (YoY)",
      "detail": "Op margin: -1.4% (year-ago) -> +14.6%",
      "severity": "HIGH"
    },
    {
      "quarter": "2024-03 (Q1)",
      "signal": "YoY REVENUE GROWTH DECELERATION",
      "detail": "YoY growth: -2.1% vs prior quarter YoY: +3.3% (decel: -5.5%)",
      "severity": "WARNING"
    },
    {
      "quarter": "2023-12 (Q4)",
      "signal": "FCF MARGIN EXPANSION",
      "detail": "FCF margin: +6.2% -> +13.9% (+7.7%)",
      "severity": "MEDIUM"
    },
    {
      "quarter": "2023-12 (Q4)",
      "signal": "INCREMENTAL MARGIN (YoY)",
      "detail": "YoY Incr OPM: +137.3% vs year-ago OPM: +8.6%",
      "severity": "HIGH"
    },
    {
      "quarter": "2023-12 (Q4)",
      "signal": "OP MARGIN TURNED POSITIVE (QoQ)",
      "detail": "Op margin: -1.4% -> +12.7%",
      "severity": "HIGH"
    },
    {
      "quarter": "2023-07 (Q3)",
      "signal": "YoY REVENUE GROWTH DECELERATION",
      "detail": "YoY growth: -1.0% vs prior quarter YoY: +5.2% (decel: -6.2%)",
      "severity": "WARNING"
    },
    {
      "quarter": "2023-07 (Q3)",
      "signal": "INCREMENTAL MARGIN (YoY)",
      "detail": "YoY Incr OPM: +354.5% vs year-ago OPM: +12.5%",
      "severity": "HIGH"
    },
    {
      "quarter": "2023-04 (Q2)",
      "signal": "GROSS MARGIN INFLECTION",
      "detail": "GM: +21.8% -> +19.2% -> +22.1% (reversal +2.9%)",
      "severity": "MEDIUM"
    },
    {
      "quarter": "2022-12 (Q4)",
      "signal": "YoY REVENUE GROWTH DECELERATION",
      "detail": "YoY growth: +6.4% vs prior quarter YoY: +14.5% (decel: -8.1%)",
      "severity": "WARNING"
    },
    {
      "quarter": "2022-10 (Q4)",
      "signal": "YoY REVENUE GROWTH DECELERATION",
      "detail": "YoY growth: +14.5% vs prior quarter YoY: +22.3% (decel: -7.7%)",
      "severity": "WARNING"
    },
    {
      "quarter": "2022-07 (Q3)",
      "signal": "FCF TURNED POSITIVE",
      "detail": "FCF margin: -3.6% -> +2.1%",
      "severity": "HIGH"
    },
    {
      "quarter": "2022-07 (Q3)",
      "signal": "OPERATING LEVERAGE",
      "detail": "Rev growth +7.3% vs OpEx growth +4.3% (leverage: 1.7x)",
      "severity": "MEDIUM"
    },
    {
      "quarter": "2022-07 (Q3)",
      "signal": "YoY REVENUE GROWTH ACCELERATION",
      "detail": "YoY growth: +22.3% vs prior quarter YoY: +14.7% (accel: +7.6%)",
      "severity": "MEDIUM"
    },
    {
      "quarter": "2022-04 (Q2)",
      "signal": "OPERATING LEVERAGE",
      "detail": "Rev growth +8.8% vs OpEx growth +3.9% (leverage: 2.3x)",
      "severity": "MEDIUM"
    },
    {
      "quarter": "2021-12 (Q4)",
      "signal": "FCF MARGIN EXPANSION",
      "detail": "FCF margin: +4.6% -> +9.7% (+5.1%)",
      "severity": "MEDIUM"
    },
    {
      "quarter": "2021-10 (Q4)",
      "signal": "OPERATING LEVERAGE",
      "detail": "Rev growth +3.9% vs OpEx growth +1.9% (leverage: 2.0x)",
      "severity": "MEDIUM"
    }
  ],
  "data_quality": {
    "n_quarters": 20,
    "coverage": {
      "revenue": [
        20,
        20
      ],
      "gross_profit": [
        20,
        20
      ],
      "op_income": [
        20,
        20
      ],
      "fcf": [
        20,
        20
      ]
    },
    "gaps": [],
    "warnings": []
  },
  "market_cap": null,
  "source": "SEC EDGAR",
  "last_updated": "2026-02-02T21:35:08.651288"
}