{
  "ticker": "MU",
  "name": "Micron Technology, Inc.",
  "quarters": [
    {
      "date": "2021-03-04T00:00:00",
      "quarter_label": "2021-03 (Q1)",
      "revenue": 6236000000,
      "gross_profit": 1649000000,
      "operating_income": 663000000,
      "net_income": 603000000,
      "opex": 986000000,
      "cogs": 4587000000,
      "rd": 641000000,
      "sga": 214000000,
      "fcf": 39000000,
      "ocf": 3057000000,
      "capex": -3018000000,
      "gross_margin": 0.26443232841565106,
      "op_margin": 0.1063181526619628,
      "fcf_margin": 0.0062540089801154585
    },
    {
      "date": "2021-06-03T00:00:00",
      "quarter_label": "2021-06 (Q2)",
      "revenue": 7422000000,
      "gross_profit": 3126000000,
      "operating_income": 1799000000,
      "net_income": 1735000000,
      "opex": 1327000000,
      "cogs": 4296000000,
      "rd": 670000000,
      "sga": 230000000,
      "fcf": 1301000000,
      "ocf": 3560000000,
      "capex": -2259000000,
      "gross_margin": 0.4211802748585287,
      "op_margin": 0.24238749663163567,
      "fcf_margin": 0.17528967933171652,
      "op_leverage_ratio": 0.5499220306271972,
      "fcf_margin_change": 0.16903567035160105
    },
    {
      "date": "2021-09-02T00:00:00",
      "quarter_label": "2021-09 (Q3)",
      "revenue": 8274000000,
      "gross_profit": 3912000000,
      "operating_income": 2955000000,
      "net_income": 2720000000,
      "opex": 957000000,
      "cogs": 4362000000,
      "rd": 705000000,
      "sga": 236000000,
      "fcf": 1869000000,
      "ocf": 3884000000,
      "capex": -2015000000,
      "gross_margin": 0.47280638143582304,
      "op_margin": 0.35714285714285715,
      "fcf_margin": 0.22588832487309646,
      "op_leverage_ratio": Infinity,
      "fcf_margin_change": 0.05059864554137994
    },
    {
      "date": "2021-12-02T00:00:00",
      "quarter_label": "2021-12 (Q4)",
      "revenue": 7687000000,
      "gross_profit": 3565000000,
      "operating_income": 2631000000,
      "net_income": 2306000000,
      "opex": 934000000,
      "cogs": 4122000000,
      "rd": 712000000,
      "sga": 259000000,
      "fcf": 673000000,
      "ocf": 3938000000,
      "capex": -3265000000,
      "gross_margin": 0.4637700013008976,
      "op_margin": 0.3422661636529205,
      "fcf_margin": 0.0875504097827501,
      "fcf_margin_change": -0.13833791509034638
    },
    {
      "date": "2022-03-03T00:00:00",
      "quarter_label": "2022-03 (Q1)",
      "revenue": 7786000000,
      "gross_profit": 3676000000,
      "operating_income": 2546000000,
      "net_income": 2263000000,
      "opex": 1130000000,
      "cogs": 4110000000,
      "rd": 792000000,
      "sga": 263000000,
      "fcf": 1017000000,
      "ocf": 3628000000,
      "capex": -2611000000,
      "gross_margin": 0.47212946313896736,
      "op_margin": 0.32699717441561776,
      "fcf_margin": 0.13061905985101463,
      "incr_op_margin_yoy": 1.2148387096774194,
      "rev_growth_yoy": 0.2485567671584349,
      "op_leverage_ratio": 0.061371836363008844,
      "fcf_margin_change": 0.04306865006826453
    },
    {
      "date": "2022-06-02T00:00:00",
      "quarter_label": "2022-06 (Q2)",
      "revenue": 8642000000,
      "gross_profit": 4035000000,
      "operating_income": 3004000000,
      "net_income": 2626000000,
      "opex": 1031000000,
      "cogs": 4607000000,
      "rd": 773000000,
      "sga": 264000000,
      "fcf": 1260000000,
      "ocf": 3838000000,
      "capex": -2578000000,
      "gross_margin": 0.46690580884054617,
      "op_margin": 0.3476047211293682,
      "fcf_margin": 0.14579958342976163,
      "incr_op_margin_yoy": 0.9877049180327869,
      "rev_growth_yoy": 0.1643761789275128,
      "rev_growth_yoy_accel": -0.08418058823092209,
      "op_leverage_ratio": Infinity,
      "fcf_margin_change": 0.015180523578746996
    },
    {
      "date": "2022-09-01T00:00:00",
      "quarter_label": "2022-09 (Q3)",
      "revenue": 6643000000,
      "gross_profit": 2622000000,
      "operating_income": 1521000000,
      "net_income": 1492000000,
      "opex": 1101000000,
      "cogs": 4021000000,
      "rd": 839000000,
      "sga": 280000000,
      "fcf": 164000000,
      "ocf": 3777000000,
      "capex": -3613000000,
      "gross_margin": 0.3947011892217372,
      "op_margin": 0.22896281800391388,
      "fcf_margin": 0.02468764112599729,
      "incr_op_margin_yoy": 0.8792152053954629,
      "rev_growth_yoy": -0.19712351945854484,
      "rev_growth_yoy_accel": -0.36149969838605767,
      "fcf_margin_change": -0.12111194230376433
    },
    {
      "date": "2022-12-01T00:00:00",
      "quarter_label": "2022-12 (Q4)",
      "revenue": 4085000000,
      "gross_profit": 893000000,
      "operating_income": -209000000,
      "net_income": -195000000,
      "opex": 1102000000,
      "cogs": 3192000000,
      "rd": 849000000,
      "sga": 251000000,
      "fcf": -1506000000,
      "ocf": 943000000,
      "capex": -2449000000,
      "gross_margin": 0.2186046511627907,
      "op_margin": -0.05116279069767442,
      "fcf_margin": -0.36866585067319463,
      "incr_op_margin_yoy": 0.7884508606329816,
      "rev_growth_yoy": -0.4685833224925198,
      "rev_growth_yoy_accel": -0.271459803033975,
      "fcf_margin_change": -0.39335349179919193
    },
    {
      "date": "2023-03-02T00:00:00",
      "quarter_label": "2023-03 (Q1)",
      "revenue": 3693000000,
      "gross_profit": -1206000000,
      "operating_income": -2303000000,
      "net_income": -2312000000,
      "opex": 1097000000,
      "cogs": 4899000000,
      "rd": 788000000,
      "sga": 231000000,
      "fcf": -1862000000,
      "ocf": 343000000,
      "capex": -2205000000,
      "gross_margin": -0.32656376929325753,
      "op_margin": -0.6236122393717844,
      "fcf_margin": -0.504197129704847,
      "incr_op_margin_yoy": 1.1847055949181529,
      "rev_growth_yoy": -0.5256871307474955,
      "rev_growth_yoy_accel": -0.057103808254975685,
      "fcf_margin_change": -0.13553127903165235
    },
    {
      "date": "2023-06-01T00:00:00",
      "quarter_label": "2023-06 (Q2)",
      "revenue": 3752000000,
      "gross_profit": -668000000,
      "operating_income": -1761000000,
      "net_income": -1896000000,
      "opex": 1093000000,
      "cogs": 4420000000,
      "rd": 758000000,
      "sga": 219000000,
      "fcf": -1537000000,
      "ocf": 24000000,
      "capex": -1561000000,
      "gross_margin": -0.17803837953091683,
      "op_margin": -0.4693496801705757,
      "fcf_margin": -0.4096481876332623,
      "incr_op_margin_yoy": 0.9744376278118609,
      "rev_growth_yoy": -0.5658412404535987,
      "rev_growth_yoy_accel": -0.040154109706103225,
      "op_leverage_ratio": Infinity,
      "fcf_margin_change": 0.09454894207158471
    },
    {
      "date": "2023-08-31T00:00:00",
      "quarter_label": "2023-08 (Q3)",
      "revenue": 4010000000,
      "gross_profit": -435000000,
      "operating_income": -1472000000,
      "net_income": -1430000000,
      "opex": 1037000000,
      "cogs": 4445000000,
      "rd": 719000000,
      "sga": 219000000,
      "fcf": -1212000000,
      "ocf": 249000000,
      "capex": -1461000000,
      "gross_margin": -0.1084788029925187,
      "op_margin": -0.36708229426433914,
      "fcf_margin": -0.30224438902743145,
      "incr_op_margin_yoy": 1.1367261678693505,
      "rev_growth_yoy": -0.3963570675899443,
      "rev_growth_yoy_accel": 0.16948417286365441,
      "op_leverage_ratio": Infinity,
      "fcf_margin_change": 0.10740379860583082
    },
    {
      "date": "2023-11-30T00:00:00",
      "quarter_label": "2023-11 (Q4)",
      "revenue": 4726000000,
      "gross_profit": -35000000,
      "operating_income": -1128000000,
      "net_income": -1234000000,
      "opex": 1093000000,
      "cogs": 4761000000,
      "rd": 845000000,
      "sga": 263000000,
      "fcf": -395000000,
      "ocf": 1401000000,
      "capex": -1796000000,
      "gross_margin": -0.007405840033855269,
      "op_margin": -0.23867964451967838,
      "fcf_margin": -0.08358019466779518,
      "incr_op_margin_yoy": -1.4336973478939157,
      "rev_growth_yoy": 0.1569155446756426,
      "rev_growth_yoy_accel": 0.5532726122655869,
      "op_leverage_ratio": 3.3064303526897043,
      "fcf_margin_change": 0.21866419435963627
    },
    {
      "date": "2024-02-29T00:00:00",
      "quarter_label": "2024-02 (Q1)",
      "revenue": 5824000000,
      "gross_profit": 1079000000,
      "operating_income": 191000000,
      "net_income": 793000000,
      "opex": 888000000,
      "cogs": 4745000000,
      "rd": 832000000,
      "sga": 280000000,
      "fcf": -165000000,
      "ocf": 1219000000,
      "capex": -1384000000,
      "gross_margin": 0.18526785714285715,
      "op_margin": 0.03279532967032967,
      "fcf_margin": -0.028331043956043956,
      "incr_op_margin_yoy": 1.1703425621773815,
      "rev_growth_yoy": 0.5770376387760628,
      "rev_growth_yoy_accel": 0.42012209410042023,
      "op_leverage_ratio": Infinity,
      "fcf_margin_change": 0.055249150711751224
    },
    {
      "date": "2024-05-30T00:00:00",
      "quarter_label": "2024-05 (Q2)",
      "revenue": 6811000000,
      "gross_profit": 1832000000,
      "operating_income": 719000000,
      "net_income": 332000000,
      "opex": 1113000000,
      "cogs": 4979000000,
      "rd": 850000000,
      "sga": 291000000,
      "fcf": 396000000,
      "ocf": 2482000000,
      "capex": -2086000000,
      "gross_margin": 0.2689766554103656,
      "op_margin": 0.10556452796946117,
      "fcf_margin": 0.058141242108354134,
      "incr_op_margin_yoy": 0.8107224583197123,
      "rev_growth_yoy": 0.8152985074626866,
      "rev_growth_yoy_accel": 0.23826086868662377,
      "op_leverage_ratio": 0.6688461538461539,
      "fcf_margin_change": 0.0864722860643981
    },
    {
      "date": "2024-08-29T00:00:00",
      "quarter_label": "2024-08 (Q3)",
      "revenue": 7750000000,
      "gross_profit": 2737000000,
      "operating_income": 1522000000,
      "net_income": 887000000,
      "opex": 1215000000,
      "cogs": 5013000000,
      "rd": 903000000,
      "sga": 295000000,
      "fcf": 285000000,
      "ocf": 3405000000,
      "capex": -3120000000,
      "gross_margin": 0.35316129032258065,
      "op_margin": 0.19638709677419355,
      "fcf_margin": 0.036774193548387096,
      "incr_op_margin_yoy": 0.8005347593582888,
      "rev_growth_yoy": 0.9326683291770573,
      "rev_growth_yoy_accel": 0.11736982171437071,
      "op_leverage_ratio": 1.5043528202647964,
      "fcf_margin_change": -0.021367048559967038
    },
    {
      "date": "2024-11-28T00:00:00",
      "quarter_label": "2024-11 (Q4)",
      "revenue": 8709000000,
      "gross_profit": 3348000000,
      "operating_income": 2174000000,
      "net_income": 1870000000,
      "opex": 1174000000,
      "cogs": 5361000000,
      "rd": 888000000,
      "sga": 288000000,
      "fcf": 38000000,
      "ocf": 3244000000,
      "capex": -3206000000,
      "gross_margin": 0.3844299001033414,
      "op_margin": 0.2496268228269606,
      "fcf_margin": 0.004363302330922035,
      "incr_op_margin_yoy": 0.8290233492342456,
      "rev_growth_yoy": 0.8427845958527296,
      "rev_growth_yoy_accel": -0.08988373332432775,
      "op_leverage_ratio": Infinity,
      "fcf_margin_change": -0.032410891217465064
    },
    {
      "date": "2025-02-27T00:00:00",
      "quarter_label": "2025-02 (Q1)",
      "revenue": 8053000000,
      "gross_profit": 2963000000,
      "operating_income": 1773000000,
      "net_income": 1583000000,
      "opex": 1190000000,
      "cogs": 5090000000,
      "rd": 898000000,
      "sga": 285000000,
      "fcf": -113000000,
      "ocf": 3942000000,
      "capex": -4055000000,
      "gross_margin": 0.36793741462808893,
      "op_margin": 0.22016639761579535,
      "fcf_margin": -0.014032037749906866,
      "incr_op_margin_yoy": 0.7097353073126963,
      "rev_growth_yoy": 0.3827266483516483,
      "rev_growth_yoy_accel": -0.46005794750108125,
      "fcf_margin_change": -0.018395340080828902
    },
    {
      "date": "2025-05-29T00:00:00",
      "quarter_label": "2025-05 (Q2)",
      "revenue": 9301000000,
      "gross_profit": 3508000000,
      "operating_income": 2169000000,
      "net_income": 1885000000,
      "opex": 1339000000,
      "cogs": 5793000000,
      "rd": 965000000,
      "sga": 318000000,
      "fcf": 1671000000,
      "ocf": 4609000000,
      "capex": -2938000000,
      "gross_margin": 0.3771637458337813,
      "op_margin": 0.23320073110418235,
      "fcf_margin": 0.17965810127943233,
      "incr_op_margin_yoy": 0.5823293172690763,
      "rev_growth_yoy": 0.3655850829540449,
      "rev_growth_yoy_accel": -0.01714156539760342,
      "op_leverage_ratio": 1.237706236451962,
      "fcf_margin_change": 0.19369013902933918
    },
    {
      "date": "2025-08-28T00:00:00",
      "quarter_label": "2025-08 (Q3)",
      "revenue": 11315000000,
      "gross_profit": 5054000000,
      "operating_income": 3654000000,
      "net_income": 3201000000,
      "opex": 1400000000,
      "cogs": 6261000000,
      "rd": 1047000000,
      "sga": 314000000,
      "fcf": 72000000,
      "ocf": 5730000000,
      "capex": -5658000000,
      "gross_margin": 0.44666372072470173,
      "op_margin": 0.32293415819708354,
      "fcf_margin": 0.006363234644277508,
      "incr_op_margin_yoy": 0.5980364656381487,
      "rev_growth_yoy": 0.46,
      "rev_growth_yoy_accel": 0.09441491704595512,
      "op_leverage_ratio": 4.753139535498563,
      "fcf_margin_change": -0.1732948666351548
    },
    {
      "date": "2025-11-27T00:00:00",
      "quarter_label": "2025-11 (Q4)",
      "revenue": 13643000000,
      "gross_profit": 7646000000,
      "operating_income": 6136000000,
      "net_income": 5240000000,
      "opex": 1510000000,
      "cogs": 5997000000,
      "rd": 1171000000,
      "sga": 337000000,
      "fcf": 3022000000,
      "ocf": 8411000000,
      "capex": -5389000000,
      "gross_margin": 0.5604339221578831,
      "op_margin": 0.4497544528329546,
      "fcf_margin": 0.22150553397346626,
      "incr_op_margin_yoy": 0.8029995946493718,
      "rev_growth_yoy": 0.566540360546561,
      "rev_growth_yoy_accel": 0.10654036054656096,
      "op_leverage_ratio": 2.6185674687663196,
      "fcf_margin_change": 0.21514229932918874
    }
  ],
  "signals": [
    {
      "quarter": "2025-11 (Q4)",
      "signal": "FCF MARGIN EXPANSION",
      "detail": "FCF margin: +0.6% -> +22.2% (+21.5%)",
      "severity": "MEDIUM"
    },
    {
      "quarter": "2025-11 (Q4)",
      "signal": "OPERATING LEVERAGE",
      "detail": "Rev growth +20.6% vs OpEx growth +7.9% (leverage: 2.6x)",
      "severity": "MEDIUM"
    },
    {
      "quarter": "2025-11 (Q4)",
      "signal": "YoY REVENUE GROWTH ACCELERATION",
      "detail": "YoY growth: +56.7% vs prior quarter YoY: +46.0% (accel: +10.7%)",
      "severity": "MEDIUM"
    },
    {
      "quarter": "2025-11 (Q4)",
      "signal": "INCREMENTAL MARGIN (YoY)",
      "detail": "YoY Incr OPM: +80.3% vs year-ago OPM: +25.0%",
      "severity": "HIGH"
    },
    {
      "quarter": "2025-08 (Q3)",
      "signal": "OPERATING LEVERAGE",
      "detail": "Rev growth +21.7% vs OpEx growth +4.6% (leverage: 4.8x)",
      "severity": "MEDIUM"
    },
    {
      "quarter": "2025-08 (Q3)",
      "signal": "YoY REVENUE GROWTH ACCELERATION",
      "detail": "YoY growth: +46.0% vs prior quarter YoY: +36.6% (accel: +9.4%)",
      "severity": "MEDIUM"
    },
    {
      "quarter": "2025-08 (Q3)",
      "signal": "INCREMENTAL MARGIN (YoY)",
      "detail": "YoY Incr OPM: +59.8% vs year-ago OPM: +19.6%",
      "severity": "HIGH"
    },
    {
      "quarter": "2025-05 (Q2)",
      "signal": "FCF TURNED POSITIVE",
      "detail": "FCF margin: -1.4% -> +18.0%",
      "severity": "HIGH"
    },
    {
      "quarter": "2025-05 (Q2)",
      "signal": "INCREMENTAL MARGIN (YoY)",
      "detail": "YoY Incr OPM: +58.2% vs year-ago OPM: +10.6%",
      "severity": "HIGH"
    },
    {
      "quarter": "2025-02 (Q1)",
      "signal": "YoY REVENUE GROWTH DECELERATION",
      "detail": "YoY growth: +38.3% vs prior quarter YoY: +84.3% (decel: -46.0%)",
      "severity": "WARNING"
    },
    {
      "quarter": "2025-02 (Q1)",
      "signal": "INCREMENTAL MARGIN (YoY)",
      "detail": "YoY Incr OPM: +71.0% vs year-ago OPM: +3.3%",
      "severity": "HIGH"
    },
    {
      "quarter": "2024-11 (Q4)",
      "signal": "YoY REVENUE GROWTH DECELERATION",
      "detail": "YoY growth: +84.3% vs prior quarter YoY: +93.3% (decel: -9.0%)",
      "severity": "WARNING"
    },
    {
      "quarter": "2024-11 (Q4)",
      "signal": "OP MARGIN TURNED POSITIVE (YoY)",
      "detail": "Op margin: -23.9% (year-ago) -> +25.0%",
      "severity": "HIGH"
    },
    {
      "quarter": "2024-08 (Q3)",
      "signal": "OPERATING LEVERAGE",
      "detail": "Rev growth +13.8% vs OpEx growth +9.2% (leverage: 1.5x)",
      "severity": "MEDIUM"
    },
    {
      "quarter": "2024-08 (Q3)",
      "signal": "YoY REVENUE GROWTH ACCELERATION",
      "detail": "YoY growth: +93.3% vs prior quarter YoY: +81.5% (accel: +11.7%)",
      "severity": "MEDIUM"
    },
    {
      "quarter": "2024-08 (Q3)",
      "signal": "OP MARGIN TURNED POSITIVE (YoY)",
      "detail": "Op margin: -36.7% (year-ago) -> +19.6%",
      "severity": "HIGH"
    },
    {
      "quarter": "2024-05 (Q2)",
      "signal": "FCF TURNED POSITIVE",
      "detail": "FCF margin: -2.8% -> +5.8%",
      "severity": "HIGH"
    },
    {
      "quarter": "2024-05 (Q2)",
      "signal": "YoY REVENUE GROWTH ACCELERATION",
      "detail": "YoY growth: +81.5% vs prior quarter YoY: +57.7% (accel: +23.8%)",
      "severity": "HIGH"
    },
    {
      "quarter": "2024-05 (Q2)",
      "signal": "OP MARGIN TURNED POSITIVE (YoY)",
      "detail": "Op margin: -46.9% (year-ago) -> +10.6%",
      "severity": "HIGH"
    },
    {
      "quarter": "2024-02 (Q1)",
      "signal": "FCF MARGIN EXPANSION",
      "detail": "FCF margin: -8.4% -> -2.8% (+5.5%)",
      "severity": "MEDIUM"
    },
    {
      "quarter": "2024-02 (Q1)",
      "signal": "YoY REVENUE GROWTH ACCELERATION",
      "detail": "YoY growth: +57.7% vs prior quarter YoY: +15.7% (accel: +42.0%)",
      "severity": "HIGH"
    },
    {
      "quarter": "2024-02 (Q1)",
      "signal": "OP MARGIN TURNED POSITIVE (YoY)",
      "detail": "Op margin: -62.4% (year-ago) -> +3.3%",
      "severity": "HIGH"
    },
    {
      "quarter": "2024-02 (Q1)",
      "signal": "OP MARGIN TURNED POSITIVE (QoQ)",
      "detail": "Op margin: -23.9% -> +3.3%",
      "severity": "HIGH"
    },
    {
      "quarter": "2023-11 (Q4)",
      "signal": "FCF MARGIN EXPANSION",
      "detail": "FCF margin: -30.2% -> -8.4% (+21.9%)",
      "severity": "MEDIUM"
    },
    {
      "quarter": "2023-11 (Q4)",
      "signal": "OPERATING LEVERAGE",
      "detail": "Rev growth +17.9% vs OpEx growth +5.4% (leverage: 3.3x)",
      "severity": "MEDIUM"
    },
    {
      "quarter": "2023-11 (Q4)",
      "signal": "YoY REVENUE GROWTH ACCELERATION",
      "detail": "YoY growth: +15.7% vs prior quarter YoY: -39.6% (accel: +55.3%)",
      "severity": "HIGH"
    },
    {
      "quarter": "2023-08 (Q3)",
      "signal": "FCF MARGIN EXPANSION",
      "detail": "FCF margin: -41.0% -> -30.2% (+10.7%)",
      "severity": "MEDIUM"
    },
    {
      "quarter": "2023-08 (Q3)",
      "signal": "YoY REVENUE GROWTH ACCELERATION",
      "detail": "YoY growth: -39.6% vs prior quarter YoY: -56.6% (accel: +16.9%)",
      "severity": "HIGH"
    },
    {
      "quarter": "2023-06 (Q2)",
      "signal": "FCF MARGIN EXPANSION",
      "detail": "FCF margin: -50.4% -> -41.0% (+9.5%)",
      "severity": "MEDIUM"
    },
    {
      "quarter": "2023-06 (Q2)",
      "signal": "GROSS MARGIN INFLECTION",
      "detail": "GM: +21.9% -> -32.7% -> -17.8% (reversal +14.9%)",
      "severity": "HIGH"
    },
    {
      "quarter": "2023-03 (Q1)",
      "signal": "YoY REVENUE GROWTH DECELERATION",
      "detail": "YoY growth: -52.6% vs prior quarter YoY: -46.9% (decel: -5.7%)",
      "severity": "WARNING"
    },
    {
      "quarter": "2022-12 (Q4)",
      "signal": "YoY REVENUE GROWTH DECELERATION",
      "detail": "YoY growth: -46.9% vs prior quarter YoY: -19.7% (decel: -27.1%)",
      "severity": "WARNING"
    },
    {
      "quarter": "2022-09 (Q3)",
      "signal": "YoY REVENUE GROWTH DECELERATION",
      "detail": "YoY growth: -19.7% vs prior quarter YoY: +16.4% (decel: -36.1%)",
      "severity": "WARNING"
    },
    {
      "quarter": "2022-09 (Q3)",
      "signal": "INCREMENTAL MARGIN (YoY)",
      "detail": "YoY Incr OPM: +87.9% vs year-ago OPM: +35.7%",
      "severity": "HIGH"
    },
    {
      "quarter": "2022-06 (Q2)",
      "signal": "YoY REVENUE GROWTH DECELERATION",
      "detail": "YoY growth: +16.4% vs prior quarter YoY: +24.9% (decel: -8.4%)",
      "severity": "WARNING"
    },
    {
      "quarter": "2022-06 (Q2)",
      "signal": "INCREMENTAL MARGIN (YoY)",
      "detail": "YoY Incr OPM: +98.8% vs year-ago OPM: +24.2%",
      "severity": "HIGH"
    },
    {
      "quarter": "2022-03 (Q1)",
      "signal": "INCREMENTAL MARGIN (YoY)",
      "detail": "YoY Incr OPM: +121.5% vs year-ago OPM: +10.6%",
      "severity": "HIGH"
    },
    {
      "quarter": "2021-09 (Q3)",
      "signal": "FCF MARGIN EXPANSION",
      "detail": "FCF margin: +17.5% -> +22.6% (+5.1%)",
      "severity": "MEDIUM"
    },
    {
      "quarter": "2021-06 (Q2)",
      "signal": "FCF MARGIN EXPANSION",
      "detail": "FCF margin: +0.6% -> +17.5% (+16.9%)",
      "severity": "MEDIUM"
    }
  ],
  "data_quality": {
    "n_quarters": 20,
    "coverage": {
      "revenue": [
        20,
        20
      ],
      "gross_profit": [
        20,
        20
      ],
      "op_income": [
        20,
        20
      ],
      "fcf": [
        20,
        20
      ]
    },
    "gaps": [],
    "warnings": []
  },
  "market_cap": null,
  "source": "SEC EDGAR",
  "last_updated": "2026-02-02T19:46:04.912558",
  "sector": "Technology",
  "industry": "Semiconductors"
}