{
  "ticker": "MVSTW",
  "name": "Microvast Holdings, Inc.",
  "quarters": [
    {
      "date": "2020-12-31T00:00:00",
      "quarter_label": "2020-12 (Q4)",
      "revenue": 48118000,
      "gross_profit": 8690000,
      "operating_income": -266862,
      "net_income": null,
      "opex": 48592197,
      "cogs": 39428000,
      "rd": 4119000,
      "sga": null,
      "fcf": 6487000,
      "ocf": 9757000,
      "capex": -3270000,
      "gross_margin": 0.18059769732740347,
      "op_margin": -0.005545991105199717,
      "fcf_margin": 0.13481441456419635
    },
    {
      "date": "2021-03-31T00:00:00",
      "quarter_label": "2021-03 (Q1)",
      "revenue": 14938000,
      "gross_profit": -1237000,
      "operating_income": -890929,
      "net_income": -48825,
      "opex": 11516000,
      "cogs": 16175000,
      "rd": 3786000,
      "sga": null,
      "fcf": -27603000,
      "ocf": -2174000,
      "capex": -25429000,
      "gross_margin": -0.0828089436336859,
      "op_margin": -0.05964178604900255,
      "fcf_margin": -1.8478377292810282,
      "fcf_margin_change": -1.9826521438452245
    },
    {
      "date": "2021-06-30T00:00:00",
      "quarter_label": "2021-06 (Q2)",
      "revenue": 33372000,
      "gross_profit": -6774000,
      "operating_income": -543914,
      "net_income": -2050595,
      "opex": 15779000,
      "cogs": 40146000,
      "rd": 5895000,
      "sga": null,
      "fcf": -17280000,
      "ocf": -12851000,
      "capex": -4429000,
      "gross_margin": -0.20298453793599425,
      "op_margin": -0.016298513724080067,
      "fcf_margin": -0.517799352750809,
      "op_leverage_ratio": 3.3335997249024953,
      "fcf_margin_change": 1.330038376530219
    },
    {
      "date": "2021-09-30T00:00:00",
      "quarter_label": "2021-09 (Q3)",
      "revenue": 36894000,
      "gross_profit": -35885000,
      "operating_income": -113296000,
      "net_income": null,
      "opex": 77956000,
      "cogs": 72779000,
      "rd": 13518000,
      "sga": null,
      "fcf": -20488000,
      "ocf": -9628000,
      "capex": -10860000,
      "gross_margin": -0.9726513796281239,
      "op_margin": -3.070851628991164,
      "fcf_margin": -0.5553206483439042,
      "op_leverage_ratio": 0.0267828524726972,
      "fcf_margin_change": -0.03752129559309514
    },
    {
      "date": "2021-12-31T00:00:00",
      "quarter_label": "2021-12 (Q4)",
      "revenue": 66772000,
      "gross_profit": 1153000,
      "operating_income": -47593000,
      "net_income": null,
      "opex": 52197000,
      "cogs": 65619000,
      "rd": 11186000,
      "sga": null,
      "fcf": -67530000,
      "ocf": -20386000,
      "capex": -47144000,
      "gross_margin": 0.017267717007128737,
      "op_margin": -0.7127688252560954,
      "fcf_margin": -1.0113520637392919,
      "incr_op_margin_yoy": -2.5370503913369786,
      "rev_growth_yoy": 0.3876719730662122,
      "op_leverage_ratio": Infinity,
      "fcf_margin_change": -0.4560314153953877
    },
    {
      "date": "2022-03-31T00:00:00",
      "quarter_label": "2022-03 (Q1)",
      "revenue": 36668000,
      "gross_profit": 13000,
      "operating_income": -43258000,
      "net_income": -43776000,
      "opex": 43408000,
      "cogs": 36655000,
      "rd": 11309000,
      "sga": null,
      "fcf": -65975000,
      "ocf": -24914000,
      "capex": -41061000,
      "gross_margin": 0.00035453256245227444,
      "op_margin": -1.1797207374277299,
      "fcf_margin": -1.799252754445293,
      "incr_op_margin_yoy": -1.9497041417395307,
      "rev_growth_yoy": 1.4546793412772794,
      "rev_growth_yoy_accel": 1.0670073682110672,
      "fcf_margin_change": -0.7879006907060011
    },
    {
      "date": "2022-06-30T00:00:00",
      "quarter_label": "2022-06 (Q2)",
      "revenue": 64414000,
      "gross_profit": 4841000,
      "operating_income": -44972000,
      "net_income": -44182000,
      "opex": 50389000,
      "cogs": 59573000,
      "rd": 10244000,
      "sga": null,
      "fcf": -65475000,
      "ocf": -38621000,
      "capex": -26854000,
      "gross_margin": 0.07515446952525849,
      "op_margin": -0.6981712050175428,
      "fcf_margin": -1.0164715745024373,
      "incr_op_margin_yoy": -1.4312249855035113,
      "rev_growth_yoy": 0.9301809900515402,
      "rev_growth_yoy_accel": -0.5244983512257392,
      "op_leverage_ratio": 4.7050614262930965,
      "fcf_margin_change": 0.7827811799428557
    },
    {
      "date": "2022-09-30T00:00:00",
      "quarter_label": "2022-09 (Q3)",
      "revenue": 38616000,
      "gross_profit": 1993000,
      "operating_income": -37090000,
      "net_income": -36544000,
      "opex": 39603000,
      "cogs": 36623000,
      "rd": 11457000,
      "sga": null,
      "fcf": -11867000,
      "ocf": 4940000,
      "capex": -16807000,
      "gross_margin": 0.051610731303086806,
      "op_margin": -0.9604827014708929,
      "fcf_margin": -0.3073078516677025,
      "incr_op_margin_yoy": 44.254355400696866,
      "rev_growth_yoy": 0.046674255976581557,
      "rev_growth_yoy_accel": -0.8835067340749586,
      "fcf_margin_change": 0.7091637228347347
    },
    {
      "date": "2022-12-31T00:00:00",
      "quarter_label": "2022-12 (Q4)",
      "revenue": 64797000,
      "gross_profit": 2226000,
      "operating_income": -34626000,
      "net_income": -33698000,
      "opex": 37291000,
      "cogs": 62571000,
      "rd": 10498000,
      "sga": null,
      "fcf": -61491000,
      "ocf": 4667000,
      "capex": -66158000,
      "gross_margin": 0.03435344228899486,
      "op_margin": -0.5343765915088662,
      "fcf_margin": -0.9489791194036761,
      "incr_op_margin_yoy": -6.565569620253164,
      "rev_growth_yoy": -0.02957826633918409,
      "rev_growth_yoy_accel": -0.07625252231576565,
      "op_leverage_ratio": Infinity,
      "fcf_margin_change": -0.6416712677359735
    },
    {
      "date": "2023-03-31T00:00:00",
      "quarter_label": "2023-03 (Q1)",
      "revenue": 46973000,
      "gross_profit": 4858000,
      "operating_income": -31299000,
      "net_income": -29581000,
      "opex": 36234000,
      "cogs": 42115000,
      "rd": 10861000,
      "sga": null,
      "fcf": -47088000,
      "ocf": -11166000,
      "capex": -35922000,
      "gross_margin": 0.10342111425712644,
      "op_margin": -0.6663189491835736,
      "fcf_margin": -1.0024482149319822,
      "incr_op_margin_yoy": 1.1605046094129063,
      "rev_growth_yoy": 0.28103523508236067,
      "rev_growth_yoy_accel": 0.31061350142154476,
      "fcf_margin_change": -0.05346909552830614
    },
    {
      "date": "2023-06-30T00:00:00",
      "quarter_label": "2023-06 (Q2)",
      "revenue": 74953000,
      "gross_profit": 11461000,
      "operating_income": -26866000,
      "net_income": -26089000,
      "opex": 38964000,
      "cogs": 63492000,
      "rd": 9507000,
      "sga": null,
      "fcf": -87550000,
      "ocf": -29842000,
      "capex": -57708000,
      "gross_margin": 0.15290915640468028,
      "op_margin": -0.35843795445145626,
      "fcf_margin": -1.1680653209344523,
      "incr_op_margin_yoy": 1.7179998102286744,
      "rev_growth_yoy": 0.16361350017077034,
      "rev_growth_yoy_accel": -0.11742173491159033,
      "op_leverage_ratio": 7.905931464486379,
      "fcf_margin_change": -0.16561710600247004
    },
    {
      "date": "2023-09-30T00:00:00",
      "quarter_label": "2023-09 (Q3)",
      "revenue": 80116000,
      "gross_profit": 17884000,
      "operating_income": -26348000,
      "net_income": -26130000,
      "opex": 44674000,
      "cogs": 62232000,
      "rd": 13241000,
      "sga": null,
      "fcf": -89286000,
      "ocf": -29342000,
      "capex": -59944000,
      "gross_margin": 0.22322632183334165,
      "op_margin": -0.3288731339557641,
      "fcf_margin": -1.1144590344001197,
      "incr_op_margin_yoy": 0.2588433734939759,
      "rev_growth_yoy": 1.0746840687797805,
      "rev_growth_yoy_accel": 0.9110705686090101,
      "op_leverage_ratio": 0.4700461839915886,
      "fcf_margin_change": 0.053606286534332526
    },
    {
      "date": "2023-12-31T00:00:00",
      "quarter_label": "2023-12 (Q4)",
      "revenue": 104575000,
      "gross_profit": 23024000,
      "operating_income": -22216000,
      "net_income": -24536000,
      "opex": 46037000,
      "cogs": 81551000,
      "rd": 11395000,
      "sga": null,
      "fcf": -38167000,
      "ocf": -4953000,
      "capex": -33214000,
      "gross_margin": 0.22016734401147503,
      "op_margin": -0.2124408319387999,
      "fcf_margin": -0.3649725077695434,
      "incr_op_margin_yoy": 0.3119814973100709,
      "rev_growth_yoy": 0.6138864453601247,
      "rev_growth_yoy_accel": -0.4607976234196558,
      "op_leverage_ratio": 10.006412986569329,
      "fcf_margin_change": 0.7494865266305764
    },
    {
      "date": "2024-03-31T00:00:00",
      "quarter_label": "2024-03 (Q1)",
      "revenue": 81351000,
      "gross_profit": 17225000,
      "operating_income": -23118000,
      "net_income": -24825000,
      "opex": 40877000,
      "cogs": 64126000,
      "rd": 11492000,
      "sga": null,
      "fcf": -8210000,
      "ocf": 2031000,
      "capex": -10241000,
      "gross_margin": 0.21173679487652272,
      "op_margin": -0.28417597816867646,
      "fcf_margin": -0.10092070165087091,
      "incr_op_margin_yoy": 0.2379719588108674,
      "rev_growth_yoy": 0.7318672428842101,
      "rev_growth_yoy_accel": 0.11798079752408541,
      "fcf_margin_change": 0.26405180611867246
    },
    {
      "date": "2024-06-30T00:00:00",
      "quarter_label": "2024-06 (Q2)",
      "revenue": 83675000,
      "gross_profit": 27195000,
      "operating_income": -75626000,
      "net_income": -78441000,
      "opex": 103556000,
      "cogs": 56480000,
      "rd": 10107000,
      "sga": null,
      "fcf": -2834000,
      "ocf": 111000,
      "capex": -2945000,
      "gross_margin": 0.3250074693755602,
      "op_margin": -0.9038063937854796,
      "fcf_margin": -0.03386913654018524,
      "incr_op_margin_yoy": -5.590460903462509,
      "rev_growth_yoy": 0.11636625618721065,
      "rev_growth_yoy_accel": -0.6155009866969995,
      "op_leverage_ratio": 0.0186307433812961,
      "fcf_margin_change": 0.06705156511068568
    },
    {
      "date": "2024-09-30T00:00:00",
      "quarter_label": "2024-09 (Q3)",
      "revenue": 101388000,
      "gross_profit": 33612000,
      "operating_income": 7186000,
      "net_income": 13247000,
      "opex": 27508000,
      "cogs": 67776000,
      "rd": 10692000,
      "sga": null,
      "fcf": -19609000,
      "ocf": -5429000,
      "capex": -14180000,
      "gross_margin": 0.3315185229021186,
      "op_margin": 0.07087623781907129,
      "fcf_margin": -0.19340553122657514,
      "incr_op_margin_yoy": 1.5764385107183152,
      "rev_growth_yoy": 0.2655150032452943,
      "rev_growth_yoy_accel": 0.14914874705808367,
      "op_leverage_ratio": Infinity,
      "fcf_margin_change": -0.15953639468638992
    },
    {
      "date": "2024-12-31T00:00:00",
      "quarter_label": "2024-12 (Q4)",
      "revenue": 113387000,
      "gross_profit": 41520000,
      "operating_income": -24532000,
      "net_income": -105438000,
      "opex": 66359000,
      "cogs": 71867000,
      "rd": 8774000,
      "sga": null,
      "fcf": 5746000,
      "ocf": 6101000,
      "capex": -355000,
      "gross_margin": 0.3661795443922143,
      "op_margin": -0.21635637242364644,
      "fcf_margin": 0.05067600342190904,
      "incr_op_margin_yoy": -0.2628234226055379,
      "rev_growth_yoy": 0.0842648816638776,
      "rev_growth_yoy_accel": -0.1812501215814167,
      "op_leverage_ratio": 0.08379446087461778,
      "fcf_margin_change": 0.24408153464848417
    },
    {
      "date": "2025-03-31T00:00:00",
      "quarter_label": "2025-03 (Q1)",
      "revenue": 116491000,
      "gross_profit": 43016000,
      "operating_income": 18932000,
      "net_income": 61790000,
      "opex": 25500000,
      "cogs": 73475000,
      "rd": 8248000,
      "sga": null,
      "fcf": 4823000,
      "ocf": 7169000,
      "capex": -2346000,
      "gross_margin": 0.3692645783794456,
      "op_margin": 0.1625189928835704,
      "fcf_margin": 0.04140234009494296,
      "incr_op_margin_yoy": 1.196642003414912,
      "rev_growth_yoy": 0.4319553539600005,
      "rev_growth_yoy_accel": 0.34769047229612293,
      "op_leverage_ratio": Infinity,
      "fcf_margin_change": -0.00927366332696608
    },
    {
      "date": "2025-06-30T00:00:00",
      "quarter_label": "2025-06 (Q2)",
      "revenue": 91339000,
      "gross_profit": 31723000,
      "operating_income": 16214000,
      "net_income": -106058000,
      "opex": 16504000,
      "cogs": 59616000,
      "rd": 7719000,
      "sga": null,
      "fcf": 34293000,
      "ocf": 37154000,
      "capex": -2861000,
      "gross_margin": 0.34731056832240337,
      "op_margin": 0.1775145337698026,
      "fcf_margin": 0.37544750873121013,
      "incr_op_margin_yoy": 11.98329853862213,
      "rev_growth_yoy": 0.09159247086943531,
      "rev_growth_yoy_accel": -0.34036288309056517,
      "fcf_margin_change": 0.33404516863626715
    },
    {
      "date": "2025-09-30T00:00:00",
      "quarter_label": "2025-09 (Q3)",
      "revenue": 123287000,
      "gross_profit": 46412000,
      "operating_income": 12994000,
      "net_income": -1489000,
      "opex": 33462000,
      "cogs": 76875000,
      "rd": 7757000,
      "sga": null,
      "fcf": 1179000,
      "ocf": 15163000,
      "capex": -13984000,
      "gross_margin": 0.37645493847688727,
      "op_margin": 0.10539635160235872,
      "fcf_margin": 0.00956305206550569,
      "incr_op_margin_yoy": 0.2652175898442851,
      "rev_growth_yoy": 0.21599203061506292,
      "rev_growth_yoy_accel": 0.12439955974562761,
      "op_leverage_ratio": 0.3404097630279048,
      "fcf_margin_change": -0.36588445666570446
    }
  ],
  "signals": [
    {
      "quarter": "2025-09 (Q3)",
      "signal": "GROSS MARGIN INFLECTION",
      "detail": "GM: +36.9% -> +34.7% -> +37.6% (reversal +2.9%)",
      "severity": "MEDIUM"
    },
    {
      "quarter": "2025-09 (Q3)",
      "signal": "YoY REVENUE GROWTH ACCELERATION",
      "detail": "YoY growth: +21.6% vs prior quarter YoY: +9.2% (accel: +12.4%)",
      "severity": "MEDIUM"
    },
    {
      "quarter": "2025-09 (Q3)",
      "signal": "INCREMENTAL MARGIN (YoY)",
      "detail": "YoY Incr OPM: +26.5% vs year-ago OPM: +7.1%",
      "severity": "MEDIUM"
    },
    {
      "quarter": "2025-06 (Q2)",
      "signal": "FCF MARGIN EXPANSION",
      "detail": "FCF margin: +4.1% -> +37.5% (+33.4%)",
      "severity": "MEDIUM"
    },
    {
      "quarter": "2025-06 (Q2)",
      "signal": "YoY REVENUE GROWTH DECELERATION",
      "detail": "YoY growth: +9.2% vs prior quarter YoY: +43.2% (decel: -34.0%)",
      "severity": "WARNING"
    },
    {
      "quarter": "2025-06 (Q2)",
      "signal": "OP MARGIN TURNED POSITIVE (YoY)",
      "detail": "Op margin: -90.4% (year-ago) -> +17.8%",
      "severity": "HIGH"
    },
    {
      "quarter": "2025-03 (Q1)",
      "signal": "YoY REVENUE GROWTH ACCELERATION",
      "detail": "YoY growth: +43.2% vs prior quarter YoY: +8.4% (accel: +34.8%)",
      "severity": "HIGH"
    },
    {
      "quarter": "2025-03 (Q1)",
      "signal": "OP MARGIN TURNED POSITIVE (YoY)",
      "detail": "Op margin: -28.4% (year-ago) -> +16.3%",
      "severity": "HIGH"
    },
    {
      "quarter": "2025-03 (Q1)",
      "signal": "OP MARGIN TURNED POSITIVE (QoQ)",
      "detail": "Op margin: -21.6% -> +16.3%",
      "severity": "HIGH"
    },
    {
      "quarter": "2024-12 (Q4)",
      "signal": "FCF TURNED POSITIVE",
      "detail": "FCF margin: -19.3% -> +5.1%",
      "severity": "HIGH"
    },
    {
      "quarter": "2024-12 (Q4)",
      "signal": "YoY REVENUE GROWTH DECELERATION",
      "detail": "YoY growth: +8.4% vs prior quarter YoY: +26.6% (decel: -18.1%)",
      "severity": "WARNING"
    },
    {
      "quarter": "2024-09 (Q3)",
      "signal": "YoY REVENUE GROWTH ACCELERATION",
      "detail": "YoY growth: +26.6% vs prior quarter YoY: +11.6% (accel: +14.9%)",
      "severity": "MEDIUM"
    },
    {
      "quarter": "2024-09 (Q3)",
      "signal": "OP MARGIN TURNED POSITIVE (YoY)",
      "detail": "Op margin: -32.9% (year-ago) -> +7.1%",
      "severity": "HIGH"
    },
    {
      "quarter": "2024-09 (Q3)",
      "signal": "OP MARGIN TURNED POSITIVE (QoQ)",
      "detail": "Op margin: -90.4% -> +7.1%",
      "severity": "HIGH"
    },
    {
      "quarter": "2024-06 (Q2)",
      "signal": "FCF MARGIN EXPANSION",
      "detail": "FCF margin: -10.1% -> -3.4% (+6.7%)",
      "severity": "MEDIUM"
    },
    {
      "quarter": "2024-06 (Q2)",
      "signal": "GROSS MARGIN INFLECTION",
      "detail": "GM: +22.0% -> +21.2% -> +32.5% (reversal +11.3%)",
      "severity": "HIGH"
    },
    {
      "quarter": "2024-06 (Q2)",
      "signal": "YoY REVENUE GROWTH DECELERATION",
      "detail": "YoY growth: +11.6% vs prior quarter YoY: +73.2% (decel: -61.6%)",
      "severity": "WARNING"
    },
    {
      "quarter": "2024-03 (Q1)",
      "signal": "FCF MARGIN EXPANSION",
      "detail": "FCF margin: -36.5% -> -10.1% (+26.4%)",
      "severity": "MEDIUM"
    },
    {
      "quarter": "2024-03 (Q1)",
      "signal": "YoY REVENUE GROWTH ACCELERATION",
      "detail": "YoY growth: +73.2% vs prior quarter YoY: +61.4% (accel: +11.8%)",
      "severity": "MEDIUM"
    },
    {
      "quarter": "2023-12 (Q4)",
      "signal": "FCF MARGIN EXPANSION",
      "detail": "FCF margin: -111.4% -> -36.5% (+74.9%)",
      "severity": "MEDIUM"
    },
    {
      "quarter": "2023-12 (Q4)",
      "signal": "OPERATING LEVERAGE",
      "detail": "Rev growth +30.5% vs OpEx growth +3.1% (leverage: 10.0x)",
      "severity": "MEDIUM"
    },
    {
      "quarter": "2023-12 (Q4)",
      "signal": "YoY REVENUE GROWTH DECELERATION",
      "detail": "YoY growth: +61.4% vs prior quarter YoY: +107.5% (decel: -46.1%)",
      "severity": "WARNING"
    },
    {
      "quarter": "2023-09 (Q3)",
      "signal": "FCF MARGIN EXPANSION",
      "detail": "FCF margin: -116.8% -> -111.4% (+5.4%)",
      "severity": "MEDIUM"
    },
    {
      "quarter": "2023-09 (Q3)",
      "signal": "YoY REVENUE GROWTH ACCELERATION",
      "detail": "YoY growth: +107.5% vs prior quarter YoY: +16.4% (accel: +91.1%)",
      "severity": "HIGH"
    },
    {
      "quarter": "2023-06 (Q2)",
      "signal": "OPERATING LEVERAGE",
      "detail": "Rev growth +59.6% vs OpEx growth +7.5% (leverage: 7.9x)",
      "severity": "MEDIUM"
    },
    {
      "quarter": "2023-06 (Q2)",
      "signal": "YoY REVENUE GROWTH DECELERATION",
      "detail": "YoY growth: +16.4% vs prior quarter YoY: +28.1% (decel: -11.7%)",
      "severity": "WARNING"
    },
    {
      "quarter": "2023-03 (Q1)",
      "signal": "GROSS MARGIN INFLECTION",
      "detail": "GM: +5.2% -> +3.4% -> +10.3% (reversal +6.9%)",
      "severity": "HIGH"
    },
    {
      "quarter": "2023-03 (Q1)",
      "signal": "YoY REVENUE GROWTH ACCELERATION",
      "detail": "YoY growth: +28.1% vs prior quarter YoY: -3.0% (accel: +31.1%)",
      "severity": "HIGH"
    },
    {
      "quarter": "2022-12 (Q4)",
      "signal": "YoY REVENUE GROWTH DECELERATION",
      "detail": "YoY growth: -3.0% vs prior quarter YoY: +4.7% (decel: -7.6%)",
      "severity": "WARNING"
    },
    {
      "quarter": "2022-09 (Q3)",
      "signal": "FCF MARGIN EXPANSION",
      "detail": "FCF margin: -101.6% -> -30.7% (+70.9%)",
      "severity": "MEDIUM"
    },
    {
      "quarter": "2022-09 (Q3)",
      "signal": "YoY REVENUE GROWTH DECELERATION",
      "detail": "YoY growth: +4.7% vs prior quarter YoY: +93.0% (decel: -88.4%)",
      "severity": "WARNING"
    },
    {
      "quarter": "2022-06 (Q2)",
      "signal": "FCF MARGIN EXPANSION",
      "detail": "FCF margin: -179.9% -> -101.6% (+78.3%)",
      "severity": "MEDIUM"
    },
    {
      "quarter": "2022-06 (Q2)",
      "signal": "OPERATING LEVERAGE",
      "detail": "Rev growth +75.7% vs OpEx growth +16.1% (leverage: 4.7x)",
      "severity": "MEDIUM"
    },
    {
      "quarter": "2022-06 (Q2)",
      "signal": "GROSS MARGIN INFLECTION",
      "detail": "GM: +1.7% -> +0.0% -> +7.5% (reversal +7.5%)",
      "severity": "HIGH"
    },
    {
      "quarter": "2022-06 (Q2)",
      "signal": "YoY REVENUE GROWTH DECELERATION",
      "detail": "YoY growth: +93.0% vs prior quarter YoY: +145.5% (decel: -52.4%)",
      "severity": "WARNING"
    },
    {
      "quarter": "2022-03 (Q1)",
      "signal": "YoY REVENUE GROWTH ACCELERATION",
      "detail": "YoY growth: +145.5% vs prior quarter YoY: +38.8% (accel: +106.7%)",
      "severity": "HIGH"
    },
    {
      "quarter": "2021-12 (Q4)",
      "signal": "GROSS MARGIN INFLECTION",
      "detail": "GM: -20.3% -> -97.3% -> +1.7% (reversal +99.0%)",
      "severity": "HIGH"
    },
    {
      "quarter": "2021-06 (Q2)",
      "signal": "FCF MARGIN EXPANSION",
      "detail": "FCF margin: -184.8% -> -51.8% (+133.0%)",
      "severity": "MEDIUM"
    },
    {
      "quarter": "2021-06 (Q2)",
      "signal": "OPERATING LEVERAGE",
      "detail": "Rev growth +123.4% vs OpEx growth +37.0% (leverage: 3.3x)",
      "severity": "MEDIUM"
    }
  ],
  "data_quality": {
    "n_quarters": 20,
    "coverage": {
      "revenue": [
        20,
        20
      ],
      "gross_profit": [
        20,
        20
      ],
      "op_income": [
        20,
        20
      ],
      "fcf": [
        20,
        20
      ]
    },
    "gaps": [],
    "warnings": []
  },
  "market_cap": null,
  "source": "SEC EDGAR",
  "last_updated": "2026-02-03T01:11:08.574427"
}