{
  "ticker": "MWA",
  "name": "MUELLER WATER PRODUCTS, INC.",
  "quarters": [
    {
      "date": "2020-12-31T00:00:00",
      "quarter_label": "2020-12 (Q4)",
      "revenue": 237400000,
      "gross_profit": 78400000,
      "operating_income": 27800000,
      "net_income": 16700000,
      "opex": 50600000,
      "cogs": 159000000,
      "rd": null,
      "sga": 49200000,
      "fcf": 34100000,
      "ocf": 34100000,
      "capex": null,
      "gross_margin": 0.33024431339511373,
      "op_margin": 0.11710193765796124,
      "fcf_margin": 0.14363942712721145
    },
    {
      "date": "2021-03-31T00:00:00",
      "quarter_label": "2021-03 (Q1)",
      "revenue": 267500000,
      "gross_profit": 88400000,
      "operating_income": 33400000,
      "net_income": 20900000,
      "opex": 55000000,
      "cogs": 179100000,
      "rd": null,
      "sga": 54200000,
      "fcf": 29100000,
      "ocf": 29100000,
      "capex": null,
      "gross_margin": 0.3304672897196262,
      "op_margin": 0.12485981308411215,
      "fcf_margin": 0.10878504672897196,
      "op_leverage_ratio": 1.4580876158382476,
      "fcf_margin_change": -0.03485438039823949
    },
    {
      "date": "2021-06-30T00:00:00",
      "quarter_label": "2021-06 (Q2)",
      "revenue": 310500000,
      "gross_profit": 105400000,
      "operating_income": 42700000,
      "net_income": 14400000,
      "opex": 62700000,
      "cogs": 205100000,
      "rd": null,
      "sga": 58800000,
      "fcf": 60100000,
      "ocf": 60100000,
      "capex": null,
      "gross_margin": 0.3394524959742351,
      "op_margin": 0.13752012882447665,
      "fcf_margin": 0.19355877616747183,
      "op_leverage_ratio": 1.1481975967957276,
      "fcf_margin_change": 0.08477372943849987
    },
    {
      "date": "2021-09-30T00:00:00",
      "quarter_label": "2021-09 (Q3)",
      "revenue": 295600000,
      "gross_profit": 86300000,
      "operating_income": 27800000,
      "net_income": 18400000,
      "opex": 58500000,
      "cogs": 209300000,
      "rd": null,
      "sga": 56600000,
      "fcf": 33400000,
      "ocf": 33400000,
      "capex": null,
      "gross_margin": 0.2919485791610284,
      "op_margin": 0.09404600811907984,
      "fcf_margin": 0.11299052774018944,
      "fcf_margin_change": -0.08056824842728239
    },
    {
      "date": "2021-12-31T00:00:00",
      "quarter_label": "2021-12 (Q4)",
      "revenue": 272300000,
      "gross_profit": 87600000,
      "operating_income": 28900000,
      "net_income": 19400000,
      "opex": 58700000,
      "cogs": 184700000,
      "rd": null,
      "sga": 56300000,
      "fcf": 19800000,
      "ocf": 19800000,
      "capex": null,
      "gross_margin": 0.3217040029379361,
      "op_margin": 0.10613294160852002,
      "fcf_margin": 0.07271391847227322,
      "incr_op_margin_yoy": 0.03151862464183381,
      "rev_growth_yoy": 0.14700926705981465,
      "fcf_margin_change": -0.04027660926791622
    },
    {
      "date": "2022-03-31T00:00:00",
      "quarter_label": "2022-03 (Q1)",
      "revenue": 310500000,
      "gross_profit": 92800000,
      "operating_income": 34200000,
      "net_income": 23600000,
      "opex": 58600000,
      "cogs": 217700000,
      "rd": null,
      "sga": 58000000,
      "fcf": -19000000,
      "ocf": -19000000,
      "capex": null,
      "gross_margin": 0.29887278582930754,
      "op_margin": 0.11014492753623188,
      "fcf_margin": -0.061191626409017714,
      "incr_op_margin_yoy": 0.018604651162790697,
      "rev_growth_yoy": 0.16074766355140188,
      "rev_growth_yoy_accel": 0.01373839649158723,
      "op_leverage_ratio": Infinity,
      "fcf_margin_change": -0.13390554488129094
    },
    {
      "date": "2022-06-30T00:00:00",
      "quarter_label": "2022-06 (Q2)",
      "revenue": 333200000,
      "gross_profit": 98300000,
      "operating_income": 36900000,
      "net_income": 26500000,
      "opex": 61400000,
      "cogs": 234900000,
      "rd": null,
      "sga": 60800000,
      "fcf": 19700000,
      "ocf": 19700000,
      "capex": null,
      "gross_margin": 0.2950180072028811,
      "op_margin": 0.11074429771908763,
      "fcf_margin": 0.05912364945978391,
      "incr_op_margin_yoy": -0.2555066079295154,
      "rev_growth_yoy": 0.07310789049919485,
      "rev_growth_yoy_accel": -0.08763977305220703,
      "op_leverage_ratio": 1.5300437083045777,
      "fcf_margin_change": 0.12031527586880163
    },
    {
      "date": "2022-09-30T00:00:00",
      "quarter_label": "2022-09 (Q3)",
      "revenue": 331400000,
      "gross_profit": 85600000,
      "operating_income": 11600000,
      "net_income": 7100000,
      "opex": 74000000,
      "cogs": 245800000,
      "rd": null,
      "sga": 63600000,
      "fcf": 31800000,
      "ocf": 31800000,
      "capex": null,
      "gross_margin": 0.2582981291490646,
      "op_margin": 0.03500301750150875,
      "fcf_margin": 0.09595654797827399,
      "incr_op_margin_yoy": -0.45251396648044695,
      "rev_growth_yoy": 0.12110960757780785,
      "rev_growth_yoy_accel": 0.048001717078613004,
      "fcf_margin_change": 0.03683289851849008
    },
    {
      "date": "2022-12-31T00:00:00",
      "quarter_label": "2022-12 (Q4)",
      "revenue": 314800000,
      "gross_profit": 93200000,
      "operating_income": 34000000,
      "net_income": 22500000,
      "opex": 59200000,
      "cogs": 221600000,
      "rd": null,
      "sga": 62900000,
      "fcf": -6500000,
      "ocf": -6500000,
      "capex": null,
      "gross_margin": 0.2960609911054638,
      "op_margin": 0.10800508259212198,
      "fcf_margin": -0.020648030495552732,
      "incr_op_margin_yoy": 0.12,
      "rev_growth_yoy": 0.15607785530664708,
      "rev_growth_yoy_accel": 0.03496824772883923,
      "fcf_margin_change": -0.11660457847382673
    },
    {
      "date": "2023-03-31T00:00:00",
      "quarter_label": "2023-03 (Q1)",
      "revenue": 332900000,
      "gross_profit": 97800000,
      "operating_income": 32900000,
      "net_income": 21300000,
      "opex": 64900000,
      "cogs": 235100000,
      "rd": null,
      "sga": 64200000,
      "fcf": -15700000,
      "ocf": -15700000,
      "capex": null,
      "gross_margin": 0.29378191649143887,
      "op_margin": 0.09882847702012616,
      "fcf_margin": -0.047161309702613396,
      "incr_op_margin_yoy": -0.05803571428571429,
      "rev_growth_yoy": 0.07214170692431562,
      "rev_growth_yoy_accel": -0.08393614838233146,
      "op_leverage_ratio": 0.5971599901914889,
      "fcf_margin_change": -0.026513279207060664
    },
    {
      "date": "2023-06-30T00:00:00",
      "quarter_label": "2023-06 (Q2)",
      "revenue": 326600000,
      "gross_profit": 100100000,
      "operating_income": 35600000,
      "net_income": 24500000,
      "opex": 64500000,
      "cogs": 226500000,
      "rd": null,
      "sga": 60600000,
      "fcf": 74700000,
      "ocf": 74700000,
      "capex": null,
      "gross_margin": 0.3064911206368647,
      "op_margin": 0.10900183710961421,
      "fcf_margin": 0.22872014696876913,
      "incr_op_margin_yoy": 0.19696969696969696,
      "rev_growth_yoy": -0.019807923169267706,
      "rev_growth_yoy_accel": -0.09194963009358333,
      "fcf_margin_change": 0.27588145667138253
    },
    {
      "date": "2023-09-30T00:00:00",
      "quarter_label": "2023-09 (Q3)",
      "revenue": 301400000,
      "gross_profit": 88400000,
      "operating_income": 24900000,
      "net_income": 17200000,
      "opex": 63500000,
      "cogs": 213000000,
      "rd": null,
      "sga": 54200000,
      "fcf": 56500000,
      "ocf": 56500000,
      "capex": null,
      "gross_margin": 0.29329794293297945,
      "op_margin": 0.08261446582614466,
      "fcf_margin": 0.18745852687458528,
      "incr_op_margin_yoy": -0.44333333333333336,
      "rev_growth_yoy": -0.09052504526252263,
      "rev_growth_yoy_accel": -0.07071712209325492,
      "fcf_margin_change": -0.041261620094183854
    },
    {
      "date": "2023-12-31T00:00:00",
      "quarter_label": "2023-12 (Q4)",
      "revenue": 256400000,
      "gross_profit": 86300000,
      "operating_income": 22800000,
      "net_income": 14300000,
      "opex": 63500000,
      "cogs": 170100000,
      "rd": null,
      "sga": 56900000,
      "fcf": 67900000,
      "ocf": 67900000,
      "capex": null,
      "gross_margin": 0.33658346333853356,
      "op_margin": 0.08892355694227769,
      "fcf_margin": 0.26482059282371295,
      "incr_op_margin_yoy": 0.1917808219178082,
      "rev_growth_yoy": -0.1855146124523507,
      "rev_growth_yoy_accel": -0.09498956718982808,
      "fcf_margin_change": 0.07736206594912767
    },
    {
      "date": "2024-03-31T00:00:00",
      "quarter_label": "2024-03 (Q1)",
      "revenue": 353400000,
      "gross_profit": 130400000,
      "operating_income": 63500000,
      "net_income": 44300000,
      "opex": 66900000,
      "cogs": 223000000,
      "rd": null,
      "sga": 63700000,
      "fcf": -5700000,
      "ocf": -5700000,
      "capex": null,
      "gross_margin": 0.36898698358800225,
      "op_margin": 0.17968307866440295,
      "fcf_margin": -0.016129032258064516,
      "incr_op_margin_yoy": 1.4926829268292683,
      "rev_growth_yoy": 0.06158005407029138,
      "rev_growth_yoy_accel": 0.2470946665226421,
      "op_leverage_ratio": 7.065591447187299,
      "fcf_margin_change": -0.28094962508177745
    },
    {
      "date": "2024-06-30T00:00:00",
      "quarter_label": "2024-06 (Q2)",
      "revenue": 356700000,
      "gross_profit": 131400000,
      "operating_income": 67000000,
      "net_income": 47300000,
      "opex": 64400000,
      "cogs": 225300000,
      "rd": null,
      "sga": 61500000,
      "fcf": 87300000,
      "ocf": 87300000,
      "capex": null,
      "gross_margin": 0.368376787216148,
      "op_margin": 0.18783291281188674,
      "fcf_margin": 0.2447434819175778,
      "incr_op_margin_yoy": 1.043189368770764,
      "rev_growth_yoy": 0.09216166564605022,
      "rev_growth_yoy_accel": 0.030581611575758838,
      "fcf_margin_change": 0.26087251417564233
    },
    {
      "date": "2024-09-30T00:00:00",
      "quarter_label": "2024-09 (Q3)",
      "revenue": 348200000,
      "gross_profit": 110900000,
      "operating_income": 28400000,
      "net_income": 10000000,
      "opex": 82500000,
      "cogs": 237300000,
      "rd": null,
      "sga": 63100000,
      "fcf": 89300000,
      "ocf": 89300000,
      "capex": null,
      "gross_margin": 0.31849511774842043,
      "op_margin": 0.08156232050545663,
      "fcf_margin": 0.25646180356117176,
      "incr_op_margin_yoy": 0.07478632478632478,
      "rev_growth_yoy": 0.1552753815527538,
      "rev_growth_yoy_accel": 0.06311371590670359,
      "fcf_margin_change": 0.01171832164359396
    },
    {
      "date": "2024-12-31T00:00:00",
      "quarter_label": "2024-12 (Q4)",
      "revenue": 304300000,
      "gross_profit": 103000000,
      "operating_income": 47400000,
      "net_income": 35300000,
      "opex": 55600000,
      "cogs": 201300000,
      "rd": null,
      "sga": 53900000,
      "fcf": 54100000,
      "ocf": 54100000,
      "capex": null,
      "gross_margin": 0.33848176141965164,
      "op_margin": 0.15576733486690766,
      "fcf_margin": 0.177785080512652,
      "incr_op_margin_yoy": 0.5135699373695198,
      "rev_growth_yoy": 0.18681747269890794,
      "rev_growth_yoy_accel": 0.03154209114615414,
      "fcf_margin_change": -0.07867672304851978
    },
    {
      "date": "2025-03-31T00:00:00",
      "quarter_label": "2025-03 (Q1)",
      "revenue": 364300000,
      "gross_profit": 128000000,
      "operating_income": 69900000,
      "net_income": 51300000,
      "opex": 58100000,
      "cogs": 236300000,
      "rd": null,
      "sga": 55700000,
      "fcf": 14300000,
      "ocf": 14300000,
      "capex": null,
      "gross_margin": 0.3513587702443041,
      "op_margin": 0.19187482843810047,
      "fcf_margin": 0.039253362613230855,
      "incr_op_margin_yoy": 0.5871559633027523,
      "rev_growth_yoy": 0.03084323712507074,
      "rev_growth_yoy_accel": -0.15597423557383722,
      "op_leverage_ratio": 4.385146237265856,
      "fcf_margin_change": -0.13853171789942115
    },
    {
      "date": "2025-06-30T00:00:00",
      "quarter_label": "2025-06 (Q2)",
      "revenue": 380300000,
      "gross_profit": 145700000,
      "operating_income": 73700000,
      "net_income": 52500000,
      "opex": 72000000,
      "cogs": 234600000,
      "rd": null,
      "sga": 71000000,
      "fcf": 67400000,
      "ocf": 67400000,
      "capex": null,
      "gross_margin": 0.38311859058637915,
      "op_margin": 0.1937943728635288,
      "fcf_margin": 0.17722850381277938,
      "incr_op_margin_yoy": 0.2838983050847458,
      "rev_growth_yoy": 0.06616204093075413,
      "rev_growth_yoy_accel": 0.03531880380568339,
      "op_leverage_ratio": 0.1835786380503064,
      "fcf_margin_change": 0.1379751411995485
    },
    {
      "date": "2025-09-30T00:00:00",
      "quarter_label": "2025-09 (Q3)",
      "revenue": 380800000,
      "gross_profit": 140000000,
      "operating_income": 69600000,
      "net_income": 52600000,
      "opex": 70400000,
      "cogs": 240800000,
      "rd": null,
      "sga": 66700000,
      "fcf": 83500000,
      "ocf": 83500000,
      "capex": null,
      "gross_margin": 0.36764705882352944,
      "op_margin": 0.18277310924369747,
      "fcf_margin": 0.2192752100840336,
      "incr_op_margin_yoy": 1.2638036809815951,
      "rev_growth_yoy": 0.09362435381964389,
      "rev_growth_yoy_accel": 0.027462312888889756,
      "fcf_margin_change": 0.04204670627125423
    }
  ],
  "signals": [
    {
      "quarter": "2025-09 (Q3)",
      "signal": "INCREMENTAL MARGIN (YoY)",
      "detail": "YoY Incr OPM: +126.4% vs year-ago OPM: +8.2%",
      "severity": "HIGH"
    },
    {
      "quarter": "2025-06 (Q2)",
      "signal": "FCF MARGIN EXPANSION",
      "detail": "FCF margin: +3.9% -> +17.7% (+13.8%)",
      "severity": "MEDIUM"
    },
    {
      "quarter": "2025-03 (Q1)",
      "signal": "OPERATING LEVERAGE",
      "detail": "Rev growth +19.7% vs OpEx growth +4.5% (leverage: 4.4x)",
      "severity": "MEDIUM"
    },
    {
      "quarter": "2025-03 (Q1)",
      "signal": "YoY REVENUE GROWTH DECELERATION",
      "detail": "YoY growth: +3.1% vs prior quarter YoY: +18.7% (decel: -15.6%)",
      "severity": "WARNING"
    },
    {
      "quarter": "2025-03 (Q1)",
      "signal": "INCREMENTAL MARGIN (YoY)",
      "detail": "YoY Incr OPM: +58.7% vs year-ago OPM: +18.0%",
      "severity": "HIGH"
    },
    {
      "quarter": "2024-12 (Q4)",
      "signal": "INCREMENTAL MARGIN (YoY)",
      "detail": "YoY Incr OPM: +51.4% vs year-ago OPM: +8.9%",
      "severity": "HIGH"
    },
    {
      "quarter": "2024-09 (Q3)",
      "signal": "YoY REVENUE GROWTH ACCELERATION",
      "detail": "YoY growth: +15.5% vs prior quarter YoY: +9.2% (accel: +6.3%)",
      "severity": "MEDIUM"
    },
    {
      "quarter": "2024-06 (Q2)",
      "signal": "FCF TURNED POSITIVE",
      "detail": "FCF margin: -1.6% -> +24.5%",
      "severity": "HIGH"
    },
    {
      "quarter": "2024-06 (Q2)",
      "signal": "INCREMENTAL MARGIN (YoY)",
      "detail": "YoY Incr OPM: +104.3% vs year-ago OPM: +10.9%",
      "severity": "HIGH"
    },
    {
      "quarter": "2024-03 (Q1)",
      "signal": "OPERATING LEVERAGE",
      "detail": "Rev growth +37.8% vs OpEx growth +5.4% (leverage: 7.1x)",
      "severity": "MEDIUM"
    },
    {
      "quarter": "2024-03 (Q1)",
      "signal": "YoY REVENUE GROWTH ACCELERATION",
      "detail": "YoY growth: +6.2% vs prior quarter YoY: -18.6% (accel: +24.7%)",
      "severity": "HIGH"
    },
    {
      "quarter": "2024-03 (Q1)",
      "signal": "INCREMENTAL MARGIN (YoY)",
      "detail": "YoY Incr OPM: +149.3% vs year-ago OPM: +9.9%",
      "severity": "HIGH"
    },
    {
      "quarter": "2023-12 (Q4)",
      "signal": "FCF MARGIN EXPANSION",
      "detail": "FCF margin: +18.7% -> +26.5% (+7.7%)",
      "severity": "MEDIUM"
    },
    {
      "quarter": "2023-12 (Q4)",
      "signal": "GROSS MARGIN INFLECTION",
      "detail": "GM: +30.6% -> +29.3% -> +33.7% (reversal +4.3%)",
      "severity": "MEDIUM"
    },
    {
      "quarter": "2023-12 (Q4)",
      "signal": "YoY REVENUE GROWTH DECELERATION",
      "detail": "YoY growth: -18.6% vs prior quarter YoY: -9.1% (decel: -9.5%)",
      "severity": "WARNING"
    },
    {
      "quarter": "2023-09 (Q3)",
      "signal": "YoY REVENUE GROWTH DECELERATION",
      "detail": "YoY growth: -9.1% vs prior quarter YoY: -2.0% (decel: -7.1%)",
      "severity": "WARNING"
    },
    {
      "quarter": "2023-06 (Q2)",
      "signal": "FCF TURNED POSITIVE",
      "detail": "FCF margin: -4.7% -> +22.9%",
      "severity": "HIGH"
    },
    {
      "quarter": "2023-06 (Q2)",
      "signal": "YoY REVENUE GROWTH DECELERATION",
      "detail": "YoY growth: -2.0% vs prior quarter YoY: +7.2% (decel: -9.2%)",
      "severity": "WARNING"
    },
    {
      "quarter": "2023-03 (Q1)",
      "signal": "YoY REVENUE GROWTH DECELERATION",
      "detail": "YoY growth: +7.2% vs prior quarter YoY: +15.6% (decel: -8.4%)",
      "severity": "WARNING"
    },
    {
      "quarter": "2022-12 (Q4)",
      "signal": "GROSS MARGIN INFLECTION",
      "detail": "GM: +29.5% -> +25.8% -> +29.6% (reversal +3.8%)",
      "severity": "MEDIUM"
    },
    {
      "quarter": "2022-06 (Q2)",
      "signal": "FCF TURNED POSITIVE",
      "detail": "FCF margin: -6.1% -> +5.9%",
      "severity": "HIGH"
    },
    {
      "quarter": "2022-06 (Q2)",
      "signal": "OPERATING LEVERAGE",
      "detail": "Rev growth +7.3% vs OpEx growth +4.8% (leverage: 1.5x)",
      "severity": "MEDIUM"
    },
    {
      "quarter": "2022-06 (Q2)",
      "signal": "YoY REVENUE GROWTH DECELERATION",
      "detail": "YoY growth: +7.3% vs prior quarter YoY: +16.1% (decel: -8.8%)",
      "severity": "WARNING"
    },
    {
      "quarter": "2021-12 (Q4)",
      "signal": "GROSS MARGIN INFLECTION",
      "detail": "GM: +33.9% -> +29.2% -> +32.2% (reversal +3.0%)",
      "severity": "MEDIUM"
    },
    {
      "quarter": "2021-06 (Q2)",
      "signal": "FCF MARGIN EXPANSION",
      "detail": "FCF margin: +10.9% -> +19.4% (+8.5%)",
      "severity": "MEDIUM"
    }
  ],
  "data_quality": {
    "n_quarters": 20,
    "coverage": {
      "revenue": [
        20,
        20
      ],
      "gross_profit": [
        20,
        20
      ],
      "op_income": [
        20,
        20
      ],
      "fcf": [
        20,
        20
      ]
    },
    "gaps": [],
    "warnings": []
  },
  "market_cap": null,
  "source": "SEC EDGAR",
  "last_updated": "2026-02-02T21:11:20.908759",
  "sector": "Industrials",
  "industry": "Specialty Industrial Machinery"
}