{
  "ticker": "MX",
  "name": "Magnachip Semiconductor Corporation",
  "quarters": [
    {
      "date": "2020-12-31T00:00:00",
      "quarter_label": "2020-12 (Q4)",
      "revenue": 142945000,
      "gross_profit": 38461000,
      "operating_income": 9206000,
      "net_income": 66581000,
      "opex": 29255000,
      "cogs": 104484000,
      "rd": 11604000,
      "sga": 12576000,
      "fcf": -63818000,
      "ocf": -44071000,
      "capex": -19747000,
      "gross_margin": 0.2690615271607961,
      "op_margin": 0.06440239252859492,
      "fcf_margin": -0.446451432369093
    },
    {
      "date": "2021-03-31T00:00:00",
      "quarter_label": "2021-03 (Q1)",
      "revenue": 123019000,
      "gross_profit": 34382000,
      "operating_income": -2091000,
      "net_income": -7473000,
      "opex": 36473000,
      "cogs": 88637000,
      "rd": 13423000,
      "sga": 12634000,
      "fcf": 20142000,
      "ocf": 21224000,
      "capex": -1082000,
      "gross_margin": 0.2794852827611995,
      "op_margin": -0.016997374389321973,
      "fcf_margin": 0.16373080581048455,
      "fcf_margin_change": 0.6101822381795776
    },
    {
      "date": "2021-06-30T00:00:00",
      "quarter_label": "2021-06 (Q2)",
      "revenue": 113876000,
      "gross_profit": 33970000,
      "operating_income": 1627000,
      "net_income": -198000,
      "opex": 32343000,
      "cogs": 79906000,
      "rd": 13322000,
      "sga": 14001000,
      "fcf": -14642000,
      "ocf": -10858000,
      "capex": -3784000,
      "gross_margin": 0.2983069303452879,
      "op_margin": 0.014287470582036601,
      "fcf_margin": -0.12857845375671784,
      "fcf_margin_change": -0.2923092595672024
    },
    {
      "date": "2021-09-30T00:00:00",
      "quarter_label": "2021-09 (Q3)",
      "revenue": 127000000,
      "gross_profit": 46587000,
      "operating_income": 20001000,
      "net_income": 10768000,
      "opex": 26586000,
      "cogs": 80413000,
      "rd": 12270000,
      "sga": 12550000,
      "fcf": 11148000,
      "ocf": 19650000,
      "capex": -8502000,
      "gross_margin": 0.3668267716535433,
      "op_margin": 0.15748818897637795,
      "fcf_margin": 0.08777952755905512,
      "op_leverage_ratio": Infinity,
      "fcf_margin_change": 0.21635798131577294
    },
    {
      "date": "2021-12-31T00:00:00",
      "quarter_label": "2021-12 (Q4)",
      "revenue": 110335000,
      "gross_profit": 38604000,
      "operating_income": 63870000,
      "net_income": 53611000,
      "opex": -25266000,
      "cogs": 71731000,
      "rd": 12197000,
      "sga": 13255000,
      "fcf": 38883000,
      "ocf": 57727000,
      "capex": -18844000,
      "gross_margin": 0.34987991117958944,
      "op_margin": 0.5788734309149408,
      "fcf_margin": 0.35240857388861196,
      "incr_op_margin_yoy": -1.676295614842073,
      "rev_growth_yoy": -0.22812970023435586,
      "fcf_margin_change": 0.26462904632955686
    },
    {
      "date": "2022-03-31T00:00:00",
      "quarter_label": "2022-03 (Q1)",
      "revenue": 104093000,
      "gross_profit": 38996000,
      "operating_income": 12879000,
      "net_income": 9528000,
      "opex": 26117000,
      "cogs": 65097000,
      "rd": 11954000,
      "sga": 14163000,
      "fcf": 11876000,
      "ocf": 12820000,
      "capex": -944000,
      "gross_margin": 0.3746265358861787,
      "op_margin": 0.1237258989557415,
      "fcf_margin": 0.11409028464930399,
      "incr_op_margin_yoy": -0.7909753777871711,
      "rev_growth_yoy": -0.15384615384615385,
      "rev_growth_yoy_accel": 0.074283546388202,
      "fcf_margin_change": -0.23831828923930798
    },
    {
      "date": "2022-06-30T00:00:00",
      "quarter_label": "2022-06 (Q2)",
      "revenue": 101376000,
      "gross_profit": 28945000,
      "operating_income": 2002000,
      "net_income": -3340000,
      "opex": 26943000,
      "cogs": 72431000,
      "rd": 13410000,
      "sga": 12736000,
      "fcf": 11578000,
      "ocf": 12145000,
      "capex": -567000,
      "gross_margin": 0.2855212279040404,
      "op_margin": 0.019748263888888888,
      "fcf_margin": 0.11420849116161616,
      "incr_op_margin_yoy": -0.03,
      "rev_growth_yoy": -0.10976852014471881,
      "rev_growth_yoy_accel": 0.04407763370143504,
      "fcf_margin_change": 0.0001182065123121745
    },
    {
      "date": "2022-09-30T00:00:00",
      "quarter_label": "2022-09 (Q3)",
      "revenue": 71199000,
      "gross_profit": 17225000,
      "operating_income": -10008000,
      "net_income": -17195000,
      "opex": 27233000,
      "cogs": 53974000,
      "rd": 13321000,
      "sga": 11411000,
      "fcf": 14978000,
      "ocf": 25279000,
      "capex": -10301000,
      "gross_margin": 0.2419275551622916,
      "op_margin": -0.14056377196308936,
      "fcf_margin": 0.21036812314779701,
      "incr_op_margin_yoy": 0.5377860611816992,
      "rev_growth_yoy": -0.4393779527559055,
      "rev_growth_yoy_accel": -0.3296094326111867,
      "fcf_margin_change": 0.09615963198618085
    },
    {
      "date": "2022-12-31T00:00:00",
      "quarter_label": "2022-12 (Q4)",
      "revenue": 60990000,
      "gross_profit": 16098000,
      "operating_income": -10117000,
      "net_income": 2971000,
      "opex": 26215000,
      "cogs": 44892000,
      "rd": 13653000,
      "sga": 12562000,
      "fcf": -56661000,
      "ocf": -45079000,
      "capex": -11582000,
      "gross_margin": 0.26394490900147566,
      "op_margin": -0.16587965240203312,
      "fcf_margin": -0.929021151008362,
      "incr_op_margin_yoy": 1.4993819029283615,
      "rev_growth_yoy": -0.4472288938233561,
      "rev_growth_yoy_accel": -0.0078509410674506,
      "fcf_margin_change": -1.139389274156159
    },
    {
      "date": "2023-03-31T00:00:00",
      "quarter_label": "2023-03 (Q1)",
      "revenue": 57005000,
      "gross_profit": 12094000,
      "operating_income": -21818000,
      "net_income": -21470000,
      "opex": 33912000,
      "cogs": 44911000,
      "rd": 13298000,
      "sga": 12165000,
      "fcf": 7741000,
      "ocf": 7876000,
      "capex": -135000,
      "gross_margin": 0.2121568283483905,
      "op_margin": -0.38273835628453645,
      "fcf_margin": 0.13579510569248313,
      "incr_op_margin_yoy": 0.7368544002718315,
      "rev_growth_yoy": -0.45236471232455594,
      "rev_growth_yoy_accel": -0.005135818501199818,
      "fcf_margin_change": 1.0648162567008452
    },
    {
      "date": "2023-06-30T00:00:00",
      "quarter_label": "2023-06 (Q2)",
      "revenue": 60979000,
      "gross_profit": 13538000,
      "operating_income": -10656000,
      "net_income": -3947000,
      "opex": 24194000,
      "cogs": 47441000,
      "rd": 11255000,
      "sga": 12137000,
      "fcf": -11188000,
      "ocf": -9805000,
      "capex": -1383000,
      "gross_margin": 0.2220108561963955,
      "op_margin": -0.1747486839731711,
      "fcf_margin": -0.1834729989012611,
      "incr_op_margin_yoy": 0.31334009951234004,
      "rev_growth_yoy": -0.3984868213383838,
      "rev_growth_yoy_accel": 0.05387789098617213,
      "op_leverage_ratio": Infinity,
      "fcf_margin_change": -0.3192681045937442
    },
    {
      "date": "2023-09-30T00:00:00",
      "quarter_label": "2023-09 (Q3)",
      "revenue": 61245000,
      "gross_profit": 14481000,
      "operating_income": -9235000,
      "net_income": -5165000,
      "opex": 23716000,
      "cogs": 46764000,
      "rd": 11627000,
      "sga": 12089000,
      "fcf": 973000,
      "ocf": 1735000,
      "capex": -762000,
      "gross_margin": 0.23644379132990448,
      "op_margin": -0.1507878194138297,
      "fcf_margin": 0.0158870111845865,
      "incr_op_margin_yoy": -0.07765722322684349,
      "rev_growth_yoy": -0.1398053343445835,
      "rev_growth_yoy_accel": 0.25868148699380034,
      "fcf_margin_change": 0.19936001008584758
    },
    {
      "date": "2023-12-31T00:00:00",
      "quarter_label": "2023-12 (Q4)",
      "revenue": 50822000,
      "gross_profit": 11527000,
      "operating_income": -15935000,
      "net_income": -6040000,
      "opex": 27462000,
      "cogs": 39295000,
      "rd": 15383000,
      "sga": 12079000,
      "fcf": -7495000,
      "ocf": -2820000,
      "capex": -4675000,
      "gross_margin": 0.22681122348589194,
      "op_margin": -0.31354531502105387,
      "fcf_margin": -0.147475502735036,
      "incr_op_margin_yoy": 0.5721872541306058,
      "rev_growth_yoy": -0.16671585505820627,
      "rev_growth_yoy_accel": -0.026910520713622765,
      "fcf_margin_change": -0.1633625139196225
    },
    {
      "date": "2024-03-31T00:00:00",
      "quarter_label": "2024-03 (Q1)",
      "revenue": 49067000,
      "gross_profit": 8968000,
      "operating_income": -13459000,
      "net_income": -15417000,
      "opex": 22427000,
      "cogs": 37079000,
      "rd": 11163000,
      "sga": 11264000,
      "fcf": -4640000,
      "ocf": -3972000,
      "capex": -668000,
      "gross_margin": 0.1827704974830334,
      "op_margin": -0.27429840829885666,
      "fcf_margin": -0.09456457496892005,
      "incr_op_margin_yoy": -1.0530360292265055,
      "rev_growth_yoy": -0.13925094289974563,
      "rev_growth_yoy_accel": 0.02746491215846064,
      "fcf_margin_change": 0.05291092776611596
    },
    {
      "date": "2024-06-30T00:00:00",
      "quarter_label": "2024-06 (Q2)",
      "revenue": 53171000,
      "gross_profit": 11601000,
      "operating_income": -12824000,
      "net_income": -12997000,
      "opex": 24425000,
      "cogs": 36614000,
      "rd": 12691000,
      "sga": 11734000,
      "fcf": -2010000,
      "ocf": -1112000,
      "capex": -898000,
      "gross_margin": 0.21818284403152094,
      "op_margin": -0.24118410411690583,
      "fcf_margin": -0.03780256154670779,
      "incr_op_margin_yoy": 0.2776639344262295,
      "rev_growth_yoy": -0.12804408074911036,
      "rev_growth_yoy_accel": 0.011206862150635266,
      "op_leverage_ratio": 0.9388442389033418,
      "fcf_margin_change": 0.056762013422212265
    },
    {
      "date": "2024-09-30T00:00:00",
      "quarter_label": "2024-09 (Q3)",
      "revenue": 66460000,
      "gross_profit": 15461000,
      "operating_income": -11003000,
      "net_income": -9617000,
      "opex": 26464000,
      "cogs": 43928000,
      "rd": 14373000,
      "sga": 12091000,
      "fcf": -15514000,
      "ocf": -12905000,
      "capex": -2609000,
      "gross_margin": 0.2326361721336142,
      "op_margin": -0.16555823051459526,
      "fcf_margin": -0.2334336442973217,
      "incr_op_margin_yoy": -0.3390220517737296,
      "rev_growth_yoy": 0.08514980814760388,
      "rev_growth_yoy_accel": 0.21319388889671426,
      "op_leverage_ratio": 2.9938829690752544,
      "fcf_margin_change": -0.19563108275061392
    },
    {
      "date": "2024-12-31T00:00:00",
      "quarter_label": "2024-12 (Q4)",
      "revenue": 63039000,
      "gross_profit": 15885000,
      "operating_income": -15745000,
      "net_income": -16277000,
      "opex": 31630000,
      "cogs": 62201000,
      "rd": 12967000,
      "sga": 12009000,
      "fcf": 4431000,
      "ocf": 11856000,
      "capex": -7425000,
      "gross_margin": 0.2519868652738781,
      "op_margin": -0.24976601786195848,
      "fcf_margin": 0.07028982058725551,
      "incr_op_margin_yoy": 0.015552099533437015,
      "rev_growth_yoy": 0.2403880209358152,
      "rev_growth_yoy_accel": 0.15523821278821132,
      "fcf_margin_change": 0.3037234648845772
    },
    {
      "date": "2025-03-31T00:00:00",
      "quarter_label": "2025-03 (Q1)",
      "revenue": 44722000,
      "gross_profit": 9362000,
      "operating_income": -6288000,
      "net_income": -8878000,
      "opex": 15650000,
      "cogs": 35360000,
      "rd": 5936000,
      "sga": 9714000,
      "fcf": -4877000,
      "ocf": -4669000,
      "capex": -208000,
      "gross_margin": 0.2093376861499933,
      "op_margin": -0.14060194087920933,
      "fcf_margin": -0.10905147354769465,
      "incr_op_margin_yoy": -1.6504027617951669,
      "rev_growth_yoy": -0.088552387551715,
      "rev_growth_yoy_accel": -0.3289404084875302,
      "fcf_margin_change": -0.17934129413495015
    },
    {
      "date": "2025-06-30T00:00:00",
      "quarter_label": "2025-06 (Q2)",
      "revenue": 47622000,
      "gross_profit": 9712000,
      "operating_income": -7438000,
      "net_income": 323000,
      "opex": 17150000,
      "cogs": 37910000,
      "rd": 6983000,
      "sga": 9321000,
      "fcf": -37007000,
      "ocf": -25132000,
      "capex": -11875000,
      "gross_margin": 0.20393935575994288,
      "op_margin": -0.1561883163243879,
      "fcf_margin": -0.7770988198731679,
      "incr_op_margin_yoy": -0.9706253378987205,
      "rev_growth_yoy": -0.10436140001128434,
      "rev_growth_yoy_accel": -0.015809012459569338,
      "op_leverage_ratio": 0.6765499455897919,
      "fcf_margin_change": -0.6680473463254732
    },
    {
      "date": "2025-09-30T00:00:00",
      "quarter_label": "2025-09 (Q3)",
      "revenue": 45946000,
      "gross_profit": 8541000,
      "operating_income": -11538000,
      "net_income": -13090000,
      "opex": 20079000,
      "cogs": 37405000,
      "rd": 7773000,
      "sga": 8312000,
      "fcf": -7494000,
      "ocf": 162000,
      "capex": -7656000,
      "gross_margin": 0.18589213424454795,
      "op_margin": -0.2511208810342576,
      "fcf_margin": -0.16310451399468942,
      "incr_op_margin_yoy": 0.026079750414351174,
      "rev_growth_yoy": -0.30866686728859466,
      "rev_growth_yoy_accel": -0.2043054672773103,
      "fcf_margin_change": 0.6139943058784785
    }
  ],
  "signals": [
    {
      "quarter": "2025-09 (Q3)",
      "signal": "FCF MARGIN EXPANSION",
      "detail": "FCF margin: -77.7% -> -16.3% (+61.4%)",
      "severity": "MEDIUM"
    },
    {
      "quarter": "2025-09 (Q3)",
      "signal": "YoY REVENUE GROWTH DECELERATION",
      "detail": "YoY growth: -30.9% vs prior quarter YoY: -10.4% (decel: -20.4%)",
      "severity": "WARNING"
    },
    {
      "quarter": "2025-03 (Q1)",
      "signal": "YoY REVENUE GROWTH DECELERATION",
      "detail": "YoY growth: -8.9% vs prior quarter YoY: +24.0% (decel: -32.9%)",
      "severity": "WARNING"
    },
    {
      "quarter": "2024-12 (Q4)",
      "signal": "FCF TURNED POSITIVE",
      "detail": "FCF margin: -23.3% -> +7.0%",
      "severity": "HIGH"
    },
    {
      "quarter": "2024-12 (Q4)",
      "signal": "YoY REVENUE GROWTH ACCELERATION",
      "detail": "YoY growth: +24.0% vs prior quarter YoY: +8.5% (accel: +15.5%)",
      "severity": "HIGH"
    },
    {
      "quarter": "2024-09 (Q3)",
      "signal": "OPERATING LEVERAGE",
      "detail": "Rev growth +25.0% vs OpEx growth +8.3% (leverage: 3.0x)",
      "severity": "MEDIUM"
    },
    {
      "quarter": "2024-09 (Q3)",
      "signal": "YoY REVENUE GROWTH ACCELERATION",
      "detail": "YoY growth: +8.5% vs prior quarter YoY: -12.8% (accel: +21.3%)",
      "severity": "HIGH"
    },
    {
      "quarter": "2024-06 (Q2)",
      "signal": "FCF MARGIN EXPANSION",
      "detail": "FCF margin: -9.5% -> -3.8% (+5.7%)",
      "severity": "MEDIUM"
    },
    {
      "quarter": "2024-06 (Q2)",
      "signal": "GROSS MARGIN INFLECTION",
      "detail": "GM: +22.7% -> +18.3% -> +21.8% (reversal +3.5%)",
      "severity": "MEDIUM"
    },
    {
      "quarter": "2024-03 (Q1)",
      "signal": "FCF MARGIN EXPANSION",
      "detail": "FCF margin: -14.7% -> -9.5% (+5.3%)",
      "severity": "MEDIUM"
    },
    {
      "quarter": "2023-09 (Q3)",
      "signal": "FCF TURNED POSITIVE",
      "detail": "FCF margin: -18.3% -> +1.6%",
      "severity": "HIGH"
    },
    {
      "quarter": "2023-09 (Q3)",
      "signal": "YoY REVENUE GROWTH ACCELERATION",
      "detail": "YoY growth: -14.0% vs prior quarter YoY: -39.8% (accel: +25.9%)",
      "severity": "HIGH"
    },
    {
      "quarter": "2023-06 (Q2)",
      "signal": "YoY REVENUE GROWTH ACCELERATION",
      "detail": "YoY growth: -39.8% vs prior quarter YoY: -45.2% (accel: +5.4%)",
      "severity": "MEDIUM"
    },
    {
      "quarter": "2023-03 (Q1)",
      "signal": "FCF TURNED POSITIVE",
      "detail": "FCF margin: -92.9% -> +13.6%",
      "severity": "HIGH"
    },
    {
      "quarter": "2022-12 (Q4)",
      "signal": "GROSS MARGIN INFLECTION",
      "detail": "GM: +28.6% -> +24.2% -> +26.4% (reversal +2.2%)",
      "severity": "MEDIUM"
    },
    {
      "quarter": "2022-09 (Q3)",
      "signal": "FCF MARGIN EXPANSION",
      "detail": "FCF margin: +11.4% -> +21.0% (+9.6%)",
      "severity": "MEDIUM"
    },
    {
      "quarter": "2022-09 (Q3)",
      "signal": "YoY REVENUE GROWTH DECELERATION",
      "detail": "YoY growth: -43.9% vs prior quarter YoY: -11.0% (decel: -33.0%)",
      "severity": "WARNING"
    },
    {
      "quarter": "2022-03 (Q1)",
      "signal": "GROSS MARGIN INFLECTION",
      "detail": "GM: +36.7% -> +35.0% -> +37.5% (reversal +2.5%)",
      "severity": "MEDIUM"
    },
    {
      "quarter": "2022-03 (Q1)",
      "signal": "YoY REVENUE GROWTH ACCELERATION",
      "detail": "YoY growth: -15.4% vs prior quarter YoY: -22.8% (accel: +7.4%)",
      "severity": "MEDIUM"
    },
    {
      "quarter": "2022-03 (Q1)",
      "signal": "OP MARGIN TURNED POSITIVE (YoY)",
      "detail": "Op margin: -1.7% (year-ago) -> +12.4%",
      "severity": "HIGH"
    },
    {
      "quarter": "2021-12 (Q4)",
      "signal": "FCF MARGIN EXPANSION",
      "detail": "FCF margin: +8.8% -> +35.2% (+26.5%)",
      "severity": "MEDIUM"
    },
    {
      "quarter": "2021-09 (Q3)",
      "signal": "FCF TURNED POSITIVE",
      "detail": "FCF margin: -12.9% -> +8.8%",
      "severity": "HIGH"
    },
    {
      "quarter": "2021-06 (Q2)",
      "signal": "OP MARGIN TURNED POSITIVE (QoQ)",
      "detail": "Op margin: -1.7% -> +1.4%",
      "severity": "HIGH"
    },
    {
      "quarter": "2021-03 (Q1)",
      "signal": "FCF TURNED POSITIVE",
      "detail": "FCF margin: -44.6% -> +16.4%",
      "severity": "HIGH"
    }
  ],
  "data_quality": {
    "n_quarters": 20,
    "coverage": {
      "revenue": [
        20,
        20
      ],
      "gross_profit": [
        20,
        20
      ],
      "op_income": [
        20,
        20
      ],
      "fcf": [
        20,
        20
      ]
    },
    "gaps": [],
    "warnings": []
  },
  "market_cap": null,
  "source": "SEC EDGAR",
  "last_updated": "2026-02-02T23:19:15.352534",
  "sector": "Technology",
  "industry": "Semiconductors"
}