{
  "ticker": "MXCT",
  "name": "MaxCyte, Inc.",
  "quarters": [
    {
      "date": "2020-12-31T00:00:00",
      "quarter_label": "2020-12 (Q4)",
      "revenue": 8514000,
      "gross_profit": 7607100,
      "operating_income": -2381500,
      "net_income": -2651700,
      "opex": 9988600,
      "cogs": 906900,
      "rd": 4882000,
      "sga": null,
      "fcf": -2271000,
      "ocf": -1912200,
      "capex": -358800,
      "gross_margin": 0.8934813248766738,
      "op_margin": -0.2797157622739018,
      "fcf_margin": -0.2667371388301621
    },
    {
      "date": "2021-03-31T00:00:00",
      "quarter_label": "2021-03 (Q1)",
      "revenue": 6494900,
      "gross_profit": 5801800,
      "operating_income": -6373100,
      "net_income": -7105600,
      "opex": 12174900,
      "cogs": 693100,
      "rd": 6076300,
      "sga": null,
      "fcf": -4950600,
      "ocf": -4642100,
      "capex": -308500,
      "gross_margin": 0.8932855009315,
      "op_margin": -0.981246824431477,
      "fcf_margin": -0.7622288256940061,
      "fcf_margin_change": -0.495491686863844
    },
    {
      "date": "2021-06-30T00:00:00",
      "quarter_label": "2021-06 (Q2)",
      "revenue": 7108100,
      "gross_profit": 6323600,
      "operating_income": -4417200,
      "net_income": -4421800,
      "opex": 10740800,
      "cogs": 784500,
      "rd": 3205500,
      "sga": null,
      "fcf": -5349400,
      "ocf": -4386800,
      "capex": -962600,
      "gross_margin": 0.8896329539539398,
      "op_margin": -0.6214318875648908,
      "fcf_margin": -0.7525780447658306,
      "op_leverage_ratio": Infinity,
      "fcf_margin_change": 0.009650780928175506
    },
    {
      "date": "2021-09-30T00:00:00",
      "quarter_label": "2021-09 (Q3)",
      "revenue": 10139100,
      "gross_profit": 9195300,
      "operating_income": -2442900,
      "net_income": -2680400,
      "opex": 11638200,
      "cogs": 943800,
      "rd": 2774800,
      "sga": null,
      "fcf": -2131400,
      "ocf": -690450,
      "capex": -1440950,
      "gross_margin": 0.9069148149244016,
      "op_margin": -0.2409385448412581,
      "fcf_margin": -0.21021589687447603,
      "op_leverage_ratio": 5.103674542727408,
      "fcf_margin_change": 0.5423621478913545
    },
    {
      "date": "2021-12-31T00:00:00",
      "quarter_label": "2021-12 (Q4)",
      "revenue": 10152000,
      "gross_profit": 8926100,
      "operating_income": -4955200,
      "net_income": -4874400,
      "opex": 13881300,
      "cogs": 1225900,
      "rd": 3349300,
      "sga": null,
      "fcf": -2082400,
      "ocf": -960250,
      "capex": -1122150,
      "gross_margin": 0.8792454688731285,
      "op_margin": -0.48810086682427106,
      "fcf_margin": -0.20512214342001575,
      "incr_op_margin_yoy": -1.5712454212454212,
      "rev_growth_yoy": 0.19238900634249473,
      "fcf_margin_change": 0.005093753454460281
    },
    {
      "date": "2022-03-31T00:00:00",
      "quarter_label": "2022-03 (Q1)",
      "revenue": 11587300,
      "gross_profit": 10524700,
      "operating_income": -4159100,
      "net_income": -4067300,
      "opex": 14683800,
      "cogs": 1062600,
      "rd": 3765300,
      "sga": null,
      "fcf": -9693700,
      "ocf": -3694200,
      "capex": -5999500,
      "gross_margin": 0.9082961518213907,
      "op_margin": -0.3589360765665858,
      "fcf_margin": -0.8365797036410553,
      "incr_op_margin_yoy": 0.43476553295106435,
      "rev_growth_yoy": 0.7840613404363423,
      "rev_growth_yoy_accel": 0.5916723340938477,
      "op_leverage_ratio": 2.4455479073227133,
      "fcf_margin_change": -0.6314575602210395
    },
    {
      "date": "2022-06-30T00:00:00",
      "quarter_label": "2022-06 (Q2)",
      "revenue": 9607800,
      "gross_profit": 8487400,
      "operating_income": -8738900,
      "net_income": -8260200,
      "opex": 17226300,
      "cogs": 1120400,
      "rd": 4696000,
      "sga": null,
      "fcf": -5886700,
      "ocf": 918600,
      "capex": -6805300,
      "gross_margin": 0.8833864152043132,
      "op_margin": -0.909563063344366,
      "fcf_margin": -0.6127000978371739,
      "incr_op_margin_yoy": -1.7288874664959795,
      "rev_growth_yoy": 0.3516692224363754,
      "rev_growth_yoy_accel": -0.43239211799996696,
      "fcf_margin_change": 0.22387960580388133
    },
    {
      "date": "2022-09-30T00:00:00",
      "quarter_label": "2022-09 (Q3)",
      "revenue": 10642800,
      "gross_profit": 9273900,
      "operating_income": -7712100,
      "net_income": -6433700,
      "opex": 16986000,
      "cogs": 1368900,
      "rd": 5325100,
      "sga": null,
      "fcf": -9398800,
      "ocf": -5921000,
      "capex": -3477800,
      "gross_margin": 0.8713778329011163,
      "op_margin": -0.7246307362724095,
      "fcf_margin": -0.8831134663810275,
      "rev_growth_yoy": 0.049678965588661715,
      "rev_growth_yoy_accel": -0.3019902568477137,
      "op_leverage_ratio": Infinity,
      "fcf_margin_change": -0.27041336854385356
    },
    {
      "date": "2022-12-31T00:00:00",
      "quarter_label": "2022-12 (Q4)",
      "revenue": 12423600,
      "gross_profit": 10877100,
      "operating_income": -6750200,
      "net_income": -4809400,
      "opex": 17627300,
      "cogs": 1546500,
      "rd": 5728000,
      "sga": null,
      "fcf": -8280800,
      "ocf": -6086400,
      "capex": -2194400,
      "gross_margin": 0.875519173186516,
      "op_margin": -0.543336874979877,
      "fcf_margin": -0.666537879519624,
      "incr_op_margin_yoy": -0.7901919351998591,
      "rev_growth_yoy": 0.22375886524822694,
      "rev_growth_yoy_accel": 0.17407989965956522,
      "op_leverage_ratio": 4.431891563985989,
      "fcf_margin_change": 0.21657558686140355
    },
    {
      "date": "2023-03-31T00:00:00",
      "quarter_label": "2023-03 (Q1)",
      "revenue": 8576300,
      "gross_profit": 7576500,
      "operating_income": -13177200,
      "net_income": -10881600,
      "opex": 20753700,
      "cogs": 999800,
      "rd": 6046500,
      "sga": null,
      "fcf": -5882000,
      "ocf": -4324000,
      "capex": -1558000,
      "gross_margin": 0.8834229213063909,
      "op_margin": -1.5364667747163696,
      "fcf_margin": -0.6858435455849259,
      "incr_op_margin_yoy": 2.995051477914314,
      "rev_growth_yoy": -0.25985346025389866,
      "rev_growth_yoy_accel": -0.48361232550212563,
      "fcf_margin_change": -0.01930566606530193
    },
    {
      "date": "2023-06-30T00:00:00",
      "quarter_label": "2023-06 (Q2)",
      "revenue": 9042600,
      "gross_profit": 7666900,
      "operating_income": -13073400,
      "net_income": -10511800,
      "opex": 20740300,
      "cogs": 1375700,
      "rd": 5664300,
      "sga": null,
      "fcf": -10612000,
      "ocf": -10105000,
      "capex": -507000,
      "gross_margin": 0.8478645522305531,
      "op_margin": -1.4457567513768164,
      "fcf_margin": -1.1735562780616196,
      "rev_growth_yoy": -0.05882720289764566,
      "rev_growth_yoy_accel": 0.201026257356253,
      "op_leverage_ratio": Infinity,
      "fcf_margin_change": -0.48771273247669367
    },
    {
      "date": "2023-09-30T00:00:00",
      "quarter_label": "2023-09 (Q3)",
      "revenue": 8004500,
      "gross_profit": 7211100,
      "operating_income": -13952700,
      "net_income": -11251800,
      "opex": 21163800,
      "cogs": 793400,
      "rd": 6264100,
      "sga": null,
      "fcf": -8958000,
      "ocf": -8238000,
      "capex": -720000,
      "gross_margin": 0.9008807545755513,
      "op_margin": -1.7431070023111999,
      "fcf_margin": -1.119120494721719,
      "incr_op_margin_yoy": 2.365386802107418,
      "rev_growth_yoy": -0.24789529071297028,
      "rev_growth_yoy_accel": -0.18906808781532464,
      "fcf_margin_change": 0.05443578333990051
    },
    {
      "date": "2023-12-31T00:00:00",
      "quarter_label": "2023-12 (Q4)",
      "revenue": 15664600,
      "gross_profit": 14091500,
      "operating_income": -8095700,
      "net_income": -5277800,
      "opex": 22187200,
      "cogs": 1573100,
      "rd": 5842100,
      "sga": null,
      "fcf": 66000,
      "ocf": 981000,
      "capex": -915000,
      "gross_margin": 0.8995761142959284,
      "op_margin": -0.5168149841042861,
      "fcf_margin": 0.0042133217573382025,
      "incr_op_margin_yoy": -0.4151496451712434,
      "rev_growth_yoy": 0.26087446472842013,
      "rev_growth_yoy_accel": 0.5087697554413904,
      "op_leverage_ratio": 19.790121767176277,
      "fcf_margin_change": 1.1233338164790572
    },
    {
      "date": "2024-03-31T00:00:00",
      "quarter_label": "2024-03 (Q1)",
      "revenue": 11342000,
      "gross_profit": 9939000,
      "operating_income": -12275000,
      "net_income": -9526000,
      "opex": 22214000,
      "cogs": 1403000,
      "rd": 6678000,
      "sga": null,
      "fcf": -11368000,
      "ocf": -10564000,
      "capex": -804000,
      "gross_margin": 0.8763004761065067,
      "op_margin": -1.082260624228531,
      "fcf_margin": -1.002292364662317,
      "incr_op_margin_yoy": 0.3262103626568319,
      "rev_growth_yoy": 0.3224817228874923,
      "rev_growth_yoy_accel": 0.06160725815907214,
      "fcf_margin_change": -1.006505686419655
    },
    {
      "date": "2024-06-30T00:00:00",
      "quarter_label": "2024-06 (Q2)",
      "revenue": 10429000,
      "gross_profit": 8941000,
      "operating_income": -11968000,
      "net_income": -9375000,
      "opex": 20909000,
      "cogs": 1488000,
      "rd": 5619000,
      "sga": null,
      "fcf": -5128000,
      "ocf": -4834000,
      "capex": -294000,
      "gross_margin": 0.8573209320164925,
      "op_margin": -1.1475692779748778,
      "fcf_margin": -0.4917058203087544,
      "incr_op_margin_yoy": 0.7973167916907098,
      "rev_growth_yoy": 0.1533187357618384,
      "rev_growth_yoy_accel": -0.16916298712565386,
      "fcf_margin_change": 0.5105865443535625
    },
    {
      "date": "2024-09-30T00:00:00",
      "quarter_label": "2024-09 (Q3)",
      "revenue": 8164000,
      "gross_profit": 6236000,
      "operating_income": -14053000,
      "net_income": -11557000,
      "opex": 20289000,
      "cogs": 1928000,
      "rd": 5316000,
      "sga": null,
      "fcf": -4797000,
      "ocf": -4391000,
      "capex": -406000,
      "gross_margin": 0.7638412542871141,
      "op_margin": -1.7213375796178343,
      "fcf_margin": -0.5875796178343949,
      "rev_growth_yoy": 0.019926291461053156,
      "rev_growth_yoy_accel": -0.13339244430078526,
      "fcf_margin_change": -0.09587379752564051
    },
    {
      "date": "2024-12-31T00:00:00",
      "quarter_label": "2024-12 (Q4)",
      "revenue": 8693000,
      "gross_profit": 6412000,
      "operating_income": -12901000,
      "net_income": -10597000,
      "opex": 19313000,
      "cogs": 2281000,
      "rd": 4614000,
      "sga": null,
      "fcf": -7968000,
      "ocf": -7821000,
      "capex": -147000,
      "gross_margin": 0.7376049695157023,
      "op_margin": -1.4840676406303923,
      "fcf_margin": -0.9165995628666743,
      "incr_op_margin_yoy": 0.6892678868552413,
      "rev_growth_yoy": -0.44505445399180316,
      "rev_growth_yoy_accel": -0.46498074545285634,
      "op_leverage_ratio": Infinity,
      "fcf_margin_change": -0.3290199450322794
    },
    {
      "date": "2025-03-31T00:00:00",
      "quarter_label": "2025-03 (Q1)",
      "revenue": 10390000,
      "gross_profit": 8893000,
      "operating_income": -12295000,
      "net_income": -10261000,
      "opex": 21188000,
      "cogs": 1497000,
      "rd": 5903000,
      "sga": null,
      "fcf": -15064000,
      "ocf": -14411000,
      "capex": -653000,
      "gross_margin": 0.8559191530317614,
      "op_margin": -1.18334937439846,
      "fcf_margin": -1.4498556304138595,
      "rev_growth_yoy": -0.08393581378945512,
      "rev_growth_yoy_accel": 0.361118640202348,
      "op_leverage_ratio": 2.010761823689559,
      "fcf_margin_change": -0.5332560675471851
    },
    {
      "date": "2025-06-30T00:00:00",
      "quarter_label": "2025-06 (Q2)",
      "revenue": 8507000,
      "gross_profit": 6988000,
      "operating_income": -14227000,
      "net_income": -12357000,
      "opex": 21215000,
      "cogs": 1519000,
      "rd": 6269000,
      "sga": null,
      "fcf": -10436000,
      "ocf": -9852000,
      "capex": -584000,
      "gross_margin": 0.8214411660985071,
      "op_margin": -1.6723874456330081,
      "fcf_margin": -1.2267544375220407,
      "incr_op_margin_yoy": 1.1753381893860562,
      "rev_growth_yoy": -0.1842937961453639,
      "rev_growth_yoy_accel": -0.10035798235590877,
      "fcf_margin_change": 0.22310119289181873
    },
    {
      "date": "2025-09-30T00:00:00",
      "quarter_label": "2025-09 (Q3)",
      "revenue": 6829000,
      "gross_profit": 5233000,
      "operating_income": -14149000,
      "net_income": -12416000,
      "opex": 19382000,
      "cogs": 1596000,
      "rd": 5316000,
      "sga": null,
      "fcf": -7758000,
      "ocf": -7458000,
      "capex": -300000,
      "gross_margin": 0.7662908185678723,
      "op_margin": -2.0718992531849465,
      "fcf_margin": -1.1360374871869967,
      "incr_op_margin_yoy": 0.07191011235955057,
      "rev_growth_yoy": -0.16352278294953454,
      "rev_growth_yoy_accel": 0.020771013195829358,
      "fcf_margin_change": 0.09071695033504401
    }
  ],
  "signals": [
    {
      "quarter": "2025-09 (Q3)",
      "signal": "FCF MARGIN EXPANSION",
      "detail": "FCF margin: -122.7% -> -113.6% (+9.1%)",
      "severity": "MEDIUM"
    },
    {
      "quarter": "2025-06 (Q2)",
      "signal": "FCF MARGIN EXPANSION",
      "detail": "FCF margin: -145.0% -> -122.7% (+22.3%)",
      "severity": "MEDIUM"
    },
    {
      "quarter": "2025-06 (Q2)",
      "signal": "YoY REVENUE GROWTH DECELERATION",
      "detail": "YoY growth: -18.4% vs prior quarter YoY: -8.4% (decel: -10.0%)",
      "severity": "WARNING"
    },
    {
      "quarter": "2025-03 (Q1)",
      "signal": "OPERATING LEVERAGE",
      "detail": "Rev growth +19.5% vs OpEx growth +9.7% (leverage: 2.0x)",
      "severity": "MEDIUM"
    },
    {
      "quarter": "2025-03 (Q1)",
      "signal": "GROSS MARGIN INFLECTION",
      "detail": "GM: +76.4% -> +73.8% -> +85.6% (reversal +11.8%)",
      "severity": "HIGH"
    },
    {
      "quarter": "2025-03 (Q1)",
      "signal": "YoY REVENUE GROWTH ACCELERATION",
      "detail": "YoY growth: -8.4% vs prior quarter YoY: -44.5% (accel: +36.1%)",
      "severity": "HIGH"
    },
    {
      "quarter": "2024-12 (Q4)",
      "signal": "YoY REVENUE GROWTH DECELERATION",
      "detail": "YoY growth: -44.5% vs prior quarter YoY: +2.0% (decel: -46.5%)",
      "severity": "WARNING"
    },
    {
      "quarter": "2024-09 (Q3)",
      "signal": "YoY REVENUE GROWTH DECELERATION",
      "detail": "YoY growth: +2.0% vs prior quarter YoY: +15.3% (decel: -13.3%)",
      "severity": "WARNING"
    },
    {
      "quarter": "2024-06 (Q2)",
      "signal": "FCF MARGIN EXPANSION",
      "detail": "FCF margin: -100.2% -> -49.2% (+51.1%)",
      "severity": "MEDIUM"
    },
    {
      "quarter": "2024-06 (Q2)",
      "signal": "YoY REVENUE GROWTH DECELERATION",
      "detail": "YoY growth: +15.3% vs prior quarter YoY: +32.2% (decel: -16.9%)",
      "severity": "WARNING"
    },
    {
      "quarter": "2024-03 (Q1)",
      "signal": "YoY REVENUE GROWTH ACCELERATION",
      "detail": "YoY growth: +32.2% vs prior quarter YoY: +26.1% (accel: +6.2%)",
      "severity": "MEDIUM"
    },
    {
      "quarter": "2023-12 (Q4)",
      "signal": "FCF TURNED POSITIVE",
      "detail": "FCF margin: -111.9% -> +0.4%",
      "severity": "HIGH"
    },
    {
      "quarter": "2023-12 (Q4)",
      "signal": "OPERATING LEVERAGE",
      "detail": "Rev growth +95.7% vs OpEx growth +4.8% (leverage: 19.8x)",
      "severity": "MEDIUM"
    },
    {
      "quarter": "2023-12 (Q4)",
      "signal": "YoY REVENUE GROWTH ACCELERATION",
      "detail": "YoY growth: +26.1% vs prior quarter YoY: -24.8% (accel: +50.9%)",
      "severity": "HIGH"
    },
    {
      "quarter": "2023-09 (Q3)",
      "signal": "FCF MARGIN EXPANSION",
      "detail": "FCF margin: -117.4% -> -111.9% (+5.4%)",
      "severity": "MEDIUM"
    },
    {
      "quarter": "2023-09 (Q3)",
      "signal": "GROSS MARGIN INFLECTION",
      "detail": "GM: +88.3% -> +84.8% -> +90.1% (reversal +5.3%)",
      "severity": "HIGH"
    },
    {
      "quarter": "2023-09 (Q3)",
      "signal": "YoY REVENUE GROWTH DECELERATION",
      "detail": "YoY growth: -24.8% vs prior quarter YoY: -5.9% (decel: -18.9%)",
      "severity": "WARNING"
    },
    {
      "quarter": "2023-06 (Q2)",
      "signal": "YoY REVENUE GROWTH ACCELERATION",
      "detail": "YoY growth: -5.9% vs prior quarter YoY: -26.0% (accel: +20.1%)",
      "severity": "HIGH"
    },
    {
      "quarter": "2023-03 (Q1)",
      "signal": "YoY REVENUE GROWTH DECELERATION",
      "detail": "YoY growth: -26.0% vs prior quarter YoY: +22.4% (decel: -48.4%)",
      "severity": "WARNING"
    },
    {
      "quarter": "2022-12 (Q4)",
      "signal": "FCF MARGIN EXPANSION",
      "detail": "FCF margin: -88.3% -> -66.7% (+21.7%)",
      "severity": "MEDIUM"
    },
    {
      "quarter": "2022-12 (Q4)",
      "signal": "OPERATING LEVERAGE",
      "detail": "Rev growth +16.7% vs OpEx growth +3.8% (leverage: 4.4x)",
      "severity": "MEDIUM"
    },
    {
      "quarter": "2022-12 (Q4)",
      "signal": "YoY REVENUE GROWTH ACCELERATION",
      "detail": "YoY growth: +22.4% vs prior quarter YoY: +5.0% (accel: +17.4%)",
      "severity": "HIGH"
    },
    {
      "quarter": "2022-09 (Q3)",
      "signal": "YoY REVENUE GROWTH DECELERATION",
      "detail": "YoY growth: +5.0% vs prior quarter YoY: +35.2% (decel: -30.2%)",
      "severity": "WARNING"
    },
    {
      "quarter": "2022-06 (Q2)",
      "signal": "FCF MARGIN EXPANSION",
      "detail": "FCF margin: -83.7% -> -61.3% (+22.4%)",
      "severity": "MEDIUM"
    },
    {
      "quarter": "2022-06 (Q2)",
      "signal": "YoY REVENUE GROWTH DECELERATION",
      "detail": "YoY growth: +35.2% vs prior quarter YoY: +78.4% (decel: -43.2%)",
      "severity": "WARNING"
    },
    {
      "quarter": "2022-03 (Q1)",
      "signal": "OPERATING LEVERAGE",
      "detail": "Rev growth +14.1% vs OpEx growth +5.8% (leverage: 2.4x)",
      "severity": "MEDIUM"
    },
    {
      "quarter": "2022-03 (Q1)",
      "signal": "GROSS MARGIN INFLECTION",
      "detail": "GM: +90.7% -> +87.9% -> +90.8% (reversal +2.9%)",
      "severity": "MEDIUM"
    },
    {
      "quarter": "2022-03 (Q1)",
      "signal": "YoY REVENUE GROWTH ACCELERATION",
      "detail": "YoY growth: +78.4% vs prior quarter YoY: +19.2% (accel: +59.2%)",
      "severity": "HIGH"
    },
    {
      "quarter": "2021-09 (Q3)",
      "signal": "FCF MARGIN EXPANSION",
      "detail": "FCF margin: -75.3% -> -21.0% (+54.2%)",
      "severity": "MEDIUM"
    },
    {
      "quarter": "2021-09 (Q3)",
      "signal": "OPERATING LEVERAGE",
      "detail": "Rev growth +42.6% vs OpEx growth +8.4% (leverage: 5.1x)",
      "severity": "MEDIUM"
    }
  ],
  "data_quality": {
    "n_quarters": 20,
    "coverage": {
      "revenue": [
        20,
        20
      ],
      "gross_profit": [
        20,
        20
      ],
      "op_income": [
        20,
        20
      ],
      "fcf": [
        20,
        20
      ]
    },
    "gaps": [],
    "warnings": []
  },
  "market_cap": null,
  "source": "SEC EDGAR",
  "last_updated": "2026-02-02T23:18:05.559367",
  "sector": "Healthcare",
  "industry": "Medical Devices"
}