{
  "ticker": "MXL",
  "name": "MaxLinear, Inc.",
  "quarters": [
    {
      "date": "2021-03-31T00:00:00",
      "quarter_label": "2021-03 (Q1)",
      "revenue": 209359000,
      "gross_profit": 111719000,
      "operating_income": 9918000,
      "net_income": 3802000,
      "opex": 101801000,
      "cogs": 97640000,
      "rd": null,
      "sga": 36469000,
      "fcf": 34120000,
      "ocf": 40272000,
      "capex": -6152000,
      "gross_margin": 0.5336240620178736,
      "op_margin": 0.04737317239765188,
      "fcf_margin": 0.1629736481354993
    },
    {
      "date": "2021-06-30T00:00:00",
      "quarter_label": "2021-06 (Q2)",
      "revenue": 205376000,
      "gross_profit": 112543000,
      "operating_income": 2204000,
      "net_income": 733000,
      "opex": 110339000,
      "cogs": 92833000,
      "rd": null,
      "sga": 35885000,
      "fcf": 16693000,
      "ocf": 27851000,
      "capex": -11158000,
      "gross_margin": 0.5479851589280149,
      "op_margin": 0.010731536304144593,
      "fcf_margin": 0.08128018853225304,
      "fcf_margin_change": -0.08169345960324627
    },
    {
      "date": "2021-09-30T00:00:00",
      "quarter_label": "2021-09 (Q3)",
      "revenue": 229774000,
      "gross_profit": 129793000,
      "operating_income": 23786000,
      "net_income": 9258000,
      "opex": 106007000,
      "cogs": 99981000,
      "rd": null,
      "sga": 38469000,
      "fcf": 74453000,
      "ocf": 84077000,
      "capex": -9624000,
      "gross_margin": 0.5648724398757039,
      "op_margin": 0.10351911008208066,
      "fcf_margin": 0.3240270874859645,
      "op_leverage_ratio": Infinity,
      "fcf_margin_change": 0.24274689895371143
    },
    {
      "date": "2021-12-31T00:00:00",
      "quarter_label": "2021-12 (Q4)",
      "revenue": 247889000,
      "gross_profit": 141777000,
      "operating_income": 29337000,
      "net_income": 28176000,
      "opex": 112440000,
      "cogs": 106112000,
      "rd": null,
      "sga": 39120000,
      "fcf": 3791000,
      "ocf": 16033000,
      "capex": -12242000,
      "gross_margin": 0.5719374397411745,
      "op_margin": 0.11834732481070157,
      "fcf_margin": 0.01529313523391518,
      "op_leverage_ratio": 1.2991474536315073,
      "fcf_margin_change": -0.3087339522520493
    },
    {
      "date": "2022-03-31T00:00:00",
      "quarter_label": "2022-03 (Q1)",
      "revenue": 263927000,
      "gross_profit": 154590000,
      "operating_income": 48127000,
      "net_income": 33586000,
      "opex": 106463000,
      "cogs": 109337000,
      "rd": null,
      "sga": 40577000,
      "fcf": 129366000,
      "ocf": 134166000,
      "capex": -4800000,
      "gross_margin": 0.585730145077995,
      "op_margin": 0.18234966486945253,
      "fcf_margin": 0.4901582634592141,
      "incr_op_margin_yoy": 0.700208913649025,
      "rev_growth_yoy": 0.26064320139091224,
      "op_leverage_ratio": Infinity,
      "fcf_margin_change": 0.4748651282252989
    },
    {
      "date": "2022-06-30T00:00:00",
      "quarter_label": "2022-06 (Q2)",
      "revenue": 280009000,
      "gross_profit": 164351000,
      "operating_income": 39007000,
      "net_income": 31966000,
      "opex": 125344000,
      "cogs": 115658000,
      "rd": null,
      "sga": 44487000,
      "fcf": 112731000,
      "ocf": 123437000,
      "capex": -10706000,
      "gross_margin": 0.5869489909252917,
      "op_margin": 0.13930623658525262,
      "fcf_margin": 0.40259777364299004,
      "incr_op_margin_yoy": 0.4931196655634907,
      "rev_growth_yoy": 0.36339689155500154,
      "rev_growth_yoy_accel": 0.1027536901640893,
      "op_leverage_ratio": 0.34358163670959063,
      "fcf_margin_change": -0.08756048981622405
    },
    {
      "date": "2022-09-30T00:00:00",
      "quarter_label": "2022-09 (Q3)",
      "revenue": 285730000,
      "gross_profit": 167488000,
      "operating_income": 51948000,
      "net_income": 28408000,
      "opex": 115540000,
      "cogs": 118242000,
      "rd": null,
      "sga": 38472000,
      "fcf": 52647000,
      "ocf": 61766000,
      "capex": -9119000,
      "gross_margin": 0.5861757603331816,
      "op_margin": 0.1818080005599692,
      "fcf_margin": 0.18425436600986947,
      "incr_op_margin_yoy": 0.503288297948388,
      "rev_growth_yoy": 0.24352624753018184,
      "rev_growth_yoy_accel": -0.1198706440248197,
      "op_leverage_ratio": Infinity,
      "fcf_margin_change": -0.21834340763312057
    },
    {
      "date": "2022-12-31T00:00:00",
      "quarter_label": "2022-12 (Q4)",
      "revenue": 290586000,
      "gross_profit": 163340000,
      "operating_income": 41161000,
      "net_income": 31080000,
      "opex": 122179000,
      "cogs": 127246000,
      "rd": null,
      "sga": 44472000,
      "fcf": 52729000,
      "ocf": 69357000,
      "capex": -16628000,
      "gross_margin": 0.5621055384636562,
      "op_margin": 0.14164825559386893,
      "fcf_margin": 0.18145746870117624,
      "incr_op_margin_yoy": 0.27692812141368245,
      "rev_growth_yoy": 0.17224241495185344,
      "rev_growth_yoy_accel": -0.0712838325783284,
      "op_leverage_ratio": 0.2957689172252929,
      "fcf_margin_change": -0.0027968973086932303
    },
    {
      "date": "2023-03-31T00:00:00",
      "quarter_label": "2023-03 (Q1)",
      "revenue": 248442000,
      "gross_profit": 140307000,
      "operating_income": 27277000,
      "net_income": 9533000,
      "opex": 113030000,
      "cogs": 108135000,
      "rd": null,
      "sga": 38653000,
      "fcf": 36943000,
      "ocf": 42159000,
      "capex": -5216000,
      "gross_margin": 0.5647475064602604,
      "op_margin": 0.10979222514711683,
      "fcf_margin": 0.14869869023756047,
      "incr_op_margin_yoy": 1.3464643203099773,
      "rev_growth_yoy": -0.05867152659636945,
      "rev_growth_yoy_accel": -0.2309139415482229,
      "fcf_margin_change": -0.03275877846361577
    },
    {
      "date": "2023-06-30T00:00:00",
      "quarter_label": "2023-06 (Q2)",
      "revenue": 183938000,
      "gross_profit": 102873000,
      "operating_income": -5937000,
      "net_income": -4351000,
      "opex": 108810000,
      "cogs": 81065000,
      "rd": null,
      "sga": 33717000,
      "fcf": 25541000,
      "ocf": 30578000,
      "capex": -5037000,
      "gross_margin": 0.5592808446324304,
      "op_margin": -0.0322771803542498,
      "fcf_margin": 0.13885657123595993,
      "incr_op_margin_yoy": 0.4678206742929708,
      "rev_growth_yoy": -0.3430996860815188,
      "rev_growth_yoy_accel": -0.2844281594851494,
      "fcf_margin_change": -0.009842119001600536
    },
    {
      "date": "2023-09-30T00:00:00",
      "quarter_label": "2023-09 (Q3)",
      "revenue": 135530000,
      "gross_profit": 73944000,
      "operating_income": -17818000,
      "net_income": -39829000,
      "opex": 91762000,
      "cogs": 61586000,
      "rd": null,
      "sga": 25402000,
      "fcf": -14719000,
      "ocf": -12792000,
      "capex": -1927000,
      "gross_margin": 0.5455913819818491,
      "op_margin": -0.13146904744337048,
      "fcf_margin": -0.10860326127056741,
      "incr_op_margin_yoy": 0.4644873501997337,
      "rev_growth_yoy": -0.5256710880901551,
      "rev_growth_yoy_accel": -0.18257140200863625,
      "fcf_margin_change": -0.24745983250652734
    },
    {
      "date": "2023-12-31T00:00:00",
      "quarter_label": "2023-12 (Q4)",
      "revenue": 125353000,
      "gross_profit": 68539000,
      "operating_income": -41743000,
      "net_income": -38500000,
      "opex": 110282000,
      "cogs": 56814000,
      "rd": null,
      "sga": 34384000,
      "fcf": -17847000,
      "ocf": -16573000,
      "capex": -1274000,
      "gross_margin": 0.5467679273730983,
      "op_margin": -0.3330035978397007,
      "fcf_margin": -0.14237393600472267,
      "incr_op_margin_yoy": 0.5017399671978358,
      "rev_growth_yoy": -0.5686199610442347,
      "rev_growth_yoy_accel": -0.042948872954079675,
      "fcf_margin_change": -0.033770674734155265
    },
    {
      "date": "2024-03-31T00:00:00",
      "quarter_label": "2024-03 (Q1)",
      "revenue": 95269000,
      "gross_profit": 49268000,
      "operating_income": -74616000,
      "net_income": -72309000,
      "opex": 123884000,
      "cogs": 46001000,
      "rd": null,
      "sga": 36488000,
      "fcf": 7628000,
      "ocf": 15970000,
      "capex": -8342000,
      "gross_margin": 0.5171461860626226,
      "op_margin": -0.7832138471066139,
      "fcf_margin": 0.0800680179281823,
      "incr_op_margin_yoy": 0.6652151488839417,
      "rev_growth_yoy": -0.6165342413923571,
      "rev_growth_yoy_accel": -0.047914280348122396,
      "fcf_margin_change": 0.22244195393290497
    },
    {
      "date": "2024-06-30T00:00:00",
      "quarter_label": "2024-06 (Q2)",
      "revenue": 91990000,
      "gross_profit": 50186000,
      "operating_income": -40820000,
      "net_income": -39266000,
      "opex": 91006000,
      "cogs": 41804000,
      "rd": null,
      "sga": 33600000,
      "fcf": -5709000,
      "ocf": -2696000,
      "capex": -3013000,
      "gross_margin": 0.5455592999239047,
      "op_margin": -0.4437438852049136,
      "fcf_margin": -0.06206109359713012,
      "incr_op_margin_yoy": 0.3793774742245617,
      "rev_growth_yoy": -0.49988583109526036,
      "rev_growth_yoy_accel": 0.11664841029709677,
      "fcf_margin_change": -0.14212911152531243
    },
    {
      "date": "2024-09-30T00:00:00",
      "quarter_label": "2024-09 (Q3)",
      "revenue": 81102000,
      "gross_profit": 44080000,
      "operating_income": -66743000,
      "net_income": -75785000,
      "opex": 110823000,
      "cogs": 37022000,
      "rd": null,
      "sga": 30154000,
      "fcf": -34863000,
      "ocf": -30731000,
      "capex": -4132000,
      "gross_margin": 0.5435131069517398,
      "op_margin": -0.8229513452196,
      "fcf_margin": -0.4298660945476067,
      "incr_op_margin_yoy": 0.8988939516425369,
      "rev_growth_yoy": -0.40159374308271234,
      "rev_growth_yoy_accel": 0.09829208801254802,
      "fcf_margin_change": -0.3678050009504766
    },
    {
      "date": "2024-12-31T00:00:00",
      "quarter_label": "2024-12 (Q4)",
      "revenue": 92167000,
      "gross_profit": 51248000,
      "operating_income": -41173000,
      "net_income": -57838000,
      "opex": 92421000,
      "cogs": 40919000,
      "rd": null,
      "sga": 38087000,
      "fcf": -30031000,
      "ocf": -27838000,
      "capex": -2193000,
      "gross_margin": 0.5560341553918431,
      "op_margin": -0.4467217116755455,
      "fcf_margin": -0.3258324563021472,
      "incr_op_margin_yoy": -0.01717591755559573,
      "rev_growth_yoy": -0.26474037318612237,
      "rev_growth_yoy_accel": 0.13685336989658997,
      "op_leverage_ratio": Infinity,
      "fcf_margin_change": 0.10403363824545953
    },
    {
      "date": "2025-03-31T00:00:00",
      "quarter_label": "2025-03 (Q1)",
      "revenue": 95933000,
      "gross_profit": 53831000,
      "operating_income": -46094000,
      "net_income": -49713000,
      "opex": 99925000,
      "cogs": 42102000,
      "rd": null,
      "sga": 36589000,
      "fcf": -13389000,
      "ocf": -11400000,
      "capex": -1989000,
      "gross_margin": 0.5611312061542952,
      "op_margin": -0.4804811691493021,
      "fcf_margin": -0.1395661555460582,
      "rev_growth_yoy": 0.006969738319915188,
      "rev_growth_yoy_accel": 0.2717101115060376,
      "op_leverage_ratio": 0.5032487467185215,
      "fcf_margin_change": 0.186266300756089
    },
    {
      "date": "2025-06-30T00:00:00",
      "quarter_label": "2025-06 (Q2)",
      "revenue": 108813000,
      "gross_profit": 61525000,
      "operating_income": -24615000,
      "net_income": -26586000,
      "opex": 86140000,
      "cogs": 47288000,
      "rd": null,
      "sga": 33361000,
      "fcf": 9317000,
      "ocf": 10489000,
      "capex": -1172000,
      "gross_margin": 0.565419573028958,
      "op_margin": -0.22621377960354003,
      "fcf_margin": 0.08562396037238197,
      "incr_op_margin_yoy": 0.9632645782559591,
      "rev_growth_yoy": 0.18287857375801717,
      "rev_growth_yoy_accel": 0.17590883543810198,
      "op_leverage_ratio": Infinity,
      "fcf_margin_change": 0.22519011591844018
    },
    {
      "date": "2025-09-30T00:00:00",
      "quarter_label": "2025-09 (Q3)",
      "revenue": 126459000,
      "gross_profit": 71901000,
      "operating_income": -41289000,
      "net_income": -45485000,
      "opex": 113190000,
      "cogs": 54558000,
      "rd": null,
      "sga": 47674000,
      "fcf": 4395000,
      "ocf": 10124000,
      "capex": -5729000,
      "gross_margin": 0.5685716319123194,
      "op_margin": -0.32650107940122886,
      "fcf_margin": 0.034754347258795344,
      "incr_op_margin_yoy": 0.5611923187159644,
      "rev_growth_yoy": 0.5592587112524968,
      "rev_growth_yoy_accel": 0.3763801374944796,
      "op_leverage_ratio": 0.5164200421646232,
      "fcf_margin_change": -0.05086961311358663
    },
    {
      "date": "2025-12-31T00:00:00",
      "quarter_label": "2025-12 (Q4)",
      "revenue": 136436000,
      "gross_profit": 78557000,
      "operating_income": -14892000,
      "net_income": -14897000,
      "opex": 93449000,
      "cogs": 57879000,
      "rd": null,
      "sga": 41956000,
      "fcf": 6698000,
      "ocf": 10406000,
      "capex": -3708000,
      "gross_margin": 0.5757791198803834,
      "op_margin": -0.10915007769210472,
      "fcf_margin": 0.049092614852385,
      "incr_op_margin_yoy": 0.5936659965212677,
      "rev_growth_yoy": 0.48031291026072237,
      "rev_growth_yoy_accel": -0.07894580099177445,
      "op_leverage_ratio": Infinity,
      "fcf_margin_change": 0.014338267593589658
    }
  ],
  "signals": [
    {
      "quarter": "2025-12 (Q4)",
      "signal": "YoY REVENUE GROWTH DECELERATION",
      "detail": "YoY growth: +48.0% vs prior quarter YoY: +55.9% (decel: -7.9%)",
      "severity": "WARNING"
    },
    {
      "quarter": "2025-09 (Q3)",
      "signal": "YoY REVENUE GROWTH ACCELERATION",
      "detail": "YoY growth: +55.9% vs prior quarter YoY: +18.3% (accel: +37.6%)",
      "severity": "HIGH"
    },
    {
      "quarter": "2025-06 (Q2)",
      "signal": "FCF TURNED POSITIVE",
      "detail": "FCF margin: -14.0% -> +8.6%",
      "severity": "HIGH"
    },
    {
      "quarter": "2025-06 (Q2)",
      "signal": "YoY REVENUE GROWTH ACCELERATION",
      "detail": "YoY growth: +18.3% vs prior quarter YoY: +0.7% (accel: +17.6%)",
      "severity": "HIGH"
    },
    {
      "quarter": "2025-03 (Q1)",
      "signal": "FCF MARGIN EXPANSION",
      "detail": "FCF margin: -32.6% -> -14.0% (+18.6%)",
      "severity": "MEDIUM"
    },
    {
      "quarter": "2025-03 (Q1)",
      "signal": "YoY REVENUE GROWTH ACCELERATION",
      "detail": "YoY growth: +0.7% vs prior quarter YoY: -26.5% (accel: +27.2%)",
      "severity": "HIGH"
    },
    {
      "quarter": "2024-12 (Q4)",
      "signal": "FCF MARGIN EXPANSION",
      "detail": "FCF margin: -43.0% -> -32.6% (+10.4%)",
      "severity": "MEDIUM"
    },
    {
      "quarter": "2024-12 (Q4)",
      "signal": "YoY REVENUE GROWTH ACCELERATION",
      "detail": "YoY growth: -26.5% vs prior quarter YoY: -40.2% (accel: +13.7%)",
      "severity": "MEDIUM"
    },
    {
      "quarter": "2024-09 (Q3)",
      "signal": "YoY REVENUE GROWTH ACCELERATION",
      "detail": "YoY growth: -40.2% vs prior quarter YoY: -50.0% (accel: +9.8%)",
      "severity": "MEDIUM"
    },
    {
      "quarter": "2024-06 (Q2)",
      "signal": "GROSS MARGIN INFLECTION",
      "detail": "GM: +54.7% -> +51.7% -> +54.6% (reversal +2.8%)",
      "severity": "MEDIUM"
    },
    {
      "quarter": "2024-06 (Q2)",
      "signal": "YoY REVENUE GROWTH ACCELERATION",
      "detail": "YoY growth: -50.0% vs prior quarter YoY: -61.7% (accel: +11.7%)",
      "severity": "MEDIUM"
    },
    {
      "quarter": "2024-03 (Q1)",
      "signal": "FCF TURNED POSITIVE",
      "detail": "FCF margin: -14.2% -> +8.0%",
      "severity": "HIGH"
    },
    {
      "quarter": "2023-09 (Q3)",
      "signal": "YoY REVENUE GROWTH DECELERATION",
      "detail": "YoY growth: -52.6% vs prior quarter YoY: -34.3% (decel: -18.3%)",
      "severity": "WARNING"
    },
    {
      "quarter": "2023-06 (Q2)",
      "signal": "YoY REVENUE GROWTH DECELERATION",
      "detail": "YoY growth: -34.3% vs prior quarter YoY: -5.9% (decel: -28.4%)",
      "severity": "WARNING"
    },
    {
      "quarter": "2023-03 (Q1)",
      "signal": "YoY REVENUE GROWTH DECELERATION",
      "detail": "YoY growth: -5.9% vs prior quarter YoY: +17.2% (decel: -23.1%)",
      "severity": "WARNING"
    },
    {
      "quarter": "2023-03 (Q1)",
      "signal": "INCREMENTAL MARGIN (YoY)",
      "detail": "YoY Incr OPM: +134.6% vs year-ago OPM: +18.2%",
      "severity": "HIGH"
    },
    {
      "quarter": "2022-12 (Q4)",
      "signal": "YoY REVENUE GROWTH DECELERATION",
      "detail": "YoY growth: +17.2% vs prior quarter YoY: +24.4% (decel: -7.1%)",
      "severity": "WARNING"
    },
    {
      "quarter": "2022-12 (Q4)",
      "signal": "INCREMENTAL MARGIN (YoY)",
      "detail": "YoY Incr OPM: +27.7% vs year-ago OPM: +11.8%",
      "severity": "MEDIUM"
    },
    {
      "quarter": "2022-09 (Q3)",
      "signal": "YoY REVENUE GROWTH DECELERATION",
      "detail": "YoY growth: +24.4% vs prior quarter YoY: +36.3% (decel: -12.0%)",
      "severity": "WARNING"
    },
    {
      "quarter": "2022-09 (Q3)",
      "signal": "INCREMENTAL MARGIN (YoY)",
      "detail": "YoY Incr OPM: +50.3% vs year-ago OPM: +10.4%",
      "severity": "HIGH"
    },
    {
      "quarter": "2022-06 (Q2)",
      "signal": "YoY REVENUE GROWTH ACCELERATION",
      "detail": "YoY growth: +36.3% vs prior quarter YoY: +26.1% (accel: +10.3%)",
      "severity": "MEDIUM"
    },
    {
      "quarter": "2022-06 (Q2)",
      "signal": "INCREMENTAL MARGIN (YoY)",
      "detail": "YoY Incr OPM: +49.3% vs year-ago OPM: +1.1%",
      "severity": "HIGH"
    },
    {
      "quarter": "2022-03 (Q1)",
      "signal": "FCF MARGIN EXPANSION",
      "detail": "FCF margin: +1.5% -> +49.0% (+47.5%)",
      "severity": "MEDIUM"
    },
    {
      "quarter": "2022-03 (Q1)",
      "signal": "INCREMENTAL MARGIN (YoY)",
      "detail": "YoY Incr OPM: +70.0% vs year-ago OPM: +4.7%",
      "severity": "HIGH"
    },
    {
      "quarter": "2021-09 (Q3)",
      "signal": "FCF MARGIN EXPANSION",
      "detail": "FCF margin: +8.1% -> +32.4% (+24.3%)",
      "severity": "MEDIUM"
    }
  ],
  "data_quality": {
    "n_quarters": 20,
    "coverage": {
      "revenue": [
        20,
        20
      ],
      "gross_profit": [
        20,
        20
      ],
      "op_income": [
        20,
        20
      ],
      "fcf": [
        20,
        20
      ]
    },
    "gaps": [],
    "warnings": []
  },
  "market_cap": null,
  "source": "SEC EDGAR",
  "last_updated": "2026-02-02T21:44:36.471081"
}