{
  "ticker": "MYE",
  "name": "Myers Industries, Inc.",
  "quarters": [
    {
      "date": "2020-12-31T00:00:00",
      "quarter_label": "2020-12 (Q4)",
      "revenue": 137467000,
      "gross_profit": 39837000,
      "operating_income": 4856000,
      "net_income": 2990000,
      "opex": 34981000,
      "cogs": 97630000,
      "rd": null,
      "sga": 34971000,
      "fcf": 10707000,
      "ocf": 15173000,
      "capex": -4466000,
      "gross_margin": 0.28979318672845117,
      "op_margin": 0.03532484159834724,
      "fcf_margin": 0.07788778397724545
    },
    {
      "date": "2021-03-31T00:00:00",
      "quarter_label": "2021-03 (Q1)",
      "revenue": 174429000,
      "gross_profit": 50413000,
      "operating_income": 10865000,
      "net_income": 7305000,
      "opex": 39548000,
      "cogs": 124016000,
      "rd": null,
      "sga": 39548000,
      "fcf": 1350000,
      "ocf": 6588000,
      "capex": -5238000,
      "gross_margin": 0.28901730790178237,
      "op_margin": 0.062288954244993665,
      "fcf_margin": 0.00773953872349208,
      "op_leverage_ratio": 2.0594830244578284,
      "fcf_margin_change": -0.07014824525375338
    },
    {
      "date": "2021-06-30T00:00:00",
      "quarter_label": "2021-06 (Q2)",
      "revenue": 187369000,
      "gross_profit": 54994000,
      "operating_income": 15869000,
      "net_income": 11075000,
      "opex": 39125000,
      "cogs": 132375000,
      "rd": null,
      "sga": 40121000,
      "fcf": 11731000,
      "ocf": 14713000,
      "capex": -2982000,
      "gross_margin": 0.2935063964689997,
      "op_margin": 0.08469383942914784,
      "fcf_margin": 0.06260907620791059,
      "op_leverage_ratio": Infinity,
      "fcf_margin_change": 0.05486953748441851
    },
    {
      "date": "2021-09-30T00:00:00",
      "quarter_label": "2021-09 (Q3)",
      "revenue": 200058000,
      "gross_profit": 54198000,
      "operating_income": 11817000,
      "net_income": 7903000,
      "opex": 42381000,
      "cogs": 145860000,
      "rd": null,
      "sga": 42531000,
      "fcf": -13801000,
      "ocf": -7757000,
      "capex": -6044000,
      "gross_margin": 0.2709114356836517,
      "op_margin": 0.05906787031760789,
      "fcf_margin": -0.06898499435163802,
      "op_leverage_ratio": 0.8137661352207247,
      "fcf_margin_change": -0.1315940705595486
    },
    {
      "date": "2021-12-31T00:00:00",
      "quarter_label": "2021-12 (Q4)",
      "revenue": 199579000,
      "gross_profit": 51816000,
      "operating_income": 10750000,
      "net_income": 7255000,
      "opex": 41066000,
      "cogs": 147763000,
      "rd": null,
      "sga": 41302000,
      "fcf": 27767000,
      "ocf": 31370000,
      "capex": -3603000,
      "gross_margin": 0.25962651381157337,
      "op_margin": 0.05386338241999409,
      "fcf_margin": 0.13912786415404427,
      "incr_op_margin_yoy": 0.0948930963420917,
      "rev_growth_yoy": 0.45183207606189124,
      "fcf_margin_change": 0.20811285850568229
    },
    {
      "date": "2022-03-31T00:00:00",
      "quarter_label": "2022-03 (Q1)",
      "revenue": 225486000,
      "gross_profit": 71928000,
      "operating_income": 24405000,
      "net_income": 17337000,
      "opex": 47523000,
      "cogs": 153558000,
      "rd": null,
      "sga": 47990000,
      "fcf": 2232000,
      "ocf": 7292000,
      "capex": -5060000,
      "gross_margin": 0.3189909794843139,
      "op_margin": 0.10823288363800856,
      "fcf_margin": 0.009898618982996727,
      "incr_op_margin_yoy": 0.2651938030044852,
      "rev_growth_yoy": 0.2927093545224705,
      "rev_growth_yoy_accel": -0.15912272153942075,
      "op_leverage_ratio": 0.8255699930248791,
      "fcf_margin_change": -0.12922924517104753
    },
    {
      "date": "2022-06-30T00:00:00",
      "quarter_label": "2022-06 (Q2)",
      "revenue": 233156000,
      "gross_profit": 74716000,
      "operating_income": 22617000,
      "net_income": 15831000,
      "opex": 52099000,
      "cogs": 158440000,
      "rd": null,
      "sga": 52320000,
      "fcf": 21124000,
      "ocf": 27007000,
      "capex": -5883000,
      "gross_margin": 0.32045497435193604,
      "op_margin": 0.09700372282935031,
      "fcf_margin": 0.09060028478786734,
      "incr_op_margin_yoy": 0.14737807674667483,
      "rev_growth_yoy": 0.24436806515485485,
      "rev_growth_yoy_accel": -0.04834128936761564,
      "op_leverage_ratio": 0.35325930837875036,
      "fcf_margin_change": 0.08070166580487062
    },
    {
      "date": "2022-09-30T00:00:00",
      "quarter_label": "2022-09 (Q3)",
      "revenue": 228065000,
      "gross_profit": 71648000,
      "operating_income": 19897000,
      "net_income": 13671000,
      "opex": 51751000,
      "cogs": 156417000,
      "rd": null,
      "sga": 51756000,
      "fcf": 9788000,
      "ocf": 16460000,
      "capex": -6672000,
      "gross_margin": 0.3141560520027185,
      "op_margin": 0.08724267204525026,
      "fcf_margin": 0.04291758928375682,
      "incr_op_margin_yoy": 0.2884993037454922,
      "rev_growth_yoy": 0.13999440162352916,
      "rev_growth_yoy_accel": -0.10437366353132568,
      "fcf_margin_change": -0.04768269550411052
    },
    {
      "date": "2022-12-31T00:00:00",
      "quarter_label": "2022-12 (Q4)",
      "revenue": 212840000,
      "gross_profit": 65074000,
      "operating_income": 17022000,
      "net_income": 13428000,
      "opex": 48052000,
      "cogs": 147766000,
      "rd": null,
      "sga": 47423000,
      "fcf": 15185000,
      "ocf": 21862000,
      "capex": -6677000,
      "gross_margin": 0.30574140199210675,
      "op_margin": 0.07997556850216125,
      "fcf_margin": 0.07134467205412516,
      "incr_op_margin_yoy": 0.47296583968026545,
      "rev_growth_yoy": 0.06644486644386434,
      "rev_growth_yoy_accel": -0.07354953517966482,
      "fcf_margin_change": 0.028427082770368338
    },
    {
      "date": "2023-03-31T00:00:00",
      "quarter_label": "2023-03 (Q1)",
      "revenue": 215739000,
      "gross_profit": 71065000,
      "operating_income": 18957000,
      "net_income": 12976000,
      "opex": 52108000,
      "cogs": 144674000,
      "rd": null,
      "sga": 52081000,
      "fcf": 16695000,
      "ocf": 25786000,
      "capex": -9091000,
      "gross_margin": 0.3294026578411877,
      "op_margin": 0.0878700652176936,
      "fcf_margin": 0.07738517375161653,
      "incr_op_margin_yoy": 0.5589412126808249,
      "rev_growth_yoy": -0.04322663047816716,
      "rev_growth_yoy_accel": -0.1096714969220315,
      "op_leverage_ratio": 0.1613646822700572,
      "fcf_margin_change": 0.006040501697491374
    },
    {
      "date": "2023-06-30T00:00:00",
      "quarter_label": "2023-06 (Q2)",
      "revenue": 208453000,
      "gross_profit": 68410000,
      "operating_income": 16142000,
      "net_income": 10605000,
      "opex": 52268000,
      "cogs": 140043000,
      "rd": null,
      "sga": 52351000,
      "fcf": 16727000,
      "ocf": 22852000,
      "capex": -6125000,
      "gross_margin": 0.3281794936988194,
      "op_margin": 0.0774371201182041,
      "fcf_margin": 0.08024350812893075,
      "incr_op_margin_yoy": 0.2621139132898838,
      "rev_growth_yoy": -0.10595052239702174,
      "rev_growth_yoy_accel": -0.06272389191885458,
      "fcf_margin_change": 0.0028583343773142117
    },
    {
      "date": "2023-09-30T00:00:00",
      "quarter_label": "2023-09 (Q3)",
      "revenue": 197798000,
      "gross_profit": 62379000,
      "operating_income": 18703000,
      "net_income": 12747000,
      "opex": 43676000,
      "cogs": 135419000,
      "rd": null,
      "sga": 43698000,
      "fcf": 18058000,
      "ocf": 22134000,
      "capex": -4076000,
      "gross_margin": 0.315367192792647,
      "op_margin": 0.09455606224532098,
      "fcf_margin": 0.09129515970838936,
      "incr_op_margin_yoy": 0.03944890474774507,
      "rev_growth_yoy": -0.13271216539144542,
      "rev_growth_yoy_accel": -0.026761642994423684,
      "fcf_margin_change": 0.011051651579458616
    },
    {
      "date": "2023-12-31T00:00:00",
      "quarter_label": "2023-12 (Q4)",
      "revenue": 191077000,
      "gross_profit": 57232000,
      "operating_income": 18603000,
      "net_income": 12539000,
      "opex": 38629000,
      "cogs": 133845000,
      "rd": null,
      "sga": 38746000,
      "fcf": 11837000,
      "ocf": 15400000,
      "capex": -3563000,
      "gross_margin": 0.2995232288553829,
      "op_margin": 0.09735865645786777,
      "fcf_margin": 0.06194884784667961,
      "incr_op_margin_yoy": -0.07264623443459083,
      "rev_growth_yoy": -0.10225051682014659,
      "rev_growth_yoy_accel": 0.030461648571298836,
      "fcf_margin_change": -0.029346311861709752
    },
    {
      "date": "2024-03-31T00:00:00",
      "quarter_label": "2024-03 (Q1)",
      "revenue": 207102000,
      "gross_profit": 64269000,
      "operating_income": 10879000,
      "net_income": 3503000,
      "opex": 53390000,
      "cogs": 142833000,
      "rd": null,
      "sga": 53457000,
      "fcf": 14563000,
      "ocf": 20270000,
      "capex": -5707000,
      "gross_margin": 0.310325346930498,
      "op_margin": 0.05252967136966326,
      "fcf_margin": 0.07031800755183436,
      "incr_op_margin_yoy": 0.9352784531666087,
      "rev_growth_yoy": -0.04003448611516694,
      "rev_growth_yoy_accel": 0.06221603070497965,
      "op_leverage_ratio": 0.21947613797643653,
      "fcf_margin_change": 0.008369159705154748
    },
    {
      "date": "2024-06-30T00:00:00",
      "quarter_label": "2024-06 (Q2)",
      "revenue": 220236000,
      "gross_profit": 75517000,
      "operating_income": 23728000,
      "net_income": 10279000,
      "opex": 51789000,
      "cogs": 144719000,
      "rd": null,
      "sga": 51661000,
      "fcf": 9930000,
      "ocf": 14347000,
      "capex": -4417000,
      "gross_margin": 0.3428912621006557,
      "op_margin": 0.10773897092210175,
      "fcf_margin": 0.04508799651283169,
      "incr_op_margin_yoy": 0.6438088771959602,
      "rev_growth_yoy": 0.05652593150494356,
      "rev_growth_yoy_accel": 0.0965604176201105,
      "op_leverage_ratio": Infinity,
      "fcf_margin_change": -0.025230011039002666
    },
    {
      "date": "2024-09-30T00:00:00",
      "quarter_label": "2024-09 (Q3)",
      "revenue": 205067000,
      "gross_profit": 65130000,
      "operating_income": -4764000,
      "net_income": -10878000,
      "opex": 69894000,
      "cogs": 139937000,
      "rd": null,
      "sga": 47686000,
      "fcf": 10149000,
      "ocf": 17327000,
      "capex": -7178000,
      "gross_margin": 0.3176035149487728,
      "op_margin": -0.02323143167842705,
      "fcf_margin": 0.049491141919470225,
      "incr_op_margin_yoy": -3.22836703810703,
      "rev_growth_yoy": 0.03674961324179213,
      "rev_growth_yoy_accel": -0.019776318263151432,
      "fcf_margin_change": 0.0044031454066385325
    },
    {
      "date": "2024-12-31T00:00:00",
      "quarter_label": "2024-12 (Q4)",
      "revenue": 203876000,
      "gross_profit": 65889000,
      "operating_income": 14637000,
      "net_income": 4297000,
      "opex": 51252000,
      "cogs": 137987000,
      "rd": null,
      "sga": 51304000,
      "fcf": 20215000,
      "ocf": 27348000,
      "capex": -7133000,
      "gross_margin": 0.3231817379191273,
      "op_margin": 0.07179363927092938,
      "fcf_margin": 0.09915340697286586,
      "incr_op_margin_yoy": -0.3098679584342527,
      "rev_growth_yoy": 0.06698346739795999,
      "rev_growth_yoy_accel": 0.03023385415616786,
      "fcf_margin_change": 0.04966226505339563
    },
    {
      "date": "2025-03-31T00:00:00",
      "quarter_label": "2025-03 (Q1)",
      "revenue": 206750000,
      "gross_profit": 69078000,
      "operating_income": 16650000,
      "net_income": 6805000,
      "opex": 52428000,
      "cogs": 137672000,
      "rd": null,
      "sga": 44755000,
      "fcf": 2048000,
      "ocf": 10131000,
      "capex": -8083000,
      "gross_margin": 0.3341136638452237,
      "op_margin": 0.08053204353083435,
      "fcf_margin": 0.009905683192261185,
      "rev_growth_yoy": -0.0016996455852671631,
      "rev_growth_yoy_accel": -0.06868311298322716,
      "op_leverage_ratio": 0.6143617308800347,
      "fcf_margin_change": -0.08924772378060467
    },
    {
      "date": "2025-06-30T00:00:00",
      "quarter_label": "2025-06 (Q2)",
      "revenue": 209583000,
      "gross_profit": 70662000,
      "operating_income": 19979000,
      "net_income": 9705000,
      "opex": 50683000,
      "cogs": 138921000,
      "rd": null,
      "sga": 43370000,
      "fcf": 24704000,
      "ocf": 28311000,
      "capex": -3607000,
      "gross_margin": 0.3371552081991383,
      "op_margin": 0.0953273881946532,
      "fcf_margin": 0.11787215566148018,
      "incr_op_margin_yoy": 0.35191964704777995,
      "rev_growth_yoy": -0.04837083855500463,
      "rev_growth_yoy_accel": -0.04667119296973747,
      "op_leverage_ratio": Infinity,
      "fcf_margin_change": 0.107966472469219
    },
    {
      "date": "2025-09-30T00:00:00",
      "quarter_label": "2025-09 (Q3)",
      "revenue": 205435000,
      "gross_profit": 68570000,
      "operating_income": 17689000,
      "net_income": 7088000,
      "opex": 50881000,
      "cogs": 136865000,
      "rd": null,
      "sga": 44426000,
      "fcf": 21513000,
      "ocf": 25758000,
      "capex": -4245000,
      "gross_margin": 0.33377954097403073,
      "op_margin": 0.08610509406868352,
      "fcf_margin": 0.1047192542653394,
      "rev_growth_yoy": 0.0017945354445132566,
      "rev_growth_yoy_accel": 0.05016537399951789,
      "fcf_margin_change": -0.013152901396140781
    }
  ],
  "signals": [
    {
      "quarter": "2025-09 (Q3)",
      "signal": "YoY REVENUE GROWTH ACCELERATION",
      "detail": "YoY growth: +0.2% vs prior quarter YoY: -4.8% (accel: +5.0%)",
      "severity": "MEDIUM"
    },
    {
      "quarter": "2025-09 (Q3)",
      "signal": "OP MARGIN TURNED POSITIVE (YoY)",
      "detail": "Op margin: -2.3% (year-ago) -> +8.6%",
      "severity": "HIGH"
    },
    {
      "quarter": "2025-06 (Q2)",
      "signal": "FCF MARGIN EXPANSION",
      "detail": "FCF margin: +1.0% -> +11.8% (+10.8%)",
      "severity": "MEDIUM"
    },
    {
      "quarter": "2025-06 (Q2)",
      "signal": "INCREMENTAL MARGIN (YoY)",
      "detail": "YoY Incr OPM: +35.2% vs year-ago OPM: +10.8%",
      "severity": "HIGH"
    },
    {
      "quarter": "2025-03 (Q1)",
      "signal": "YoY REVENUE GROWTH DECELERATION",
      "detail": "YoY growth: -0.2% vs prior quarter YoY: +6.7% (decel: -6.9%)",
      "severity": "WARNING"
    },
    {
      "quarter": "2024-12 (Q4)",
      "signal": "OP MARGIN TURNED POSITIVE (QoQ)",
      "detail": "Op margin: -2.3% -> +7.2%",
      "severity": "HIGH"
    },
    {
      "quarter": "2024-06 (Q2)",
      "signal": "YoY REVENUE GROWTH ACCELERATION",
      "detail": "YoY growth: +5.7% vs prior quarter YoY: -4.0% (accel: +9.7%)",
      "severity": "MEDIUM"
    },
    {
      "quarter": "2024-06 (Q2)",
      "signal": "INCREMENTAL MARGIN (YoY)",
      "detail": "YoY Incr OPM: +64.4% vs year-ago OPM: +7.7%",
      "severity": "HIGH"
    },
    {
      "quarter": "2024-03 (Q1)",
      "signal": "YoY REVENUE GROWTH ACCELERATION",
      "detail": "YoY growth: -4.0% vs prior quarter YoY: -10.2% (accel: +6.2%)",
      "severity": "MEDIUM"
    },
    {
      "quarter": "2024-03 (Q1)",
      "signal": "INCREMENTAL MARGIN (YoY)",
      "detail": "YoY Incr OPM: +93.5% vs year-ago OPM: +8.8%",
      "severity": "HIGH"
    },
    {
      "quarter": "2023-06 (Q2)",
      "signal": "YoY REVENUE GROWTH DECELERATION",
      "detail": "YoY growth: -10.6% vs prior quarter YoY: -4.3% (decel: -6.3%)",
      "severity": "WARNING"
    },
    {
      "quarter": "2023-06 (Q2)",
      "signal": "INCREMENTAL MARGIN (YoY)",
      "detail": "YoY Incr OPM: +26.2% vs year-ago OPM: +9.7%",
      "severity": "MEDIUM"
    },
    {
      "quarter": "2023-03 (Q1)",
      "signal": "GROSS MARGIN INFLECTION",
      "detail": "GM: +31.4% -> +30.6% -> +32.9% (reversal +2.4%)",
      "severity": "MEDIUM"
    },
    {
      "quarter": "2023-03 (Q1)",
      "signal": "YoY REVENUE GROWTH DECELERATION",
      "detail": "YoY growth: -4.3% vs prior quarter YoY: +6.6% (decel: -11.0%)",
      "severity": "WARNING"
    },
    {
      "quarter": "2023-03 (Q1)",
      "signal": "INCREMENTAL MARGIN (YoY)",
      "detail": "YoY Incr OPM: +55.9% vs year-ago OPM: +10.8%",
      "severity": "HIGH"
    },
    {
      "quarter": "2022-12 (Q4)",
      "signal": "YoY REVENUE GROWTH DECELERATION",
      "detail": "YoY growth: +6.6% vs prior quarter YoY: +14.0% (decel: -7.4%)",
      "severity": "WARNING"
    },
    {
      "quarter": "2022-12 (Q4)",
      "signal": "INCREMENTAL MARGIN (YoY)",
      "detail": "YoY Incr OPM: +47.3% vs year-ago OPM: +5.4%",
      "severity": "HIGH"
    },
    {
      "quarter": "2022-09 (Q3)",
      "signal": "YoY REVENUE GROWTH DECELERATION",
      "detail": "YoY growth: +14.0% vs prior quarter YoY: +24.4% (decel: -10.4%)",
      "severity": "WARNING"
    },
    {
      "quarter": "2022-09 (Q3)",
      "signal": "INCREMENTAL MARGIN (YoY)",
      "detail": "YoY Incr OPM: +28.8% vs year-ago OPM: +5.9%",
      "severity": "HIGH"
    },
    {
      "quarter": "2022-06 (Q2)",
      "signal": "FCF MARGIN EXPANSION",
      "detail": "FCF margin: +1.0% -> +9.1% (+8.1%)",
      "severity": "MEDIUM"
    },
    {
      "quarter": "2022-03 (Q1)",
      "signal": "GROSS MARGIN INFLECTION",
      "detail": "GM: +27.1% -> +26.0% -> +31.9% (reversal +5.9%)",
      "severity": "HIGH"
    },
    {
      "quarter": "2022-03 (Q1)",
      "signal": "YoY REVENUE GROWTH DECELERATION",
      "detail": "YoY growth: +29.3% vs prior quarter YoY: +45.2% (decel: -15.9%)",
      "severity": "WARNING"
    },
    {
      "quarter": "2022-03 (Q1)",
      "signal": "INCREMENTAL MARGIN (YoY)",
      "detail": "YoY Incr OPM: +26.5% vs year-ago OPM: +6.2%",
      "severity": "HIGH"
    },
    {
      "quarter": "2021-12 (Q4)",
      "signal": "FCF TURNED POSITIVE",
      "detail": "FCF margin: -6.9% -> +13.9%",
      "severity": "HIGH"
    },
    {
      "quarter": "2021-06 (Q2)",
      "signal": "FCF MARGIN EXPANSION",
      "detail": "FCF margin: +0.8% -> +6.3% (+5.5%)",
      "severity": "MEDIUM"
    },
    {
      "quarter": "2021-03 (Q1)",
      "signal": "OPERATING LEVERAGE",
      "detail": "Rev growth +26.9% vs OpEx growth +13.1% (leverage: 2.1x)",
      "severity": "MEDIUM"
    }
  ],
  "data_quality": {
    "n_quarters": 20,
    "coverage": {
      "revenue": [
        20,
        20
      ],
      "gross_profit": [
        20,
        20
      ],
      "op_income": [
        20,
        20
      ],
      "fcf": [
        20,
        20
      ]
    },
    "gaps": [],
    "warnings": []
  },
  "market_cap": null,
  "source": "SEC EDGAR",
  "last_updated": "2026-02-02T22:10:39.786089",
  "sector": "Consumer Cyclical",
  "industry": "Packaging & Containers"
}