{
  "ticker": "MYO",
  "name": "MYOMO, INC.",
  "quarters": [
    {
      "date": "2020-12-31T00:00:00",
      "quarter_label": "2020-12 (Q4)",
      "revenue": 3789976,
      "gross_profit": 2782452,
      "operating_income": -1686611,
      "net_income": -1698413,
      "opex": 4469063,
      "cogs": 1007524,
      "rd": 418758,
      "sga": 4050305,
      "fcf": -1169538,
      "ocf": -1154080,
      "capex": -15458,
      "gross_margin": 0.7341608495673851,
      "op_margin": -0.4450189130485259,
      "fcf_margin": -0.3085871783884647
    },
    {
      "date": "2021-03-31T00:00:00",
      "quarter_label": "2021-03 (Q1)",
      "revenue": 2336489,
      "gross_profit": 1713337,
      "operating_income": -2932432,
      "net_income": -2960794,
      "opex": 4645769,
      "cogs": 623152,
      "rd": 525967,
      "sga": 4119802,
      "fcf": -2157197,
      "ocf": -2112708,
      "capex": -44489,
      "gross_margin": 0.7332955558532482,
      "op_margin": -1.2550591935164257,
      "fcf_margin": -0.923264350912844,
      "fcf_margin_change": -0.6146771725243793
    },
    {
      "date": "2021-06-30T00:00:00",
      "quarter_label": "2021-06 (Q2)",
      "revenue": 3104294,
      "gross_profit": 2202728,
      "operating_income": -2599632,
      "net_income": -2621315,
      "opex": 4802360,
      "cogs": 901566,
      "rd": 600116,
      "sga": 4202244,
      "fcf": -3599961,
      "ocf": -3396806,
      "capex": -203155,
      "gross_margin": 0.7095745441636649,
      "op_margin": -0.8374309907502318,
      "fcf_margin": -1.1596714099888734,
      "op_leverage_ratio": 9.74940270092012,
      "fcf_margin_change": -0.23640705907602944
    },
    {
      "date": "2021-09-30T00:00:00",
      "quarter_label": "2021-09 (Q3)",
      "revenue": 4383957,
      "gross_profit": 3273753,
      "operating_income": -2030271,
      "net_income": -2057022,
      "opex": 5304024,
      "cogs": 1110204,
      "rd": 641228,
      "sga": 4662796,
      "fcf": -2264531,
      "ocf": -2209648,
      "capex": -54883,
      "gross_margin": 0.7467575525946081,
      "op_margin": -0.4631138033516296,
      "fcf_margin": -0.5165495464485623,
      "op_leverage_ratio": 3.946158671589992,
      "fcf_margin_change": 0.6431218635403111
    },
    {
      "date": "2021-12-31T00:00:00",
      "quarter_label": "2021-12 (Q4)",
      "revenue": 4031634,
      "gross_profit": 3122459,
      "operating_income": -2705731,
      "net_income": -2733198,
      "opex": 5828190,
      "cogs": 909175,
      "rd": 787628,
      "sga": 5040562,
      "fcf": -1852468,
      "ocf": -1828533,
      "capex": -23935,
      "gross_margin": 0.7744896982216144,
      "op_margin": -0.6711251566982519,
      "fcf_margin": -0.4594831772923832,
      "rev_growth_yoy": 0.06376240904955599,
      "fcf_margin_change": 0.05706636915617913
    },
    {
      "date": "2022-03-31T00:00:00",
      "quarter_label": "2022-03 (Q1)",
      "revenue": 3867926,
      "gross_profit": 2578064,
      "operating_income": -2737889,
      "net_income": -2814934,
      "opex": 5315953,
      "cogs": 1289862,
      "rd": 659536,
      "sga": 4656417,
      "fcf": -2372479,
      "ocf": -2322600,
      "capex": -49879,
      "gross_margin": 0.6665236098105289,
      "op_margin": -0.7078442038446444,
      "fcf_margin": -0.6133723861314824,
      "incr_op_margin_yoy": 0.1270329762177615,
      "rev_growth_yoy": 0.6554437020675038,
      "rev_growth_yoy_accel": 0.5916812930179478,
      "fcf_margin_change": -0.15388920883909918
    },
    {
      "date": "2022-06-30T00:00:00",
      "quarter_label": "2022-06 (Q2)",
      "revenue": 3677575,
      "gross_profit": 2410637,
      "operating_income": -2886323,
      "net_income": -2908922,
      "opex": 5296960,
      "cogs": 1266938,
      "rd": 632872,
      "sga": 4664088,
      "fcf": -2700790,
      "ocf": -2647997,
      "capex": -52793,
      "gross_margin": 0.6554963528955902,
      "op_margin": -0.7848440888357138,
      "fcf_margin": -0.7343942679619042,
      "rev_growth_yoy": 0.1846735521828796,
      "rev_growth_yoy_accel": -0.4707701498846242,
      "fcf_margin_change": -0.12102188183042184
    },
    {
      "date": "2022-09-30T00:00:00",
      "quarter_label": "2022-09 (Q3)",
      "revenue": 3968201,
      "gross_profit": 2636984,
      "operating_income": -2818641,
      "net_income": -2829716,
      "opex": 5455625,
      "cogs": 1331217,
      "rd": 690407,
      "sga": 4765218,
      "fcf": -2804460,
      "ocf": -2798724,
      "capex": -5736,
      "gross_margin": 0.6645288381309313,
      "op_margin": -0.7103070131780119,
      "fcf_margin": -0.7067333534768022,
      "rev_growth_yoy": -0.09483578420135051,
      "rev_growth_yoy_accel": -0.2795093363842301,
      "op_leverage_ratio": 2.638265409627844,
      "fcf_margin_change": 0.027660914485101995
    },
    {
      "date": "2022-12-31T00:00:00",
      "quarter_label": "2022-12 (Q4)",
      "revenue": 4041527,
      "gross_profit": 2627611,
      "operating_income": -2229351,
      "net_income": -2167450,
      "opex": 4856962,
      "cogs": 1413916,
      "rd": 499674,
      "sga": 4357288,
      "fcf": -2467606,
      "ocf": -2464221,
      "capex": -3385,
      "gross_margin": 0.6501530238447003,
      "op_margin": -0.55161106185855,
      "fcf_margin": -0.6105627897574357,
      "rev_growth_yoy": 0.0024538437764936006,
      "rev_growth_yoy_accel": 0.09728962797784411,
      "op_leverage_ratio": Infinity,
      "fcf_margin_change": 0.0961705637193665
    },
    {
      "date": "2023-03-31T00:00:00",
      "quarter_label": "2023-03 (Q1)",
      "revenue": 3446708,
      "gross_profit": 2307634,
      "operating_income": -2670965,
      "net_income": -2644295,
      "opex": 4978599,
      "cogs": 1139074,
      "rd": 476991,
      "sga": 4501608,
      "fcf": -1861775,
      "ocf": -1816690,
      "capex": -45085,
      "gross_margin": 0.6695182765699909,
      "op_margin": -0.774932196170955,
      "fcf_margin": -0.5401603501079871,
      "rev_growth_yoy": -0.10890022197942774,
      "rev_growth_yoy_accel": -0.11135406575592134,
      "fcf_margin_change": 0.07040243964944859
    },
    {
      "date": "2023-06-30T00:00:00",
      "quarter_label": "2023-06 (Q2)",
      "revenue": 5958544,
      "gross_profit": 4281056,
      "operating_income": -1103006,
      "net_income": -1014150,
      "opex": 5384062,
      "cogs": 1677488,
      "rd": 564235,
      "sga": 4819827,
      "fcf": -300496,
      "ocf": -285523,
      "capex": -14973,
      "gross_margin": 0.7184735062793863,
      "op_margin": -0.18511334312543468,
      "fcf_margin": -0.05043111203005298,
      "incr_op_margin_yoy": 0.7818243036183307,
      "rev_growth_yoy": 0.6202372487304814,
      "rev_growth_yoy_accel": 0.7291374707099091,
      "op_leverage_ratio": 8.948344726023647,
      "fcf_margin_change": 0.48972923807793417
    },
    {
      "date": "2023-09-30T00:00:00",
      "quarter_label": "2023-09 (Q3)",
      "revenue": 5079523,
      "gross_profit": 3488848,
      "operating_income": -2024369,
      "net_income": -2029016,
      "opex": 5513217,
      "cogs": 1590675,
      "rd": 717256,
      "sga": 4795961,
      "fcf": -1768900,
      "ocf": -1714807,
      "capex": -54093,
      "gross_margin": 0.6868455955411561,
      "op_margin": -0.3985352561648013,
      "fcf_margin": -0.3482413604584525,
      "incr_op_margin_yoy": 0.7147091482036709,
      "rev_growth_yoy": 0.2800568821992636,
      "rev_growth_yoy_accel": -0.34018036653121775,
      "fcf_margin_change": -0.29781024842839954
    },
    {
      "date": "2023-12-31T00:00:00",
      "quarter_label": "2023-12 (Q4)",
      "revenue": 4756383,
      "gross_profit": 3104878,
      "operating_income": -2433177,
      "net_income": -2460104,
      "opex": 5538055,
      "cogs": 1651506,
      "rd": 878006,
      "sga": 4660048,
      "fcf": -2387409,
      "ocf": -2355744,
      "capex": -31665,
      "gross_margin": 0.6527813256417744,
      "op_margin": -0.5115603600466994,
      "fcf_margin": -0.5019379221563949,
      "rev_growth_yoy": 0.1768776999386618,
      "rev_growth_yoy_accel": -0.10317918226060183,
      "fcf_margin_change": -0.15369656169794238
    },
    {
      "date": "2024-03-31T00:00:00",
      "quarter_label": "2024-03 (Q1)",
      "revenue": 3754389,
      "gross_profit": 2299044,
      "operating_income": -3888767,
      "net_income": -3835632,
      "opex": 6187811,
      "cogs": 1455345,
      "rd": 956215,
      "sga": null,
      "fcf": -3305372,
      "ocf": -3245564,
      "capex": -59808,
      "gross_margin": 0.6123616918758286,
      "op_margin": -1.0357922420931875,
      "fcf_margin": -0.8804021107029666,
      "rev_growth_yoy": 0.08926807840989141,
      "rev_growth_yoy_accel": -0.08760962152877037,
      "fcf_margin_change": -0.3784641885465717
    },
    {
      "date": "2024-06-30T00:00:00",
      "quarter_label": "2024-06 (Q2)",
      "revenue": 7520767,
      "gross_profit": 5325512,
      "operating_income": -1115064,
      "net_income": -1121607,
      "opex": 6440576,
      "cogs": 2195255,
      "rd": 1007224,
      "sga": null,
      "fcf": -2035289,
      "ocf": -1915924,
      "capex": -119365,
      "gross_margin": 0.7081075640290412,
      "op_margin": -0.14826466502685165,
      "fcf_margin": -0.2706225309200511,
      "incr_op_margin_yoy": -0.007718488333611783,
      "rev_growth_yoy": 0.26218200285170334,
      "rev_growth_yoy_accel": 0.17291392444181192,
      "op_leverage_ratio": 24.55866404571184,
      "fcf_margin_change": 0.6097795797829155
    },
    {
      "date": "2024-09-30T00:00:00",
      "quarter_label": "2024-09 (Q3)",
      "revenue": 9207586,
      "gross_profit": 6945555,
      "operating_income": -957553,
      "net_income": -966409,
      "opex": 7903108,
      "cogs": 2262031,
      "rd": 1248870,
      "sga": null,
      "fcf": -1814848,
      "ocf": -1494144,
      "capex": -320704,
      "gross_margin": 0.7543296364541151,
      "op_margin": -0.10399609626236453,
      "fcf_margin": -0.19710356221489542,
      "incr_op_margin_yoy": 0.2584301644621218,
      "rev_growth_yoy": 0.8126871361740069,
      "rev_growth_yoy_accel": 0.5505051333223036,
      "op_leverage_ratio": 0.9877014294687789,
      "fcf_margin_change": 0.0735189687051557
    },
    {
      "date": "2024-12-31T00:00:00",
      "quarter_label": "2024-12 (Q4)",
      "revenue": 12068457,
      "gross_profit": 8615233,
      "operating_income": -245314,
      "net_income": -260081,
      "opex": 8860547,
      "cogs": 3453224,
      "rd": 1559704,
      "sga": null,
      "fcf": 2505480,
      "ocf": 3365728,
      "capex": -860248,
      "gross_margin": 0.7138636695643858,
      "op_margin": -0.020326873601157133,
      "fcf_margin": 0.20760566160197613,
      "incr_op_margin_yoy": 0.29921237120959115,
      "rev_growth_yoy": 1.5373181680281003,
      "rev_growth_yoy_accel": 0.7246310318540934,
      "op_leverage_ratio": 2.5647160782904477,
      "fcf_margin_change": 0.4047092238168716
    },
    {
      "date": "2025-03-31T00:00:00",
      "quarter_label": "2025-03 (Q1)",
      "revenue": 9831814,
      "gross_profit": 6609630,
      "operating_income": -3520254,
      "net_income": -3465058,
      "opex": 10129884,
      "cogs": 3222184,
      "rd": 1790024,
      "sga": null,
      "fcf": -3347587,
      "ocf": -2676899,
      "capex": -670688,
      "gross_margin": 0.6722696340675282,
      "op_margin": -0.35804725353836026,
      "fcf_margin": -0.34048518411760026,
      "incr_op_margin_yoy": 0.060636371489570004,
      "rev_growth_yoy": 1.6187520792331322,
      "rev_growth_yoy_accel": 0.08143391120503196,
      "fcf_margin_change": -0.5480908457195763
    },
    {
      "date": "2025-06-30T00:00:00",
      "quarter_label": "2025-06 (Q2)",
      "revenue": 9652234,
      "gross_profit": 6052173,
      "operating_income": -4590320,
      "net_income": -4631972,
      "opex": 10642493,
      "cogs": 3600061,
      "rd": 2001331,
      "sga": null,
      "fcf": -10122624,
      "ocf": -8865276,
      "capex": -1257348,
      "gross_margin": 0.627023029072855,
      "op_margin": -0.47557073315876924,
      "fcf_margin": -1.0487337957202447,
      "incr_op_margin_yoy": -1.6304526413029148,
      "rev_growth_yoy": 0.2834108542386701,
      "rev_growth_yoy_accel": -1.3353412249944623,
      "fcf_margin_change": -0.7082486116026445
    },
    {
      "date": "2025-09-30T00:00:00",
      "quarter_label": "2025-09 (Q3)",
      "revenue": 10090699,
      "gross_profit": 6442248,
      "operating_income": -3517514,
      "net_income": -3662915,
      "opex": 9959762,
      "cogs": 3648451,
      "rd": 1527660,
      "sga": null,
      "fcf": -2881636,
      "ocf": -1828780,
      "capex": -1052856,
      "gross_margin": 0.6384342650593383,
      "op_margin": -0.34858972604375577,
      "fcf_margin": -0.28557347711987047,
      "rev_growth_yoy": 0.09591145822585855,
      "rev_growth_yoy_accel": -0.18749939601281151,
      "op_leverage_ratio": Infinity,
      "fcf_margin_change": 0.7631603186003743
    }
  ],
  "signals": [
    {
      "quarter": "2025-09 (Q3)",
      "signal": "FCF MARGIN EXPANSION",
      "detail": "FCF margin: -104.9% -> -28.6% (+76.3%)",
      "severity": "MEDIUM"
    },
    {
      "quarter": "2025-09 (Q3)",
      "signal": "YoY REVENUE GROWTH DECELERATION",
      "detail": "YoY growth: +9.6% vs prior quarter YoY: +28.3% (decel: -18.7%)",
      "severity": "WARNING"
    },
    {
      "quarter": "2025-06 (Q2)",
      "signal": "YoY REVENUE GROWTH DECELERATION",
      "detail": "YoY growth: +28.3% vs prior quarter YoY: +161.9% (decel: -133.5%)",
      "severity": "WARNING"
    },
    {
      "quarter": "2025-03 (Q1)",
      "signal": "YoY REVENUE GROWTH ACCELERATION",
      "detail": "YoY growth: +161.9% vs prior quarter YoY: +153.7% (accel: +8.1%)",
      "severity": "MEDIUM"
    },
    {
      "quarter": "2024-12 (Q4)",
      "signal": "FCF TURNED POSITIVE",
      "detail": "FCF margin: -19.7% -> +20.8%",
      "severity": "HIGH"
    },
    {
      "quarter": "2024-12 (Q4)",
      "signal": "OPERATING LEVERAGE",
      "detail": "Rev growth +31.1% vs OpEx growth +12.1% (leverage: 2.6x)",
      "severity": "MEDIUM"
    },
    {
      "quarter": "2024-12 (Q4)",
      "signal": "YoY REVENUE GROWTH ACCELERATION",
      "detail": "YoY growth: +153.7% vs prior quarter YoY: +81.3% (accel: +72.5%)",
      "severity": "HIGH"
    },
    {
      "quarter": "2024-09 (Q3)",
      "signal": "FCF MARGIN EXPANSION",
      "detail": "FCF margin: -27.1% -> -19.7% (+7.4%)",
      "severity": "MEDIUM"
    },
    {
      "quarter": "2024-09 (Q3)",
      "signal": "YoY REVENUE GROWTH ACCELERATION",
      "detail": "YoY growth: +81.3% vs prior quarter YoY: +26.2% (accel: +55.1%)",
      "severity": "HIGH"
    },
    {
      "quarter": "2024-06 (Q2)",
      "signal": "FCF MARGIN EXPANSION",
      "detail": "FCF margin: -88.0% -> -27.1% (+61.0%)",
      "severity": "MEDIUM"
    },
    {
      "quarter": "2024-06 (Q2)",
      "signal": "OPERATING LEVERAGE",
      "detail": "Rev growth +100.3% vs OpEx growth +4.1% (leverage: 24.6x)",
      "severity": "MEDIUM"
    },
    {
      "quarter": "2024-06 (Q2)",
      "signal": "GROSS MARGIN INFLECTION",
      "detail": "GM: +65.3% -> +61.2% -> +70.8% (reversal +9.6%)",
      "severity": "HIGH"
    },
    {
      "quarter": "2024-06 (Q2)",
      "signal": "YoY REVENUE GROWTH ACCELERATION",
      "detail": "YoY growth: +26.2% vs prior quarter YoY: +8.9% (accel: +17.3%)",
      "severity": "HIGH"
    },
    {
      "quarter": "2024-03 (Q1)",
      "signal": "YoY REVENUE GROWTH DECELERATION",
      "detail": "YoY growth: +8.9% vs prior quarter YoY: +17.7% (decel: -8.8%)",
      "severity": "WARNING"
    },
    {
      "quarter": "2023-12 (Q4)",
      "signal": "YoY REVENUE GROWTH DECELERATION",
      "detail": "YoY growth: +17.7% vs prior quarter YoY: +28.0% (decel: -10.3%)",
      "severity": "WARNING"
    },
    {
      "quarter": "2023-09 (Q3)",
      "signal": "YoY REVENUE GROWTH DECELERATION",
      "detail": "YoY growth: +28.0% vs prior quarter YoY: +62.0% (decel: -34.0%)",
      "severity": "WARNING"
    },
    {
      "quarter": "2023-06 (Q2)",
      "signal": "FCF MARGIN EXPANSION",
      "detail": "FCF margin: -54.0% -> -5.0% (+49.0%)",
      "severity": "MEDIUM"
    },
    {
      "quarter": "2023-06 (Q2)",
      "signal": "OPERATING LEVERAGE",
      "detail": "Rev growth +72.9% vs OpEx growth +8.1% (leverage: 8.9x)",
      "severity": "MEDIUM"
    },
    {
      "quarter": "2023-06 (Q2)",
      "signal": "YoY REVENUE GROWTH ACCELERATION",
      "detail": "YoY growth: +62.0% vs prior quarter YoY: -10.9% (accel: +72.9%)",
      "severity": "HIGH"
    },
    {
      "quarter": "2023-03 (Q1)",
      "signal": "FCF MARGIN EXPANSION",
      "detail": "FCF margin: -61.1% -> -54.0% (+7.0%)",
      "severity": "MEDIUM"
    },
    {
      "quarter": "2023-03 (Q1)",
      "signal": "YoY REVENUE GROWTH DECELERATION",
      "detail": "YoY growth: -10.9% vs prior quarter YoY: +0.2% (decel: -11.1%)",
      "severity": "WARNING"
    },
    {
      "quarter": "2022-12 (Q4)",
      "signal": "FCF MARGIN EXPANSION",
      "detail": "FCF margin: -70.7% -> -61.1% (+9.6%)",
      "severity": "MEDIUM"
    },
    {
      "quarter": "2022-12 (Q4)",
      "signal": "YoY REVENUE GROWTH ACCELERATION",
      "detail": "YoY growth: +0.2% vs prior quarter YoY: -9.5% (accel: +9.7%)",
      "severity": "MEDIUM"
    },
    {
      "quarter": "2022-09 (Q3)",
      "signal": "OPERATING LEVERAGE",
      "detail": "Rev growth +7.9% vs OpEx growth +3.0% (leverage: 2.6x)",
      "severity": "MEDIUM"
    },
    {
      "quarter": "2022-09 (Q3)",
      "signal": "YoY REVENUE GROWTH DECELERATION",
      "detail": "YoY growth: -9.5% vs prior quarter YoY: +18.5% (decel: -28.0%)",
      "severity": "WARNING"
    },
    {
      "quarter": "2022-06 (Q2)",
      "signal": "YoY REVENUE GROWTH DECELERATION",
      "detail": "YoY growth: +18.5% vs prior quarter YoY: +65.5% (decel: -47.1%)",
      "severity": "WARNING"
    },
    {
      "quarter": "2022-03 (Q1)",
      "signal": "YoY REVENUE GROWTH ACCELERATION",
      "detail": "YoY growth: +65.5% vs prior quarter YoY: +6.4% (accel: +59.2%)",
      "severity": "HIGH"
    },
    {
      "quarter": "2021-12 (Q4)",
      "signal": "FCF MARGIN EXPANSION",
      "detail": "FCF margin: -51.7% -> -45.9% (+5.7%)",
      "severity": "MEDIUM"
    },
    {
      "quarter": "2021-09 (Q3)",
      "signal": "FCF MARGIN EXPANSION",
      "detail": "FCF margin: -116.0% -> -51.7% (+64.3%)",
      "severity": "MEDIUM"
    },
    {
      "quarter": "2021-09 (Q3)",
      "signal": "OPERATING LEVERAGE",
      "detail": "Rev growth +41.2% vs OpEx growth +10.4% (leverage: 3.9x)",
      "severity": "MEDIUM"
    },
    {
      "quarter": "2021-09 (Q3)",
      "signal": "GROSS MARGIN INFLECTION",
      "detail": "GM: +73.3% -> +71.0% -> +74.7% (reversal +3.7%)",
      "severity": "MEDIUM"
    },
    {
      "quarter": "2021-06 (Q2)",
      "signal": "OPERATING LEVERAGE",
      "detail": "Rev growth +32.9% vs OpEx growth +3.4% (leverage: 9.7x)",
      "severity": "MEDIUM"
    }
  ],
  "data_quality": {
    "n_quarters": 20,
    "coverage": {
      "revenue": [
        20,
        20
      ],
      "gross_profit": [
        20,
        20
      ],
      "op_income": [
        20,
        20
      ],
      "fcf": [
        20,
        20
      ]
    },
    "gaps": [],
    "warnings": []
  },
  "market_cap": null,
  "source": "SEC EDGAR",
  "last_updated": "2026-02-02T23:47:30.917599",
  "sector": "Healthcare",
  "industry": "Medical Devices"
}