{
  "ticker": "MYPS",
  "name": "PLAYSTUDIOS, Inc.",
  "quarters": [
    {
      "date": "2020-12-31T00:00:00",
      "quarter_label": "2020-12 (Q4)",
      "revenue": 63999000,
      "gross_profit": 42729000,
      "operating_income": -17873000,
      "net_income": -10764000,
      "opex": 81872000,
      "cogs": 21270000,
      "rd": 15754000,
      "sga": null,
      "fcf": 14293000,
      "ocf": 14683000,
      "capex": -390000,
      "gross_margin": 0.6676510570477664,
      "op_margin": -0.27926998859357177,
      "fcf_margin": 0.22333161455647743
    },
    {
      "date": "2021-03-31T00:00:00",
      "quarter_label": "2021-03 (Q1)",
      "revenue": 74097000,
      "gross_profit": 49609000,
      "operating_income": -899486,
      "net_income": 6258699,
      "opex": 66547000,
      "cogs": 24488000,
      "rd": 14746000,
      "sga": null,
      "fcf": 4601000,
      "ocf": 4798000,
      "capex": -197000,
      "gross_margin": 0.6695142853286907,
      "op_margin": -0.012139303885447454,
      "fcf_margin": 0.06209428181977678,
      "op_leverage_ratio": Infinity,
      "fcf_margin_change": -0.16123733273670066
    },
    {
      "date": "2021-06-30T00:00:00",
      "quarter_label": "2021-06 (Q2)",
      "revenue": 70822000,
      "gross_profit": 47790000,
      "operating_income": -12989000,
      "net_income": -7035000,
      "opex": 83811000,
      "cogs": 23032000,
      "rd": 17296000,
      "sga": null,
      "fcf": 10045000,
      "ocf": 10339000,
      "capex": -294000,
      "gross_margin": 0.6747903193922792,
      "op_margin": -0.18340346220101097,
      "fcf_margin": 0.14183445821919743,
      "fcf_margin_change": 0.07974017639942066
    },
    {
      "date": "2021-09-30T00:00:00",
      "quarter_label": "2021-09 (Q3)",
      "revenue": 70571000,
      "gross_profit": 48289000,
      "operating_income": -799000,
      "net_income": 11236000,
      "opex": 71370000,
      "cogs": 22282000,
      "rd": 14509000,
      "sga": null,
      "fcf": 4876000,
      "ocf": 5626000,
      "capex": -750000,
      "gross_margin": 0.6842612404528773,
      "op_margin": -0.011321931104844767,
      "fcf_margin": 0.06909353700528546,
      "fcf_margin_change": -0.07274092121391197
    },
    {
      "date": "2021-12-31T00:00:00",
      "quarter_label": "2021-12 (Q4)",
      "revenue": 71929000,
      "gross_profit": 50089000,
      "operating_income": 3248000,
      "net_income": 618000,
      "opex": 68681000,
      "cogs": 21840000,
      "rd": 14792000,
      "sga": null,
      "fcf": 12344000,
      "ocf": 13113000,
      "capex": -769000,
      "gross_margin": 0.6963672510392193,
      "op_margin": 0.04515563958903919,
      "fcf_margin": 0.17161367459578195,
      "incr_op_margin_yoy": 2.6634300126103403,
      "rev_growth_yoy": 0.12390818606540727,
      "op_leverage_ratio": Infinity,
      "fcf_margin_change": 0.10252013759049648
    },
    {
      "date": "2022-03-31T00:00:00",
      "quarter_label": "2022-03 (Q1)",
      "revenue": 70451000,
      "gross_profit": 49418000,
      "operating_income": -14843000,
      "net_income": -25212000,
      "opex": 85294000,
      "cogs": 21033000,
      "rd": 16981000,
      "sga": null,
      "fcf": 9649000,
      "ocf": 11585000,
      "capex": -1936000,
      "gross_margin": 0.7014520730720643,
      "op_margin": -0.21068544094477012,
      "fcf_margin": 0.13696044058991355,
      "incr_op_margin_yoy": 3.8243318705430607,
      "rev_growth_yoy": -0.04920577081393309,
      "rev_growth_yoy_accel": -0.17311395687934036,
      "fcf_margin_change": -0.034653234005868394
    },
    {
      "date": "2022-06-30T00:00:00",
      "quarter_label": "2022-06 (Q2)",
      "revenue": 68353000,
      "gross_profit": 47432000,
      "operating_income": -5598000,
      "net_income": 5503000,
      "opex": 73951000,
      "cogs": 20921000,
      "rd": 14470000,
      "sga": null,
      "fcf": 7265000,
      "ocf": 9357000,
      "capex": -2092000,
      "gross_margin": 0.6939271136599711,
      "op_margin": -0.08189838046610975,
      "fcf_margin": 0.10628648340233786,
      "incr_op_margin_yoy": -2.993519643580397,
      "rev_growth_yoy": -0.034862048515997855,
      "rev_growth_yoy_accel": 0.014343722297935235,
      "fcf_margin_change": -0.030673957187575693
    },
    {
      "date": "2022-09-30T00:00:00",
      "quarter_label": "2022-09 (Q3)",
      "revenue": 72127000,
      "gross_profit": 50424000,
      "operating_income": -3178000,
      "net_income": 3629000,
      "opex": 75305000,
      "cogs": 21703000,
      "rd": 15110000,
      "sga": null,
      "fcf": 3465000,
      "ocf": 10289000,
      "capex": -6824000,
      "gross_margin": 0.6991001982614,
      "op_margin": -0.04406116988090451,
      "fcf_margin": 0.04804026231508312,
      "incr_op_margin_yoy": -1.5289203084832905,
      "rev_growth_yoy": 0.022048716895041873,
      "rev_growth_yoy_accel": 0.05691076541103973,
      "op_leverage_ratio": 3.015571999910708,
      "fcf_margin_change": -0.05824622108725474
    },
    {
      "date": "2022-12-31T00:00:00",
      "quarter_label": "2022-12 (Q4)",
      "revenue": 79378000,
      "gross_profit": 57635000,
      "operating_income": -4462000,
      "net_income": -1703000,
      "opex": 83840000,
      "cogs": 21743000,
      "rd": 16754000,
      "sga": null,
      "fcf": 1026000,
      "ocf": 2153000,
      "capex": -1127000,
      "gross_margin": 0.7260827937211822,
      "op_margin": -0.056212048678475145,
      "fcf_margin": 0.01292549572929527,
      "incr_op_margin_yoy": -1.0350382601691501,
      "rev_growth_yoy": 0.10356045544912344,
      "rev_growth_yoy_accel": 0.08151173855408157,
      "op_leverage_ratio": 0.8869932680499636,
      "fcf_margin_change": -0.03511476658578785
    },
    {
      "date": "2023-03-31T00:00:00",
      "quarter_label": "2023-03 (Q1)",
      "revenue": 80123000,
      "gross_profit": 60596000,
      "operating_income": -2207000,
      "net_income": -2570000,
      "opex": 82330000,
      "cogs": 19527000,
      "rd": 17755000,
      "sga": null,
      "fcf": 2654000,
      "ocf": 4503000,
      "capex": -1849000,
      "gross_margin": 0.7562872084170588,
      "op_margin": -0.027545149332900667,
      "fcf_margin": 0.03312407173970021,
      "incr_op_margin_yoy": 1.3064516129032258,
      "rev_growth_yoy": 0.13728690863153115,
      "rev_growth_yoy_accel": 0.033726453182407704,
      "fcf_margin_change": 0.020198576010404937
    },
    {
      "date": "2023-06-30T00:00:00",
      "quarter_label": "2023-06 (Q2)",
      "revenue": 77793000,
      "gross_profit": 58906000,
      "operating_income": -1846000,
      "net_income": -759000,
      "opex": 79639000,
      "cogs": 18887000,
      "rd": 18381000,
      "sga": null,
      "fcf": 18402000,
      "ocf": 19378000,
      "capex": -976000,
      "gross_margin": 0.757214659416657,
      "op_margin": -0.023729641484452328,
      "fcf_margin": 0.23655084647718946,
      "incr_op_margin_yoy": 0.3974576271186441,
      "rev_growth_yoy": 0.1381065937120536,
      "rev_growth_yoy_accel": 0.0008196850805224642,
      "fcf_margin_change": 0.20342677473748927
    },
    {
      "date": "2023-09-30T00:00:00",
      "quarter_label": "2023-09 (Q3)",
      "revenue": 75858000,
      "gross_profit": 55996000,
      "operating_income": -3721000,
      "net_income": 3800000,
      "opex": 79579000,
      "cogs": 19862000,
      "rd": 17367000,
      "sga": null,
      "fcf": 10226000,
      "ocf": 12515000,
      "capex": -2289000,
      "gross_margin": 0.7381686835930291,
      "op_margin": -0.049052176434917875,
      "fcf_margin": 0.13480450315062353,
      "incr_op_margin_yoy": -0.14553738943982847,
      "rev_growth_yoy": 0.05172820164432182,
      "rev_growth_yoy_accel": -0.08637839206773179,
      "fcf_margin_change": -0.10174634332656593
    },
    {
      "date": "2023-12-31T00:00:00",
      "quarter_label": "2023-12 (Q4)",
      "revenue": 77112000,
      "gross_profit": 57588000,
      "operating_income": -2713000,
      "net_income": -19864000,
      "opex": 79825000,
      "cogs": 19524000,
      "rd": 16795000,
      "sga": null,
      "fcf": 14107000,
      "ocf": 15328000,
      "capex": -1221000,
      "gross_margin": 0.7468098350451292,
      "op_margin": -0.03518259155514057,
      "fcf_margin": 0.18294169519659717,
      "incr_op_margin_yoy": -0.7718446601941747,
      "rev_growth_yoy": -0.028546952556123863,
      "rev_growth_yoy_accel": -0.08027515420044568,
      "op_leverage_ratio": 5.347607435973117,
      "fcf_margin_change": 0.04813719204597364
    },
    {
      "date": "2024-03-31T00:00:00",
      "quarter_label": "2024-03 (Q1)",
      "revenue": 77828000,
      "gross_profit": 58877000,
      "operating_income": -1703000,
      "net_income": -567000,
      "opex": 79531000,
      "cogs": 18951000,
      "rd": 18021000,
      "sga": null,
      "fcf": 3555000,
      "ocf": 4998000,
      "capex": -1443000,
      "gross_margin": 0.7565015161638485,
      "op_margin": -0.021881585033663976,
      "fcf_margin": 0.04567764814719638,
      "incr_op_margin_yoy": -0.2196078431372549,
      "rev_growth_yoy": -0.028643460679205722,
      "rev_growth_yoy_accel": -9.65081230818593e-05,
      "fcf_margin_change": -0.1372640470494008
    },
    {
      "date": "2024-06-30T00:00:00",
      "quarter_label": "2024-06 (Q2)",
      "revenue": 72590000,
      "gross_profit": 54522000,
      "operating_income": -3963000,
      "net_income": -2611000,
      "opex": 76553000,
      "cogs": 18068000,
      "rd": 16743000,
      "sga": null,
      "fcf": 12795000,
      "ocf": 14533000,
      "capex": -1738000,
      "gross_margin": 0.7510951921752308,
      "op_margin": -0.05459429673508748,
      "fcf_margin": 0.1762639482022317,
      "incr_op_margin_yoy": 0.40688064578128,
      "rev_growth_yoy": -0.06688262440065301,
      "rev_growth_yoy_accel": -0.03823916372144729,
      "fcf_margin_change": 0.13058630005503533
    },
    {
      "date": "2024-09-30T00:00:00",
      "quarter_label": "2024-09 (Q3)",
      "revenue": 71229000,
      "gross_profit": 53397000,
      "operating_income": -4778000,
      "net_income": -3097000,
      "opex": 76007000,
      "cogs": 17832000,
      "rd": 16654000,
      "sga": null,
      "fcf": 13949000,
      "ocf": 14593000,
      "capex": -644000,
      "gross_margin": 0.7496525291664912,
      "op_margin": -0.06707941989919836,
      "fcf_margin": 0.1958331578430134,
      "incr_op_margin_yoy": 0.22834305465543314,
      "rev_growth_yoy": -0.06102190935695642,
      "rev_growth_yoy_accel": 0.0058607150436965905,
      "fcf_margin_change": 0.019569209640781682
    },
    {
      "date": "2024-12-31T00:00:00",
      "quarter_label": "2024-12 (Q4)",
      "revenue": 67782000,
      "gross_profit": 49917000,
      "operating_income": -22420000,
      "net_income": -22412000,
      "opex": 90202000,
      "cogs": 17865000,
      "rd": 16265000,
      "sga": null,
      "fcf": 11461000,
      "ocf": 11616000,
      "capex": -155000,
      "gross_margin": 0.7364344516243251,
      "op_margin": -0.33076628013336873,
      "fcf_margin": 0.16908618807352985,
      "incr_op_margin_yoy": 2.112218649517685,
      "rev_growth_yoy": -0.12099284158107687,
      "rev_growth_yoy_accel": -0.05997093222412045,
      "fcf_margin_change": -0.026746969769483542
    },
    {
      "date": "2025-03-31T00:00:00",
      "quarter_label": "2025-03 (Q1)",
      "revenue": 62709000,
      "gross_profit": 46930000,
      "operating_income": -2741000,
      "net_income": -2880000,
      "opex": 65450000,
      "cogs": 15779000,
      "rd": 13674000,
      "sga": null,
      "fcf": 3182000,
      "ocf": 3300000,
      "capex": -118000,
      "gross_margin": 0.7483774258878311,
      "op_margin": -0.04370983431405381,
      "fcf_margin": 0.05074231768964582,
      "incr_op_margin_yoy": 0.06865533434750976,
      "rev_growth_yoy": -0.19426170529886416,
      "rev_growth_yoy_accel": -0.07326886371778729,
      "fcf_margin_change": -0.11834387038388403
    },
    {
      "date": "2025-06-30T00:00:00",
      "quarter_label": "2025-06 (Q2)",
      "revenue": 59338000,
      "gross_profit": 44775000,
      "operating_income": -3487000,
      "net_income": -2948000,
      "opex": 62825000,
      "cogs": 14563000,
      "rd": 14214000,
      "sga": null,
      "fcf": 13230000,
      "ocf": 13642000,
      "capex": -412000,
      "gross_margin": 0.7545754828271933,
      "op_margin": -0.05876504095183525,
      "fcf_margin": 0.22295999191074858,
      "incr_op_margin_yoy": -0.03591910654995473,
      "rev_growth_yoy": -0.182559581209533,
      "rev_growth_yoy_accel": 0.011702124089331162,
      "fcf_margin_change": 0.17221767422110276
    },
    {
      "date": "2025-09-30T00:00:00",
      "quarter_label": "2025-09 (Q3)",
      "revenue": 57648000,
      "gross_profit": 44019000,
      "operating_income": -7866000,
      "net_income": -9118000,
      "opex": 65514000,
      "cogs": 13629000,
      "rd": 14814000,
      "sga": null,
      "fcf": 5352000,
      "ocf": 5659000,
      "capex": -307000,
      "gross_margin": 0.763582431307244,
      "op_margin": -0.13644879267277268,
      "fcf_margin": 0.09283930058284763,
      "incr_op_margin_yoy": 0.22737648184964288,
      "rev_growth_yoy": -0.19066672282356906,
      "rev_growth_yoy_accel": -0.008107141614036056,
      "fcf_margin_change": -0.13012069132790094
    }
  ],
  "signals": [
    {
      "quarter": "2025-06 (Q2)",
      "signal": "FCF MARGIN EXPANSION",
      "detail": "FCF margin: +5.1% -> +22.3% (+17.2%)",
      "severity": "MEDIUM"
    },
    {
      "quarter": "2025-03 (Q1)",
      "signal": "YoY REVENUE GROWTH DECELERATION",
      "detail": "YoY growth: -19.4% vs prior quarter YoY: -12.1% (decel: -7.3%)",
      "severity": "WARNING"
    },
    {
      "quarter": "2024-12 (Q4)",
      "signal": "YoY REVENUE GROWTH DECELERATION",
      "detail": "YoY growth: -12.1% vs prior quarter YoY: -6.1% (decel: -6.0%)",
      "severity": "WARNING"
    },
    {
      "quarter": "2024-06 (Q2)",
      "signal": "FCF MARGIN EXPANSION",
      "detail": "FCF margin: +4.6% -> +17.6% (+13.1%)",
      "severity": "MEDIUM"
    },
    {
      "quarter": "2023-12 (Q4)",
      "signal": "OPERATING LEVERAGE",
      "detail": "Rev growth +1.7% vs OpEx growth +0.3% (leverage: 5.3x)",
      "severity": "MEDIUM"
    },
    {
      "quarter": "2023-12 (Q4)",
      "signal": "YoY REVENUE GROWTH DECELERATION",
      "detail": "YoY growth: -2.9% vs prior quarter YoY: +5.2% (decel: -8.0%)",
      "severity": "WARNING"
    },
    {
      "quarter": "2023-09 (Q3)",
      "signal": "YoY REVENUE GROWTH DECELERATION",
      "detail": "YoY growth: +5.2% vs prior quarter YoY: +13.8% (decel: -8.6%)",
      "severity": "WARNING"
    },
    {
      "quarter": "2023-06 (Q2)",
      "signal": "FCF MARGIN EXPANSION",
      "detail": "FCF margin: +3.3% -> +23.7% (+20.3%)",
      "severity": "MEDIUM"
    },
    {
      "quarter": "2022-12 (Q4)",
      "signal": "YoY REVENUE GROWTH ACCELERATION",
      "detail": "YoY growth: +10.4% vs prior quarter YoY: +2.2% (accel: +8.2%)",
      "severity": "MEDIUM"
    },
    {
      "quarter": "2022-09 (Q3)",
      "signal": "OPERATING LEVERAGE",
      "detail": "Rev growth +5.5% vs OpEx growth +1.8% (leverage: 3.0x)",
      "severity": "MEDIUM"
    },
    {
      "quarter": "2022-09 (Q3)",
      "signal": "YoY REVENUE GROWTH ACCELERATION",
      "detail": "YoY growth: +2.2% vs prior quarter YoY: -3.5% (accel: +5.7%)",
      "severity": "MEDIUM"
    },
    {
      "quarter": "2022-03 (Q1)",
      "signal": "YoY REVENUE GROWTH DECELERATION",
      "detail": "YoY growth: -4.9% vs prior quarter YoY: +12.4% (decel: -17.3%)",
      "severity": "WARNING"
    },
    {
      "quarter": "2021-12 (Q4)",
      "signal": "FCF MARGIN EXPANSION",
      "detail": "FCF margin: +6.9% -> +17.2% (+10.3%)",
      "severity": "MEDIUM"
    },
    {
      "quarter": "2021-12 (Q4)",
      "signal": "OP MARGIN TURNED POSITIVE (YoY)",
      "detail": "Op margin: -27.9% (year-ago) -> +4.5%",
      "severity": "HIGH"
    },
    {
      "quarter": "2021-12 (Q4)",
      "signal": "OP MARGIN TURNED POSITIVE (QoQ)",
      "detail": "Op margin: -1.1% -> +4.5%",
      "severity": "HIGH"
    },
    {
      "quarter": "2021-06 (Q2)",
      "signal": "FCF MARGIN EXPANSION",
      "detail": "FCF margin: +6.2% -> +14.2% (+8.0%)",
      "severity": "MEDIUM"
    }
  ],
  "data_quality": {
    "n_quarters": 20,
    "coverage": {
      "revenue": [
        20,
        20
      ],
      "gross_profit": [
        20,
        20
      ],
      "op_income": [
        20,
        20
      ],
      "fcf": [
        20,
        20
      ]
    },
    "gaps": [],
    "warnings": []
  },
  "market_cap": null,
  "source": "SEC EDGAR",
  "last_updated": "2026-02-02T23:27:23.068295"
}