{
  "ticker": "MYRG",
  "name": "MYR GROUP\u00a0INC.",
  "quarters": [
    {
      "date": "2020-12-31T00:00:00",
      "quarter_label": "2020-12 (Q4)",
      "revenue": 607970000,
      "gross_profit": 76444000,
      "operating_income": 25866000,
      "net_income": 18150000,
      "opex": 50578000,
      "cogs": 531526000,
      "rd": null,
      "sga": 50847000,
      "fcf": 29656000,
      "ocf": 46541000,
      "capex": -16885000,
      "gross_margin": 0.1257364672598977,
      "op_margin": 0.04254486241097422,
      "fcf_margin": 0.04877872263434051
    },
    {
      "date": "2021-03-31T00:00:00",
      "quarter_label": "2021-03 (Q1)",
      "revenue": 592486000,
      "gross_profit": 76953000,
      "operating_income": 27411000,
      "net_income": 19928000,
      "opex": 49542000,
      "cogs": 515533000,
      "rd": null,
      "sga": 49647000,
      "fcf": 52359000,
      "ocf": 59390000,
      "capex": -7031000,
      "gross_margin": 0.12988154994379614,
      "op_margin": 0.04626438430612707,
      "fcf_margin": 0.08837170836104144,
      "fcf_margin_change": 0.03959298572670093
    },
    {
      "date": "2021-06-30T00:00:00",
      "quarter_label": "2021-06 (Q2)",
      "revenue": 649573000,
      "gross_profit": 81022000,
      "operating_income": 29665000,
      "net_income": 21219000,
      "opex": 51357000,
      "cogs": 568551000,
      "rd": null,
      "sga": 51890000,
      "fcf": 15206000,
      "ocf": 29172000,
      "capex": -13966000,
      "gross_margin": 0.12473116955292168,
      "op_margin": 0.045668462205171706,
      "fcf_margin": 0.02340922421344483,
      "op_leverage_ratio": 2.6300017271391813,
      "fcf_margin_change": -0.06496248414759662
    },
    {
      "date": "2021-09-30T00:00:00",
      "quarter_label": "2021-09 (Q3)",
      "revenue": 610182000,
      "gross_profit": 83923000,
      "operating_income": 30952000,
      "net_income": 23171000,
      "opex": 52971000,
      "cogs": 526259000,
      "rd": null,
      "sga": 53072000,
      "fcf": 7949000,
      "ocf": 19653000,
      "capex": -11704000,
      "gross_margin": 0.13753765270034188,
      "op_margin": 0.050725849008984206,
      "fcf_margin": 0.01302726071893304,
      "fcf_margin_change": -0.01038196349451179
    },
    {
      "date": "2021-12-31T00:00:00",
      "quarter_label": "2021-12 (Q4)",
      "revenue": 646048000,
      "gross_profit": 83083000,
      "operating_income": 30532000,
      "net_income": 20692000,
      "opex": 52551000,
      "cogs": 562965000,
      "rd": null,
      "sga": 52599000,
      "fcf": 9353000,
      "ocf": 29013000,
      "capex": -19660000,
      "gross_margin": 0.1286018995492595,
      "op_margin": 0.04725964634206746,
      "fcf_margin": 0.014477252464213185,
      "incr_op_margin_yoy": 0.1225379484216608,
      "rev_growth_yoy": 0.06263137983782094,
      "op_leverage_ratio": Infinity,
      "fcf_margin_change": 0.0014499917452801443
    },
    {
      "date": "2022-03-31T00:00:00",
      "quarter_label": "2022-03 (Q1)",
      "revenue": 636624000,
      "gross_profit": 80485000,
      "operating_income": 24902000,
      "net_income": 20688000,
      "opex": 55583000,
      "cogs": 556139000,
      "rd": null,
      "sga": 53564000,
      "fcf": 7430000,
      "ocf": 21467000,
      "capex": -14037000,
      "gross_margin": 0.12642470280730855,
      "op_margin": 0.039115710372213425,
      "fcf_margin": 0.011670939204302696,
      "incr_op_margin_yoy": -0.0568444424305587,
      "rev_growth_yoy": 0.07449627501746876,
      "rev_growth_yoy_accel": 0.011864895179647825,
      "fcf_margin_change": -0.0028063132599104885
    },
    {
      "date": "2022-06-30T00:00:00",
      "quarter_label": "2022-06 (Q2)",
      "revenue": 708114000,
      "gross_profit": 80862000,
      "operating_income": 26245000,
      "net_income": 19684000,
      "opex": 54617000,
      "cogs": 627252000,
      "rd": null,
      "sga": 52016000,
      "fcf": 22268000,
      "ocf": 38652000,
      "capex": -16384000,
      "gross_margin": 0.11419347732144824,
      "op_margin": 0.03706324122951954,
      "fcf_margin": 0.03144691391499109,
      "incr_op_margin_yoy": -0.05842059411352727,
      "rev_growth_yoy": 0.09012228032876982,
      "rev_growth_yoy_accel": 0.015626005311301053,
      "op_leverage_ratio": Infinity,
      "fcf_margin_change": 0.019775974710688392
    },
    {
      "date": "2022-09-30T00:00:00",
      "quarter_label": "2022-09 (Q3)",
      "revenue": 799848000,
      "gross_profit": 86346000,
      "operating_income": 26975000,
      "net_income": 18436000,
      "opex": 59371000,
      "cogs": 713502000,
      "rd": null,
      "sga": 58891000,
      "fcf": -4494000,
      "ocf": 13607000,
      "capex": -18101000,
      "gross_margin": 0.1079530110721037,
      "op_margin": 0.0337251577799782,
      "fcf_margin": -0.005618567527830288,
      "incr_op_margin_yoy": -0.020968439256376998,
      "rev_growth_yoy": 0.31083512787987844,
      "rev_growth_yoy_accel": 0.22071284755110862,
      "op_leverage_ratio": 1.4883182746438763,
      "fcf_margin_change": -0.037065481442821374
    },
    {
      "date": "2022-12-31T00:00:00",
      "quarter_label": "2022-12 (Q4)",
      "revenue": 863956000,
      "gross_profit": 96269000,
      "operating_income": 36785000,
      "net_income": 24573000,
      "opex": 59484000,
      "cogs": 767687000,
      "rd": null,
      "sga": 57953000,
      "fcf": 65224000,
      "ocf": 93758000,
      "capex": -28534000,
      "gross_margin": 0.11142812828431077,
      "op_margin": 0.04257739977498854,
      "fcf_margin": 0.07549458537240322,
      "incr_op_margin_yoy": 0.02869559630669824,
      "rev_growth_yoy": 0.3372938233691614,
      "rev_growth_yoy_accel": 0.02645869548928298,
      "op_leverage_ratio": 42.111497511960906,
      "fcf_margin_change": 0.0811131529002335
    },
    {
      "date": "2023-03-31T00:00:00",
      "quarter_label": "2023-03 (Q1)",
      "revenue": 811616000,
      "gross_profit": 84392000,
      "operating_income": 27426000,
      "net_income": 23163000,
      "opex": 56966000,
      "cogs": 727224000,
      "rd": null,
      "sga": 56964000,
      "fcf": 17543000,
      "ocf": 37158000,
      "capex": -19615000,
      "gross_margin": 0.10398020738871584,
      "op_margin": 0.033791842447659974,
      "fcf_margin": 0.02161490162835627,
      "incr_op_margin_yoy": 0.014423516503611594,
      "rev_growth_yoy": 0.2748749654427103,
      "rev_growth_yoy_accel": -0.06241885792645113,
      "fcf_margin_change": -0.053879683744046954
    },
    {
      "date": "2023-06-30T00:00:00",
      "quarter_label": "2023-06 (Q2)",
      "revenue": 888616000,
      "gross_profit": 90127000,
      "operating_income": 32438000,
      "net_income": 22273000,
      "opex": 57689000,
      "cogs": 798489000,
      "rd": null,
      "sga": 57775000,
      "fcf": -43429000,
      "ocf": -21314000,
      "capex": -22115000,
      "gross_margin": 0.10142401217173673,
      "op_margin": 0.03650395671471142,
      "fcf_margin": -0.0488726288970714,
      "incr_op_margin_yoy": 0.03430986914272418,
      "rev_growth_yoy": 0.2549052836125257,
      "rev_growth_yoy_accel": -0.019969681830184605,
      "op_leverage_ratio": 7.4751094058939165,
      "fcf_margin_change": -0.07048753052542767
    },
    {
      "date": "2023-09-30T00:00:00",
      "quarter_label": "2023-09 (Q3)",
      "revenue": 939476000,
      "gross_profit": 92383000,
      "operating_income": 32027000,
      "net_income": 21512000,
      "opex": 60356000,
      "cogs": 847093000,
      "rd": null,
      "sga": 59879000,
      "fcf": -9513000,
      "ocf": 12548000,
      "capex": -22061000,
      "gross_margin": 0.09833460354495485,
      "op_margin": 0.03409028011359524,
      "fcf_margin": -0.010125857392844521,
      "incr_op_margin_yoy": 0.03618185464233535,
      "rev_growth_yoy": 0.17456816795191085,
      "rev_growth_yoy_accel": -0.08033711566061483,
      "op_leverage_ratio": 1.238033003578668,
      "fcf_margin_change": 0.038746771504226875
    },
    {
      "date": "2023-12-31T00:00:00",
      "quarter_label": "2023-12 (Q4)",
      "revenue": 1004197000,
      "gross_profit": 97495000,
      "operating_income": 37202000,
      "net_income": 24042000,
      "opex": 60293000,
      "cogs": 906702000,
      "rd": null,
      "sga": 59993000,
      "fcf": 21679000,
      "ocf": 42624000,
      "capex": -20945000,
      "gross_margin": 0.09708752366318561,
      "op_margin": 0.03704651577329946,
      "fcf_margin": 0.021588393512428337,
      "incr_op_margin_yoy": 0.0029734528418935975,
      "rev_growth_yoy": 0.16232423873437998,
      "rev_growth_yoy_accel": -0.012243929217530869,
      "op_leverage_ratio": Infinity,
      "fcf_margin_change": 0.031714250905272856
    },
    {
      "date": "2024-03-31T00:00:00",
      "quarter_label": "2024-03 (Q1)",
      "revenue": 815562000,
      "gross_profit": 86243000,
      "operating_income": 24271000,
      "net_income": 18939000,
      "opex": 791291000,
      "cogs": 729319000,
      "rd": null,
      "sga": 62233000,
      "fcf": -18093000,
      "ocf": 7690000,
      "capex": -25783000,
      "gross_margin": 0.10574671208320152,
      "op_margin": 0.029759846584318544,
      "fcf_margin": -0.022184702082735586,
      "incr_op_margin_yoy": -0.7995438418651799,
      "rev_growth_yoy": 0.0048619051374048814,
      "rev_growth_yoy_accel": -0.1574623335969751,
      "fcf_margin_change": -0.04377309559516392
    },
    {
      "date": "2024-06-30T00:00:00",
      "quarter_label": "2024-06 (Q2)",
      "revenue": 828890000,
      "gross_profit": 40843000,
      "operating_income": -20707000,
      "net_income": -15277000,
      "opex": 849597000,
      "cogs": 788047000,
      "rd": null,
      "sga": 61839000,
      "fcf": 2503000,
      "ocf": 22681000,
      "capex": -20178000,
      "gross_margin": 0.04927433073146015,
      "op_margin": -0.024981601901337934,
      "fcf_margin": 0.00301970104597715,
      "incr_op_margin_yoy": 0.8898134815658172,
      "rev_growth_yoy": -0.06721238420195,
      "rev_growth_yoy_accel": -0.07207428933935488,
      "op_leverage_ratio": 0.22178439208184755,
      "fcf_margin_change": 0.025204403128712735
    },
    {
      "date": "2024-09-30T00:00:00",
      "quarter_label": "2024-09 (Q3)",
      "revenue": 888043000,
      "gross_profit": 77288000,
      "operating_income": 20361000,
      "net_income": 10649000,
      "opex": 867682000,
      "cogs": 810755000,
      "rd": null,
      "sga": 57456000,
      "fcf": 17952000,
      "ocf": 35625000,
      "capex": -17673000,
      "gross_margin": 0.08703182165728461,
      "op_margin": 0.02292794380452298,
      "fcf_margin": 0.020215237325219612,
      "incr_op_margin_yoy": 0.226819357222017,
      "rev_growth_yoy": -0.054746475694961876,
      "rev_growth_yoy_accel": 0.012465908506988123,
      "op_leverage_ratio": 3.3525428088067373,
      "fcf_margin_change": 0.017195536279242463
    },
    {
      "date": "2024-12-31T00:00:00",
      "quarter_label": "2024-12 (Q4)",
      "revenue": 829795000,
      "gross_profit": 85945000,
      "operating_income": 30157000,
      "net_income": 15952000,
      "opex": 799638000,
      "cogs": 743850000,
      "rd": null,
      "sga": 56694000,
      "fcf": 8815000,
      "ocf": 21119000,
      "capex": -12304000,
      "gross_margin": 0.10357377424544617,
      "op_margin": 0.03634271115154948,
      "fcf_margin": 0.010623105706831205,
      "incr_op_margin_yoy": 0.04039517895436979,
      "rev_growth_yoy": -0.17367309402437967,
      "rev_growth_yoy_accel": -0.11892661832941778,
      "fcf_margin_change": -0.009592131618388407
    },
    {
      "date": "2025-03-31T00:00:00",
      "quarter_label": "2025-03 (Q1)",
      "revenue": 833620000,
      "gross_profit": 96901000,
      "operating_income": 34290000,
      "net_income": 23308000,
      "opex": 799330000,
      "cogs": 736719000,
      "rd": null,
      "sga": 62524000,
      "fcf": 70220000,
      "ocf": 83286000,
      "capex": -13066000,
      "gross_margin": 0.11624121302272018,
      "op_margin": 0.04113384995561527,
      "fcf_margin": 0.0842350231520357,
      "incr_op_margin_yoy": 0.5548233469930225,
      "rev_growth_yoy": 0.02214178689051231,
      "rev_growth_yoy_accel": 0.19581488091489196,
      "fcf_margin_change": 0.07361191744520448
    },
    {
      "date": "2025-06-30T00:00:00",
      "quarter_label": "2025-06 (Q2)",
      "revenue": 900325000,
      "gross_profit": 103711000,
      "operating_income": 39787000,
      "net_income": 26466000,
      "opex": 860538000,
      "cogs": 796614000,
      "rd": null,
      "sga": 63313000,
      "fcf": 11638000,
      "ocf": 32861000,
      "capex": -21223000,
      "gross_margin": 0.11519284702746231,
      "op_margin": 0.044191819620692525,
      "fcf_margin": 0.012926443228834033,
      "incr_op_margin_yoy": 0.8468397844194022,
      "rev_growth_yoy": 0.0861815198639144,
      "rev_growth_yoy_accel": 0.06403973297340208,
      "op_leverage_ratio": 1.0449805015473579,
      "fcf_margin_change": -0.07130857992320166
    },
    {
      "date": "2025-09-30T00:00:00",
      "quarter_label": "2025-09 (Q3)",
      "revenue": 950400000,
      "gross_profit": 111892000,
      "operating_income": 46271000,
      "net_income": 32094000,
      "opex": 904129000,
      "cogs": 838508000,
      "rd": null,
      "sga": 65919000,
      "fcf": 65412000,
      "ocf": 95590000,
      "capex": -30178000,
      "gross_margin": 0.11773148148148148,
      "op_margin": 0.0486858164983165,
      "fcf_margin": 0.06882575757575758,
      "incr_op_margin_yoy": 0.41551068845518546,
      "rev_growth_yoy": 0.07021844662927358,
      "rev_growth_yoy_accel": -0.015963073234640815,
      "op_leverage_ratio": 1.0979811115251732,
      "fcf_margin_change": 0.05589931434692355
    }
  ],
  "signals": [
    {
      "quarter": "2025-09 (Q3)",
      "signal": "FCF MARGIN EXPANSION",
      "detail": "FCF margin: +1.3% -> +6.9% (+5.6%)",
      "severity": "MEDIUM"
    },
    {
      "quarter": "2025-09 (Q3)",
      "signal": "INCREMENTAL MARGIN (YoY)",
      "detail": "YoY Incr OPM: +41.6% vs year-ago OPM: +2.3%",
      "severity": "HIGH"
    },
    {
      "quarter": "2025-06 (Q2)",
      "signal": "YoY REVENUE GROWTH ACCELERATION",
      "detail": "YoY growth: +8.6% vs prior quarter YoY: +2.2% (accel: +6.4%)",
      "severity": "MEDIUM"
    },
    {
      "quarter": "2025-06 (Q2)",
      "signal": "OP MARGIN TURNED POSITIVE (YoY)",
      "detail": "Op margin: -2.5% (year-ago) -> +4.4%",
      "severity": "HIGH"
    },
    {
      "quarter": "2025-03 (Q1)",
      "signal": "FCF MARGIN EXPANSION",
      "detail": "FCF margin: +1.1% -> +8.4% (+7.4%)",
      "severity": "MEDIUM"
    },
    {
      "quarter": "2025-03 (Q1)",
      "signal": "YoY REVENUE GROWTH ACCELERATION",
      "detail": "YoY growth: +2.2% vs prior quarter YoY: -17.4% (accel: +19.6%)",
      "severity": "HIGH"
    },
    {
      "quarter": "2025-03 (Q1)",
      "signal": "INCREMENTAL MARGIN (YoY)",
      "detail": "YoY Incr OPM: +55.5% vs year-ago OPM: +3.0%",
      "severity": "HIGH"
    },
    {
      "quarter": "2024-12 (Q4)",
      "signal": "YoY REVENUE GROWTH DECELERATION",
      "detail": "YoY growth: -17.4% vs prior quarter YoY: -5.5% (decel: -11.9%)",
      "severity": "WARNING"
    },
    {
      "quarter": "2024-09 (Q3)",
      "signal": "OPERATING LEVERAGE",
      "detail": "Rev growth +7.1% vs OpEx growth +2.1% (leverage: 3.4x)",
      "severity": "MEDIUM"
    },
    {
      "quarter": "2024-09 (Q3)",
      "signal": "GROSS MARGIN INFLECTION",
      "detail": "GM: +10.6% -> +4.9% -> +8.7% (reversal +3.8%)",
      "severity": "MEDIUM"
    },
    {
      "quarter": "2024-09 (Q3)",
      "signal": "INCREMENTAL MARGIN (YoY)",
      "detail": "YoY Incr OPM: +22.7% vs year-ago OPM: +3.4%",
      "severity": "MEDIUM"
    },
    {
      "quarter": "2024-09 (Q3)",
      "signal": "OP MARGIN TURNED POSITIVE (QoQ)",
      "detail": "Op margin: -2.5% -> +2.3%",
      "severity": "HIGH"
    },
    {
      "quarter": "2024-06 (Q2)",
      "signal": "FCF TURNED POSITIVE",
      "detail": "FCF margin: -2.2% -> +0.3%",
      "severity": "HIGH"
    },
    {
      "quarter": "2024-06 (Q2)",
      "signal": "YoY REVENUE GROWTH DECELERATION",
      "detail": "YoY growth: -6.7% vs prior quarter YoY: +0.5% (decel: -7.2%)",
      "severity": "WARNING"
    },
    {
      "quarter": "2024-03 (Q1)",
      "signal": "YoY REVENUE GROWTH DECELERATION",
      "detail": "YoY growth: +0.5% vs prior quarter YoY: +16.2% (decel: -15.7%)",
      "severity": "WARNING"
    },
    {
      "quarter": "2023-12 (Q4)",
      "signal": "FCF TURNED POSITIVE",
      "detail": "FCF margin: -1.0% -> +2.2%",
      "severity": "HIGH"
    },
    {
      "quarter": "2023-09 (Q3)",
      "signal": "YoY REVENUE GROWTH DECELERATION",
      "detail": "YoY growth: +17.5% vs prior quarter YoY: +25.5% (decel: -8.0%)",
      "severity": "WARNING"
    },
    {
      "quarter": "2023-06 (Q2)",
      "signal": "OPERATING LEVERAGE",
      "detail": "Rev growth +9.5% vs OpEx growth +1.3% (leverage: 7.5x)",
      "severity": "MEDIUM"
    },
    {
      "quarter": "2023-03 (Q1)",
      "signal": "YoY REVENUE GROWTH DECELERATION",
      "detail": "YoY growth: +27.5% vs prior quarter YoY: +33.7% (decel: -6.2%)",
      "severity": "WARNING"
    },
    {
      "quarter": "2022-12 (Q4)",
      "signal": "FCF TURNED POSITIVE",
      "detail": "FCF margin: -0.6% -> +7.5%",
      "severity": "HIGH"
    },
    {
      "quarter": "2022-12 (Q4)",
      "signal": "OPERATING LEVERAGE",
      "detail": "Rev growth +8.0% vs OpEx growth +0.2% (leverage: 42.1x)",
      "severity": "MEDIUM"
    },
    {
      "quarter": "2022-09 (Q3)",
      "signal": "YoY REVENUE GROWTH ACCELERATION",
      "detail": "YoY growth: +31.1% vs prior quarter YoY: +9.0% (accel: +22.1%)",
      "severity": "HIGH"
    },
    {
      "quarter": "2021-06 (Q2)",
      "signal": "OPERATING LEVERAGE",
      "detail": "Rev growth +9.6% vs OpEx growth +3.7% (leverage: 2.6x)",
      "severity": "MEDIUM"
    }
  ],
  "data_quality": {
    "n_quarters": 20,
    "coverage": {
      "revenue": [
        20,
        20
      ],
      "gross_profit": [
        20,
        20
      ],
      "op_income": [
        20,
        20
      ],
      "fcf": [
        20,
        20
      ]
    },
    "gaps": [],
    "warnings": []
  },
  "market_cap": null,
  "source": "SEC EDGAR",
  "last_updated": "2026-02-02T21:13:53.362128",
  "sector": "Industrials",
  "industry": "Engineering & Construction"
}