{
  "ticker": "MZTI",
  "name": "The Marzetti Company",
  "quarters": [
    {
      "date": "2021-03-31T00:00:00",
      "quarter_label": "2021-03 (Q1)",
      "revenue": 357249000,
      "gross_profit": 90550000,
      "operating_income": 37388000,
      "net_income": 28897000,
      "opex": 53162000,
      "cogs": 266699000,
      "rd": null,
      "sga": 53162000,
      "fcf": 21796000,
      "ocf": 47843000,
      "capex": -26047000,
      "gross_margin": 0.2534646702999868,
      "op_margin": 0.10465529644589627,
      "fcf_margin": 0.06101066762958049
    },
    {
      "date": "2021-06-30T00:00:00",
      "quarter_label": "2021-06 (Q2)",
      "revenue": 385566000,
      "gross_profit": 96674000,
      "operating_income": 40918000,
      "net_income": 31726000,
      "opex": 55756000,
      "cogs": 288892000,
      "rd": null,
      "sga": 55756000,
      "fcf": 3226000,
      "ocf": 35490000,
      "capex": -32264000,
      "gross_margin": 0.2507326890856559,
      "op_margin": 0.10612450267917814,
      "fcf_margin": 0.008366920319737736,
      "op_leverage_ratio": 1.624454525607665,
      "fcf_margin_change": -0.05264374730984275
    },
    {
      "date": "2021-09-30T00:00:00",
      "quarter_label": "2021-09 (Q3)",
      "revenue": 392056000,
      "gross_profit": 92367000,
      "operating_income": 40511000,
      "net_income": 30655000,
      "opex": 51856000,
      "cogs": 299689000,
      "rd": null,
      "sga": 51856000,
      "fcf": -31399000,
      "ocf": -1172000,
      "capex": -30227000,
      "gross_margin": 0.23559644540575836,
      "op_margin": 0.10332962637990491,
      "fcf_margin": -0.08008804864611178,
      "op_leverage_ratio": null,
      "fcf_margin_change": -0.08845496896584952
    },
    {
      "date": "2021-12-31T00:00:00",
      "quarter_label": "2021-12 (Q4)",
      "revenue": 428427000,
      "gross_profit": 96602000,
      "operating_income": 45306000,
      "net_income": 34370000,
      "opex": 51296000,
      "cogs": 331825000,
      "rd": null,
      "sga": 51538000,
      "fcf": 6684000,
      "ocf": 43152000,
      "capex": -36468000,
      "gross_margin": 0.2254806536469457,
      "op_margin": 0.1057496376278806,
      "fcf_margin": 0.015601257623819227,
      "op_leverage_ratio": null,
      "fcf_margin_change": 0.09568930626993101
    },
    {
      "date": "2022-03-31T00:00:00",
      "quarter_label": "2022-03 (Q1)",
      "revenue": 403494000,
      "gross_profit": 68332000,
      "operating_income": -7617000,
      "net_income": -4483000,
      "opex": 75949000,
      "cogs": 335162000,
      "rd": null,
      "sga": 54526000,
      "fcf": -21522000,
      "ocf": 16671000,
      "capex": -38193000,
      "gross_margin": 0.16935072144815042,
      "op_margin": -0.018877604127942423,
      "fcf_margin": -0.053339083109042514,
      "incr_op_margin_yoy": -0.973186290409774,
      "rev_growth_yoy": 0.12944752819462055,
      "fcf_margin_change": -0.06894034073286175
    },
    {
      "date": "2022-06-30T00:00:00",
      "quarter_label": "2022-06 (Q2)",
      "revenue": 452413000,
      "gross_profit": 98418000,
      "operating_income": 33711000,
      "net_income": 29044000,
      "opex": 64707000,
      "cogs": 353995000,
      "rd": null,
      "sga": 54178000,
      "fcf": 16078000,
      "ocf": 43162000,
      "capex": -27084000,
      "gross_margin": 0.21754016794389197,
      "op_margin": 0.07451377391896342,
      "fcf_margin": 0.03553832449553837,
      "incr_op_margin_yoy": -0.10781336484808593,
      "rev_growth_yoy": 0.1733736895888123,
      "rev_growth_yoy_accel": 0.043926161394191754,
      "op_leverage_ratio": null,
      "fcf_margin_change": 0.08887740760458088
    },
    {
      "date": "2022-09-30T00:00:00",
      "quarter_label": "2022-09 (Q3)",
      "revenue": 425537000,
      "gross_profit": 99055000,
      "operating_income": 49298000,
      "net_income": 37592000,
      "opex": 49757000,
      "cogs": 326482000,
      "rd": null,
      "sga": 49757000,
      "fcf": 26279000,
      "ocf": 50864000,
      "capex": -24585000,
      "gross_margin": 0.23277646832120355,
      "op_margin": 0.11584891560545851,
      "fcf_margin": 0.061754912028801255,
      "incr_op_margin_yoy": 0.26244735820316,
      "rev_growth_yoy": 0.08539851449792887,
      "rev_growth_yoy_accel": -0.08797517509088343,
      "fcf_margin_change": 0.026216587533262885
    },
    {
      "date": "2022-12-31T00:00:00",
      "quarter_label": "2022-12 (Q4)",
      "revenue": 477394000,
      "gross_profit": 102102000,
      "operating_income": 51327000,
      "net_income": 39973000,
      "opex": 50775000,
      "cogs": 375292000,
      "rd": null,
      "sga": 50775000,
      "fcf": 57675000,
      "ocf": 89576000,
      "capex": -31901000,
      "gross_margin": 0.2138736557225269,
      "op_margin": 0.10751496667323007,
      "fcf_margin": 0.12081215934846269,
      "incr_op_margin_yoy": 0.12296036105948904,
      "rev_growth_yoy": 0.11429485069801856,
      "rev_growth_yoy_accel": 0.02889633620008969,
      "op_leverage_ratio": 5.956298724145767,
      "fcf_margin_change": 0.059057247319661436
    },
    {
      "date": "2023-03-31T00:00:00",
      "quarter_label": "2023-03 (Q1)",
      "revenue": 464935000,
      "gross_profit": 94237000,
      "operating_income": 29408000,
      "net_income": 24555000,
      "opex": 64829000,
      "cogs": 370698000,
      "rd": null,
      "sga": 64829000,
      "fcf": 21350000,
      "ocf": 43711000,
      "capex": -22361000,
      "gross_margin": 0.20268854786152904,
      "op_margin": 0.06325185240947659,
      "fcf_margin": 0.04592039747491585,
      "incr_op_margin_yoy": 0.6026106345925359,
      "rev_growth_yoy": 0.15227240058092562,
      "rev_growth_yoy_accel": 0.03797754988290705,
      "fcf_margin_change": -0.07489176187354685
    },
    {
      "date": "2023-06-30T00:00:00",
      "quarter_label": "2023-06 (Q2)",
      "revenue": 454661000,
      "gross_profit": 93174000,
      "operating_income": 11475000,
      "net_income": 9166000,
      "opex": 81699000,
      "cogs": 361487000,
      "rd": null,
      "sga": 56730000,
      "fcf": 30416000,
      "ocf": 41750000,
      "capex": -11334000,
      "gross_margin": 0.20493070661437862,
      "op_margin": 0.025238584351857756,
      "fcf_margin": 0.06689819447896345,
      "incr_op_margin_yoy": -9.891459074733095,
      "rev_growth_yoy": 0.004968911149768022,
      "rev_growth_yoy_accel": -0.1473034894311576,
      "fcf_margin_change": 0.020977797004047595
    },
    {
      "date": "2023-09-30T00:00:00",
      "quarter_label": "2023-09 (Q3)",
      "revenue": 461572000,
      "gross_profit": 108722000,
      "operating_income": 56775000,
      "net_income": 43951000,
      "opex": 51947000,
      "cogs": 352850000,
      "rd": null,
      "sga": 51947000,
      "fcf": 17284000,
      "ocf": 35615000,
      "capex": -18331000,
      "gross_margin": 0.23554721690223843,
      "op_margin": 0.12300356174118014,
      "fcf_margin": 0.037445945594620125,
      "incr_op_margin_yoy": 0.20749271541556819,
      "rev_growth_yoy": 0.08468123805920519,
      "rev_growth_yoy_accel": 0.07971232690943716,
      "op_leverage_ratio": null,
      "fcf_margin_change": -0.02945224888434332
    },
    {
      "date": "2023-12-31T00:00:00",
      "quarter_label": "2023-12 (Q4)",
      "revenue": 485916000,
      "gross_profit": 121468000,
      "operating_income": 65754000,
      "net_income": 51484000,
      "opex": 55714000,
      "cogs": 364448000,
      "rd": null,
      "sga": 55714000,
      "fcf": 87103000,
      "ocf": 105908000,
      "capex": -18805000,
      "gross_margin": 0.24997736234246248,
      "op_margin": 0.13531968488380708,
      "fcf_margin": 0.17925526222639304,
      "incr_op_margin_yoy": 1.6929124618634124,
      "rev_growth_yoy": 0.017851083172390102,
      "rev_growth_yoy_accel": -0.06683015488681508,
      "op_leverage_ratio": 0.7273062758802238,
      "fcf_margin_change": 0.14180931663177293
    },
    {
      "date": "2024-03-31T00:00:00",
      "quarter_label": "2024-03 (Q1)",
      "revenue": 471446000,
      "gross_profit": 104494000,
      "operating_income": 35146000,
      "net_income": 28350000,
      "opex": 69348000,
      "cogs": 366952000,
      "rd": null,
      "sga": 57211000,
      "fcf": 61059000,
      "ocf": 75931000,
      "capex": -14872000,
      "gross_margin": 0.22164574521790406,
      "op_margin": 0.07454936514468254,
      "fcf_margin": 0.12951430280456297,
      "incr_op_margin_yoy": 0.8812778375057595,
      "rev_growth_yoy": 0.014004108101132416,
      "rev_growth_yoy_accel": -0.0038469750712576863,
      "fcf_margin_change": -0.04974095942183007
    },
    {
      "date": "2024-06-30T00:00:00",
      "quarter_label": "2024-06 (Q2)",
      "revenue": 452825000,
      "gross_profit": 97618000,
      "operating_income": 41688000,
      "net_income": 34828000,
      "opex": 55930000,
      "cogs": 355207000,
      "rd": null,
      "sga": 53193000,
      "fcf": 18531000,
      "ocf": 34099000,
      "capex": -15568000,
      "gross_margin": 0.2155755534698835,
      "op_margin": 0.09206205487771214,
      "fcf_margin": 0.040923093910451055,
      "incr_op_margin_yoy": -16.455882352941178,
      "rev_growth_yoy": -0.004038173496297241,
      "rev_growth_yoy_accel": -0.018042281597429658,
      "fcf_margin_change": -0.08859120889411191
    },
    {
      "date": "2024-09-30T00:00:00",
      "quarter_label": "2024-09 (Q3)",
      "revenue": 466558000,
      "gross_profit": 110824000,
      "operating_income": 55864000,
      "net_income": 44701000,
      "opex": 54960000,
      "cogs": 355734000,
      "rd": null,
      "sga": 54960000,
      "fcf": 2257000,
      "ocf": 19892000,
      "capex": -17635000,
      "gross_margin": 0.23753531179403203,
      "op_margin": 0.1197364529168935,
      "fcf_margin": 0.0048375550306714275,
      "incr_op_margin_yoy": -0.18271159245888488,
      "rev_growth_yoy": 0.010802215039040497,
      "rev_growth_yoy_accel": 0.014840388535337739,
      "op_leverage_ratio": null,
      "fcf_margin_change": -0.036085538879779624
    },
    {
      "date": "2024-12-31T00:00:00",
      "quarter_label": "2024-12 (Q4)",
      "revenue": 509301000,
      "gross_profit": 132768000,
      "operating_income": 75661000,
      "net_income": 48993000,
      "opex": 57107000,
      "cogs": 376533000,
      "rd": null,
      "sga": 57107000,
      "fcf": 96593000,
      "ocf": 107618000,
      "capex": -11025000,
      "gross_margin": 0.26068670589690573,
      "op_margin": 0.14855851451302865,
      "fcf_margin": 0.18965798221483957,
      "incr_op_margin_yoy": 0.42364763737438527,
      "rev_growth_yoy": 0.04812560195589361,
      "rev_growth_yoy_accel": 0.037323386916853114,
      "op_leverage_ratio": 2.345168432690048,
      "fcf_margin_change": 0.18482042718416813
    },
    {
      "date": "2025-03-31T00:00:00",
      "quarter_label": "2025-03 (Q1)",
      "revenue": 457836000,
      "gross_profit": 105962000,
      "operating_income": 49877000,
      "net_income": 41124000,
      "opex": 56085000,
      "cogs": 351874000,
      "rd": null,
      "sga": 56085000,
      "fcf": 30752000,
      "ocf": 45807000,
      "capex": -15055000,
      "gross_margin": 0.23144095265553605,
      "op_margin": 0.10894075607859582,
      "fcf_margin": 0.06716815628303585,
      "incr_op_margin_yoy": -1.082365907421014,
      "rev_growth_yoy": -0.02886862970520484,
      "rev_growth_yoy_accel": -0.07699423166109845,
      "fcf_margin_change": -0.12248982593180371
    },
    {
      "date": "2025-06-30T00:00:00",
      "quarter_label": "2025-06 (Q2)",
      "revenue": 475427000,
      "gross_profit": 106092000,
      "operating_income": 38915000,
      "net_income": 32529000,
      "opex": 67177000,
      "cogs": 369335000,
      "rd": null,
      "sga": 62075000,
      "fcf": 73894000,
      "ocf": 88179000,
      "capex": -14285000,
      "gross_margin": 0.22315097796296804,
      "op_margin": 0.08185273448920655,
      "fcf_margin": 0.15542659546050183,
      "incr_op_margin_yoy": -0.12268825767631183,
      "rev_growth_yoy": 0.04991332192348037,
      "rev_growth_yoy_accel": 0.0787819516286852,
      "op_leverage_ratio": 0.194275239630811,
      "fcf_margin_change": 0.08825843917746598
    },
    {
      "date": "2025-09-30T00:00:00",
      "quarter_label": "2025-09 (Q3)",
      "revenue": 493472000,
      "gross_profit": 118819000,
      "operating_income": 59260000,
      "net_income": 47182000,
      "opex": 59559000,
      "cogs": 374653000,
      "rd": null,
      "sga": 58416000,
      "fcf": 53883000,
      "ocf": 69510000,
      "capex": -15627000,
      "gross_margin": 0.2407816451591985,
      "op_margin": 0.12008786719408598,
      "fcf_margin": 0.1091916056027495,
      "incr_op_margin_yoy": 0.1261796834361299,
      "rev_growth_yoy": 0.05768628980748374,
      "rev_growth_yoy_accel": 0.007772967884003369,
      "op_leverage_ratio": null,
      "fcf_margin_change": -0.04623498985775233
    },
    {
      "date": "2025-12-31T00:00:00",
      "quarter_label": "2025-12 (Q4)",
      "revenue": 517953000,
      "gross_profit": 137260000,
      "operating_income": 75184000,
      "net_income": 59079000,
      "opex": 62076000,
      "cogs": 380693000,
      "rd": null,
      "sga": 60409000,
      "fcf": 70945000,
      "ocf": 88617000,
      "capex": -17672000,
      "gross_margin": 0.26500473981229955,
      "op_margin": 0.14515602767046432,
      "fcf_margin": 0.1369718874106338,
      "incr_op_margin_yoy": -0.05513176144244106,
      "rev_growth_yoy": 0.016987989420794384,
      "rev_growth_yoy_accel": -0.040698300386689354,
      "op_leverage_ratio": 1.1738992365371153,
      "fcf_margin_change": 0.02778028180788429
    }
  ],
  "signals": [
    {
      "quarter": "2025-06 (Q2)",
      "signal": "FCF MARGIN EXPANSION",
      "detail": "FCF margin: +6.7% -> +15.5% (+8.8%)",
      "severity": "MEDIUM"
    },
    {
      "quarter": "2025-06 (Q2)",
      "signal": "YoY REVENUE GROWTH ACCELERATION",
      "detail": "YoY growth: +5.0% vs prior quarter YoY: -2.9% (accel: +7.9%)",
      "severity": "MEDIUM"
    },
    {
      "quarter": "2025-03 (Q1)",
      "signal": "YoY REVENUE GROWTH DECELERATION",
      "detail": "YoY growth: -2.9% vs prior quarter YoY: +4.8% (decel: -7.7%)",
      "severity": "WARNING"
    },
    {
      "quarter": "2024-12 (Q4)",
      "signal": "FCF MARGIN EXPANSION",
      "detail": "FCF margin: +0.5% -> +19.0% (+18.5%)",
      "severity": "MEDIUM"
    },
    {
      "quarter": "2024-12 (Q4)",
      "signal": "OPERATING LEVERAGE",
      "detail": "Rev growth +9.2% vs OpEx growth +3.9% (leverage: 2.3x)",
      "severity": "MEDIUM"
    },
    {
      "quarter": "2024-12 (Q4)",
      "signal": "INCREMENTAL MARGIN (YoY)",
      "detail": "YoY Incr OPM: +42.4% vs year-ago OPM: +13.5%",
      "severity": "HIGH"
    },
    {
      "quarter": "2024-09 (Q3)",
      "signal": "GROSS MARGIN INFLECTION",
      "detail": "GM: +22.2% -> +21.6% -> +23.8% (reversal +2.2%)",
      "severity": "MEDIUM"
    },
    {
      "quarter": "2024-03 (Q1)",
      "signal": "INCREMENTAL MARGIN (YoY)",
      "detail": "YoY Incr OPM: +88.1% vs year-ago OPM: +6.3%",
      "severity": "HIGH"
    },
    {
      "quarter": "2023-12 (Q4)",
      "signal": "FCF MARGIN EXPANSION",
      "detail": "FCF margin: +3.7% -> +17.9% (+14.2%)",
      "severity": "MEDIUM"
    },
    {
      "quarter": "2023-12 (Q4)",
      "signal": "YoY REVENUE GROWTH DECELERATION",
      "detail": "YoY growth: +1.8% vs prior quarter YoY: +8.5% (decel: -6.7%)",
      "severity": "WARNING"
    },
    {
      "quarter": "2023-12 (Q4)",
      "signal": "INCREMENTAL MARGIN (YoY)",
      "detail": "YoY Incr OPM: +169.3% vs year-ago OPM: +10.8%",
      "severity": "HIGH"
    },
    {
      "quarter": "2023-09 (Q3)",
      "signal": "YoY REVENUE GROWTH ACCELERATION",
      "detail": "YoY growth: +8.5% vs prior quarter YoY: +0.5% (accel: +8.0%)",
      "severity": "MEDIUM"
    },
    {
      "quarter": "2023-06 (Q2)",
      "signal": "YoY REVENUE GROWTH DECELERATION",
      "detail": "YoY growth: +0.5% vs prior quarter YoY: +15.2% (decel: -14.7%)",
      "severity": "WARNING"
    },
    {
      "quarter": "2023-03 (Q1)",
      "signal": "OP MARGIN TURNED POSITIVE (YoY)",
      "detail": "Op margin: -1.9% (year-ago) -> +6.3%",
      "severity": "HIGH"
    },
    {
      "quarter": "2022-12 (Q4)",
      "signal": "FCF MARGIN EXPANSION",
      "detail": "FCF margin: +6.2% -> +12.1% (+5.9%)",
      "severity": "MEDIUM"
    },
    {
      "quarter": "2022-12 (Q4)",
      "signal": "OPERATING LEVERAGE",
      "detail": "Rev growth +12.2% vs OpEx growth +2.0% (leverage: 6.0x)",
      "severity": "MEDIUM"
    },
    {
      "quarter": "2022-09 (Q3)",
      "signal": "YoY REVENUE GROWTH DECELERATION",
      "detail": "YoY growth: +8.5% vs prior quarter YoY: +17.3% (decel: -8.8%)",
      "severity": "WARNING"
    },
    {
      "quarter": "2022-09 (Q3)",
      "signal": "INCREMENTAL MARGIN (YoY)",
      "detail": "YoY Incr OPM: +26.2% vs year-ago OPM: +10.3%",
      "severity": "MEDIUM"
    },
    {
      "quarter": "2022-06 (Q2)",
      "signal": "FCF TURNED POSITIVE",
      "detail": "FCF margin: -5.3% -> +3.6%",
      "severity": "HIGH"
    },
    {
      "quarter": "2022-06 (Q2)",
      "signal": "GROSS MARGIN INFLECTION",
      "detail": "GM: +22.5% -> +16.9% -> +21.8% (reversal +4.8%)",
      "severity": "MEDIUM"
    },
    {
      "quarter": "2022-06 (Q2)",
      "signal": "OP MARGIN TURNED POSITIVE (QoQ)",
      "detail": "Op margin: -1.9% -> +7.5%",
      "severity": "HIGH"
    },
    {
      "quarter": "2021-12 (Q4)",
      "signal": "FCF TURNED POSITIVE",
      "detail": "FCF margin: -8.0% -> +1.6%",
      "severity": "HIGH"
    },
    {
      "quarter": "2021-06 (Q2)",
      "signal": "OPERATING LEVERAGE",
      "detail": "Rev growth +7.9% vs OpEx growth +4.9% (leverage: 1.6x)",
      "severity": "MEDIUM"
    }
  ],
  "data_quality": {
    "n_quarters": 20,
    "coverage": {
      "revenue": [
        20,
        20
      ],
      "gross_profit": [
        20,
        20
      ],
      "op_income": [
        20,
        20
      ],
      "fcf": [
        20,
        20
      ]
    },
    "gaps": [],
    "warnings": []
  },
  "market_cap": null,
  "source": "SEC EDGAR",
  "last_updated": "2026-02-04T13:47:18.361905"
}