{
  "ticker": "NABL",
  "name": "N-able, Inc.",
  "quarters": [
    {
      "date": "2020-12-31T00:00:00",
      "quarter_label": "2020-12 (Q4)",
      "revenue": 79880000,
      "gross_profit": 63129000,
      "operating_income": 505000,
      "net_income": -9942000,
      "opex": 62624000,
      "cogs": 16751000,
      "rd": 10786000,
      "sga": null,
      "fcf": 10651000,
      "ocf": 16152000,
      "capex": -5501000,
      "gross_margin": 0.7902979469203806,
      "op_margin": 0.006321982974461692,
      "fcf_margin": 0.1333375062593891
    },
    {
      "date": "2021-03-31T00:00:00",
      "quarter_label": "2021-03 (Q1)",
      "revenue": 83190000,
      "gross_profit": 69182000,
      "operating_income": 5179000,
      "net_income": -4278000,
      "opex": 64003000,
      "cogs": 14008000,
      "rd": 12042000,
      "sga": null,
      "fcf": 10752000,
      "ocf": 13169000,
      "capex": -2417000,
      "gross_margin": 0.8316143767279721,
      "op_margin": 0.06225507873542493,
      "fcf_margin": 0.1292463036422647,
      "op_leverage_ratio": 1.8817697176656933,
      "fcf_margin_change": -0.004091202617124395
    },
    {
      "date": "2021-06-30T00:00:00",
      "quarter_label": "2021-06 (Q2)",
      "revenue": 85340000,
      "gross_profit": 72520000,
      "operating_income": 9881000,
      "net_income": 462000,
      "opex": 62639000,
      "cogs": 12820000,
      "rd": 12501000,
      "sga": null,
      "fcf": -420000,
      "ocf": 9920000,
      "capex": -10340000,
      "gross_margin": 0.8497773611436606,
      "op_margin": 0.11578392313100538,
      "fcf_margin": -0.004921490508554019,
      "op_leverage_ratio": Infinity,
      "fcf_margin_change": -0.1341677941508187
    },
    {
      "date": "2021-09-30T00:00:00",
      "quarter_label": "2021-09 (Q3)",
      "revenue": 88423000,
      "gross_profit": 76127000,
      "operating_income": 9772000,
      "net_income": 1873000,
      "opex": 66355000,
      "cogs": 12296000,
      "rd": 14649000,
      "sga": null,
      "fcf": -3582000,
      "ocf": 3070000,
      "capex": -6652000,
      "gross_margin": 0.8609411578435475,
      "op_margin": 0.11051423272225552,
      "fcf_margin": -0.0405098221051084,
      "op_leverage_ratio": 0.608961724809746,
      "fcf_margin_change": -0.03558833159655438
    },
    {
      "date": "2021-12-31T00:00:00",
      "quarter_label": "2021-12 (Q4)",
      "revenue": 89503000,
      "gross_profit": 76195000,
      "operating_income": 8498000,
      "net_income": 2056000,
      "opex": 67697000,
      "cogs": 13308000,
      "rd": 14767000,
      "sga": null,
      "fcf": 7927000,
      "ocf": 19182000,
      "capex": -11255000,
      "gross_margin": 0.8513122465168765,
      "op_margin": 0.094946538104868,
      "fcf_margin": 0.08856686368054702,
      "incr_op_margin_yoy": 0.8306141535903564,
      "rev_growth_yoy": 0.12046820230345519,
      "op_leverage_ratio": 0.6039203272213081,
      "fcf_margin_change": 0.12907668578565543
    },
    {
      "date": "2022-03-31T00:00:00",
      "quarter_label": "2022-03 (Q1)",
      "revenue": 90860000,
      "gross_profit": 76597000,
      "operating_income": 11068000,
      "net_income": 5101000,
      "opex": 65529000,
      "cogs": 14263000,
      "rd": 15385000,
      "sga": null,
      "fcf": 10426000,
      "ocf": 13130000,
      "capex": -2704000,
      "gross_margin": 0.8430222320052828,
      "op_margin": 0.12181377944089808,
      "fcf_margin": 0.11474796390050628,
      "incr_op_margin_yoy": 0.7677966101694915,
      "rev_growth_yoy": 0.09219858156028368,
      "rev_growth_yoy_accel": -0.028269620743171506,
      "op_leverage_ratio": Infinity,
      "fcf_margin_change": 0.026181100219959258
    },
    {
      "date": "2022-06-30T00:00:00",
      "quarter_label": "2022-06 (Q2)",
      "revenue": 91627000,
      "gross_profit": 77458000,
      "operating_income": 10297000,
      "net_income": 4327000,
      "opex": 67161000,
      "cogs": 14169000,
      "rd": 15241000,
      "sga": null,
      "fcf": 20014000,
      "ocf": 22737000,
      "capex": -2723000,
      "gross_margin": 0.8453621749047769,
      "op_margin": 0.11237953878223668,
      "fcf_margin": 0.21842906566841652,
      "incr_op_margin_yoy": 0.06616828376013997,
      "rev_growth_yoy": 0.073670025779236,
      "rev_growth_yoy_accel": -0.018528555781047687,
      "fcf_margin_change": 0.10368110176791025
    },
    {
      "date": "2022-09-30T00:00:00",
      "quarter_label": "2022-09 (Q3)",
      "revenue": 93527000,
      "gross_profit": 78424000,
      "operating_income": 11722000,
      "net_income": 294000,
      "opex": 66702000,
      "cogs": 15103000,
      "rd": 16038000,
      "sga": null,
      "fcf": 12885000,
      "ocf": 17148000,
      "capex": -4263000,
      "gross_margin": 0.838517219626418,
      "op_margin": 0.12533279160028654,
      "fcf_margin": 0.13776770344392528,
      "incr_op_margin_yoy": 0.38205329153605017,
      "rev_growth_yoy": 0.057722538253621794,
      "rev_growth_yoy_accel": -0.0159474875256142,
      "op_leverage_ratio": Infinity,
      "fcf_margin_change": -0.08066136222449125
    },
    {
      "date": "2022-12-31T00:00:00",
      "quarter_label": "2022-12 (Q4)",
      "revenue": 95755000,
      "gross_profit": 80680000,
      "operating_income": 14309000,
      "net_income": 6985000,
      "opex": 66371000,
      "cogs": 15075000,
      "rd": 16820000,
      "sga": null,
      "fcf": 15254000,
      "ocf": 18398000,
      "capex": -3144000,
      "gross_margin": 0.8425669677823613,
      "op_margin": 0.14943344995039423,
      "fcf_margin": 0.15930238629836563,
      "incr_op_margin_yoy": 0.9294625719769674,
      "rev_growth_yoy": 0.06985240718188217,
      "rev_growth_yoy_accel": 0.012129868928260373,
      "op_leverage_ratio": Infinity,
      "fcf_margin_change": 0.02153468285444035
    },
    {
      "date": "2023-03-31T00:00:00",
      "quarter_label": "2023-03 (Q1)",
      "revenue": 99818000,
      "gross_profit": 83609000,
      "operating_income": 14324000,
      "net_income": 3539000,
      "opex": 69285000,
      "cogs": 16209000,
      "rd": 18810000,
      "sga": null,
      "fcf": 7227000,
      "ocf": 10631000,
      "capex": -3404000,
      "gross_margin": 0.8376144583141317,
      "op_margin": 0.14350117213328256,
      "fcf_margin": 0.072401771223627,
      "incr_op_margin_yoy": 0.3634739897298504,
      "rev_growth_yoy": 0.09859123926920538,
      "rev_growth_yoy_accel": 0.02873883208732321,
      "op_leverage_ratio": 0.9664383949729863,
      "fcf_margin_change": -0.08690061507473863
    },
    {
      "date": "2023-06-30T00:00:00",
      "quarter_label": "2023-06 (Q2)",
      "revenue": 106080000,
      "gross_profit": 89058000,
      "operating_income": 15834000,
      "net_income": 4509000,
      "opex": 73224000,
      "cogs": 17022000,
      "rd": 20234000,
      "sga": null,
      "fcf": 17161000,
      "ocf": 20726000,
      "capex": -3565000,
      "gross_margin": 0.8395361990950226,
      "op_margin": 0.14926470588235294,
      "fcf_margin": 0.1617741327300151,
      "incr_op_margin_yoy": 0.38310385387116863,
      "rev_growth_yoy": 0.1577373481615681,
      "rev_growth_yoy_accel": 0.059146108892362714,
      "op_leverage_ratio": 1.1034621472618629,
      "fcf_margin_change": 0.0893723615063881
    },
    {
      "date": "2023-09-30T00:00:00",
      "quarter_label": "2023-09 (Q3)",
      "revenue": 107567000,
      "gross_profit": 90211000,
      "operating_income": 18350000,
      "net_income": 6013000,
      "opex": 71861000,
      "cogs": 17356000,
      "rd": 19752000,
      "sga": null,
      "fcf": 23994000,
      "ocf": 27512000,
      "capex": -3518000,
      "gross_margin": 0.838649399908894,
      "op_margin": 0.17059135236643208,
      "fcf_margin": 0.2230609759498731,
      "incr_op_margin_yoy": 0.4720797720797721,
      "rev_growth_yoy": 0.15011707849070322,
      "rev_growth_yoy_accel": -0.0076202696708648765,
      "op_leverage_ratio": Infinity,
      "fcf_margin_change": 0.061286843219858
    },
    {
      "date": "2023-12-31T00:00:00",
      "quarter_label": "2023-12 (Q4)",
      "revenue": 108415000,
      "gross_profit": 90794000,
      "operating_income": 21811000,
      "net_income": 9351000,
      "opex": 68983000,
      "cogs": 17621000,
      "rd": 19384000,
      "sga": null,
      "fcf": 27927000,
      "ocf": 31220000,
      "capex": -3293000,
      "gross_margin": 0.8374671401558825,
      "op_margin": 0.20118064843425726,
      "fcf_margin": 0.25759350643361156,
      "incr_op_margin_yoy": 0.5925750394944708,
      "rev_growth_yoy": 0.13221241710615633,
      "rev_growth_yoy_accel": -0.017904661384546883,
      "fcf_margin_change": 0.03453253048373847
    },
    {
      "date": "2024-03-31T00:00:00",
      "quarter_label": "2024-03 (Q1)",
      "revenue": 113749000,
      "gross_profit": 95452000,
      "operating_income": 20491000,
      "net_income": 7456000,
      "opex": 74961000,
      "cogs": 18297000,
      "rd": 22082000,
      "sga": null,
      "fcf": 746000,
      "ocf": 4184000,
      "capex": -3438000,
      "gross_margin": 0.8391458386447354,
      "op_margin": 0.18014224300872975,
      "fcf_margin": 0.006558299413621219,
      "incr_op_margin_yoy": 0.44268178881630893,
      "rev_growth_yoy": 0.1395640064918151,
      "rev_growth_yoy_accel": 0.007351589385658774,
      "op_leverage_ratio": 0.5677404059623868,
      "fcf_margin_change": -0.2510352070199903
    },
    {
      "date": "2024-06-30T00:00:00",
      "quarter_label": "2024-06 (Q2)",
      "revenue": 119447000,
      "gross_profit": 100283000,
      "operating_income": 21979000,
      "net_income": 9455000,
      "opex": 78304000,
      "cogs": 19164000,
      "rd": 22391000,
      "sga": null,
      "fcf": 24036000,
      "ocf": 27278000,
      "capex": -3242000,
      "gross_margin": 0.8395606419583581,
      "op_margin": 0.18400629567925522,
      "fcf_margin": 0.2012273225782146,
      "incr_op_margin_yoy": 0.45971422159048403,
      "rev_growth_yoy": 0.12600867269984917,
      "rev_growth_yoy_accel": -0.01355533379196594,
      "op_leverage_ratio": 1.1232433406921805,
      "fcf_margin_change": 0.1946690231645934
    },
    {
      "date": "2024-09-30T00:00:00",
      "quarter_label": "2024-09 (Q3)",
      "revenue": 116442000,
      "gross_profit": 96542000,
      "operating_income": 23908000,
      "net_income": 10757000,
      "opex": 72634000,
      "cogs": 19900000,
      "rd": 22995000,
      "sga": null,
      "fcf": 18249000,
      "ocf": 21989000,
      "capex": -3740000,
      "gross_margin": 0.8290994658284812,
      "op_margin": 0.20532110406897855,
      "fcf_margin": 0.1567218014118617,
      "incr_op_margin_yoy": 0.6262535211267606,
      "rev_growth_yoy": 0.08250671674398281,
      "rev_growth_yoy_accel": -0.04350195595586635,
      "fcf_margin_change": -0.044505521166352896
    },
    {
      "date": "2024-12-31T00:00:00",
      "quarter_label": "2024-12 (Q4)",
      "revenue": 116509000,
      "gross_profit": 93191000,
      "operating_income": 15992000,
      "net_income": 3290000,
      "opex": 77199000,
      "cogs": 23318000,
      "rd": 23246000,
      "sga": null,
      "fcf": 18836000,
      "ocf": 25986000,
      "capex": -7150000,
      "gross_margin": 0.7998609549476865,
      "op_margin": 0.1372597825060725,
      "fcf_margin": 0.16166991391222996,
      "incr_op_margin_yoy": -0.7189276006918706,
      "rev_growth_yoy": 0.07465756583498594,
      "rev_growth_yoy_accel": -0.007849150908996877,
      "fcf_margin_change": 0.004948112500368251
    },
    {
      "date": "2025-03-31T00:00:00",
      "quarter_label": "2025-03 (Q1)",
      "revenue": 118197000,
      "gross_profit": 90519000,
      "operating_income": 1824000,
      "net_income": -7162000,
      "opex": 88695000,
      "cogs": 27678000,
      "rd": 23884000,
      "sga": null,
      "fcf": 16389000,
      "ocf": 19677000,
      "capex": -3288000,
      "gross_margin": 0.7658316200918805,
      "op_margin": 0.01543186375288713,
      "fcf_margin": 0.13865834158227366,
      "incr_op_margin_yoy": -4.19671762589928,
      "rev_growth_yoy": 0.03910364047156459,
      "rev_growth_yoy_accel": -0.03555392536342135,
      "op_leverage_ratio": 0.09729216937034137,
      "fcf_margin_change": -0.023011572329956292
    },
    {
      "date": "2025-06-30T00:00:00",
      "quarter_label": "2025-06 (Q2)",
      "revenue": 131249000,
      "gross_profit": 102552000,
      "operating_income": 10122000,
      "net_income": -4022000,
      "opex": 92430000,
      "cogs": 28697000,
      "rd": 26336000,
      "sga": null,
      "fcf": 20399000,
      "ocf": 24187000,
      "capex": -3788000,
      "gross_margin": 0.7813545246059017,
      "op_margin": 0.07712058758542922,
      "fcf_margin": 0.15542213654961182,
      "incr_op_margin_yoy": -1.004660227080156,
      "rev_growth_yoy": 0.09880532788600802,
      "rev_growth_yoy_accel": 0.05970168741444343,
      "op_leverage_ratio": 2.622280487211926,
      "fcf_margin_change": 0.016763794967338153
    },
    {
      "date": "2025-09-30T00:00:00",
      "quarter_label": "2025-09 (Q3)",
      "revenue": 131710000,
      "gross_profit": 102061000,
      "operating_income": 11600000,
      "net_income": 1383000,
      "opex": 90461000,
      "cogs": 29649000,
      "rd": 25188000,
      "sga": null,
      "fcf": 17422000,
      "ocf": 24002000,
      "capex": -6580000,
      "gross_margin": 0.7748918077594715,
      "op_margin": 0.08807228000911092,
      "fcf_margin": 0.13227545364816642,
      "incr_op_margin_yoy": -0.8061304689546764,
      "rev_growth_yoy": 0.131121073152299,
      "rev_growth_yoy_accel": 0.032315745266290996,
      "fcf_margin_change": -0.023146682901445392
    }
  ],
  "signals": [
    {
      "quarter": "2025-06 (Q2)",
      "signal": "OPERATING LEVERAGE",
      "detail": "Rev growth +11.0% vs OpEx growth +4.2% (leverage: 2.6x)",
      "severity": "MEDIUM"
    },
    {
      "quarter": "2025-06 (Q2)",
      "signal": "YoY REVENUE GROWTH ACCELERATION",
      "detail": "YoY growth: +9.9% vs prior quarter YoY: +3.9% (accel: +6.0%)",
      "severity": "MEDIUM"
    },
    {
      "quarter": "2024-09 (Q3)",
      "signal": "INCREMENTAL MARGIN (YoY)",
      "detail": "YoY Incr OPM: +62.6% vs year-ago OPM: +17.1%",
      "severity": "HIGH"
    },
    {
      "quarter": "2024-06 (Q2)",
      "signal": "FCF MARGIN EXPANSION",
      "detail": "FCF margin: +0.7% -> +20.1% (+19.5%)",
      "severity": "MEDIUM"
    },
    {
      "quarter": "2024-06 (Q2)",
      "signal": "INCREMENTAL MARGIN (YoY)",
      "detail": "YoY Incr OPM: +46.0% vs year-ago OPM: +14.9%",
      "severity": "HIGH"
    },
    {
      "quarter": "2024-03 (Q1)",
      "signal": "INCREMENTAL MARGIN (YoY)",
      "detail": "YoY Incr OPM: +44.3% vs year-ago OPM: +14.4%",
      "severity": "HIGH"
    },
    {
      "quarter": "2023-12 (Q4)",
      "signal": "INCREMENTAL MARGIN (YoY)",
      "detail": "YoY Incr OPM: +59.3% vs year-ago OPM: +14.9%",
      "severity": "HIGH"
    },
    {
      "quarter": "2023-09 (Q3)",
      "signal": "FCF MARGIN EXPANSION",
      "detail": "FCF margin: +16.2% -> +22.3% (+6.1%)",
      "severity": "MEDIUM"
    },
    {
      "quarter": "2023-09 (Q3)",
      "signal": "INCREMENTAL MARGIN (YoY)",
      "detail": "YoY Incr OPM: +47.2% vs year-ago OPM: +12.5%",
      "severity": "HIGH"
    },
    {
      "quarter": "2023-06 (Q2)",
      "signal": "FCF MARGIN EXPANSION",
      "detail": "FCF margin: +7.2% -> +16.2% (+8.9%)",
      "severity": "MEDIUM"
    },
    {
      "quarter": "2023-06 (Q2)",
      "signal": "YoY REVENUE GROWTH ACCELERATION",
      "detail": "YoY growth: +15.8% vs prior quarter YoY: +9.9% (accel: +5.9%)",
      "severity": "MEDIUM"
    },
    {
      "quarter": "2023-06 (Q2)",
      "signal": "INCREMENTAL MARGIN (YoY)",
      "detail": "YoY Incr OPM: +38.3% vs year-ago OPM: +11.2%",
      "severity": "HIGH"
    },
    {
      "quarter": "2023-03 (Q1)",
      "signal": "INCREMENTAL MARGIN (YoY)",
      "detail": "YoY Incr OPM: +36.3% vs year-ago OPM: +12.2%",
      "severity": "HIGH"
    },
    {
      "quarter": "2022-12 (Q4)",
      "signal": "INCREMENTAL MARGIN (YoY)",
      "detail": "YoY Incr OPM: +92.9% vs year-ago OPM: +9.5%",
      "severity": "HIGH"
    },
    {
      "quarter": "2022-09 (Q3)",
      "signal": "INCREMENTAL MARGIN (YoY)",
      "detail": "YoY Incr OPM: +38.2% vs year-ago OPM: +11.1%",
      "severity": "HIGH"
    },
    {
      "quarter": "2022-06 (Q2)",
      "signal": "FCF MARGIN EXPANSION",
      "detail": "FCF margin: +11.5% -> +21.8% (+10.4%)",
      "severity": "MEDIUM"
    },
    {
      "quarter": "2022-03 (Q1)",
      "signal": "INCREMENTAL MARGIN (YoY)",
      "detail": "YoY Incr OPM: +76.8% vs year-ago OPM: +6.2%",
      "severity": "HIGH"
    },
    {
      "quarter": "2021-12 (Q4)",
      "signal": "FCF TURNED POSITIVE",
      "detail": "FCF margin: -4.1% -> +8.9%",
      "severity": "HIGH"
    },
    {
      "quarter": "2021-12 (Q4)",
      "signal": "INCREMENTAL MARGIN (YoY)",
      "detail": "YoY Incr OPM: +83.1% vs year-ago OPM: +0.6%",
      "severity": "HIGH"
    },
    {
      "quarter": "2021-03 (Q1)",
      "signal": "OPERATING LEVERAGE",
      "detail": "Rev growth +4.1% vs OpEx growth +2.2% (leverage: 1.9x)",
      "severity": "MEDIUM"
    }
  ],
  "data_quality": {
    "n_quarters": 20,
    "coverage": {
      "revenue": [
        20,
        20
      ],
      "gross_profit": [
        20,
        20
      ],
      "op_income": [
        20,
        20
      ],
      "fcf": [
        20,
        20
      ]
    },
    "gaps": [],
    "warnings": []
  },
  "market_cap": null,
  "source": "SEC EDGAR",
  "last_updated": "2026-02-02T21:55:10.856654",
  "sector": "Technology",
  "industry": "Information Technology Services"
}