{
  "ticker": "NAGE",
  "name": "NIAGEN BIOSCIENCE, INC.",
  "quarters": [
    {
      "date": "2020-12-31T00:00:00",
      "quarter_label": "2020-12 (Q4)",
      "revenue": 15445000,
      "gross_profit": 9421000,
      "operating_income": -6081000,
      "net_income": -6097000,
      "opex": 15502000,
      "cogs": 6024000,
      "rd": 991000,
      "sga": null,
      "fcf": 22000,
      "ocf": 22000,
      "capex": null,
      "gross_margin": 0.6099708643573972,
      "op_margin": -0.3937196503722888,
      "fcf_margin": 0.001424409193913888
    },
    {
      "date": "2021-03-31T00:00:00",
      "quarter_label": "2021-03 (Q1)",
      "revenue": 14683000,
      "gross_profit": 9234000,
      "operating_income": -7362000,
      "net_income": -7381000,
      "opex": 16596000,
      "cogs": 5449000,
      "rd": 824000,
      "sga": null,
      "fcf": -5405000,
      "ocf": -5405000,
      "capex": null,
      "gross_margin": 0.6288905537015597,
      "op_margin": -0.5013961724443233,
      "fcf_margin": -0.36811278349111215,
      "fcf_margin_change": -0.36953719268502605
    },
    {
      "date": "2021-06-30T00:00:00",
      "quarter_label": "2021-06 (Q2)",
      "revenue": 17699000,
      "gross_profit": 10810000,
      "operating_income": -5554000,
      "net_income": -5566000,
      "opex": 16364000,
      "cogs": 6889000,
      "rd": 1004000,
      "sga": null,
      "fcf": -7895000,
      "ocf": -7895000,
      "capex": null,
      "gross_margin": 0.610768969998305,
      "op_margin": -0.3138030397197582,
      "fcf_margin": -0.44607039945759647,
      "op_leverage_ratio": Infinity,
      "fcf_margin_change": -0.07795761596648432
    },
    {
      "date": "2021-09-30T00:00:00",
      "quarter_label": "2021-09 (Q3)",
      "revenue": 17308000,
      "gross_profit": 10578000,
      "operating_income": -8841000,
      "net_income": -8856000,
      "opex": 19419000,
      "cogs": 6730000,
      "rd": 996000,
      "sga": null,
      "fcf": -5919000,
      "ocf": -5919000,
      "capex": null,
      "gross_margin": 0.6111624682227872,
      "op_margin": -0.5108042523688467,
      "fcf_margin": -0.34198058701178646,
      "fcf_margin_change": 0.10408981244581
    },
    {
      "date": "2021-12-31T00:00:00",
      "quarter_label": "2021-12 (Q4)",
      "revenue": 17759000,
      "gross_profit": 10868000,
      "operating_income": -5316000,
      "net_income": -5325000,
      "opex": 16184000,
      "cogs": 6891000,
      "rd": 1045000,
      "sga": null,
      "fcf": -4944000,
      "ocf": -4944000,
      "capex": null,
      "gross_margin": 0.6119713947857425,
      "op_margin": -0.29934117912044594,
      "fcf_margin": -0.278394053719241,
      "incr_op_margin_yoy": 0.33059636992221264,
      "rev_growth_yoy": 0.14982194885076078,
      "op_leverage_ratio": Infinity,
      "fcf_margin_change": 0.06358653329254549
    },
    {
      "date": "2022-03-31T00:00:00",
      "quarter_label": "2022-03 (Q1)",
      "revenue": 17259000,
      "gross_profit": 10532000,
      "operating_income": -7732000,
      "net_income": -7740000,
      "opex": 18264000,
      "cogs": 6727000,
      "rd": 1078000,
      "sga": null,
      "fcf": -7198000,
      "ocf": -7198000,
      "capex": null,
      "gross_margin": 0.6102323425459181,
      "op_margin": -0.4479981458948954,
      "fcf_margin": -0.4170577669621647,
      "incr_op_margin_yoy": -0.14363354037267081,
      "rev_growth_yoy": 0.1754409861744875,
      "rev_growth_yoy_accel": 0.025619037323726723,
      "fcf_margin_change": -0.1386637132429237
    },
    {
      "date": "2022-06-30T00:00:00",
      "quarter_label": "2022-06 (Q2)",
      "revenue": 16732000,
      "gross_profit": 10042000,
      "operating_income": -6387000,
      "net_income": -6397000,
      "opex": 16429000,
      "cogs": 6690000,
      "rd": 1245000,
      "sga": null,
      "fcf": -3832000,
      "ocf": -3832000,
      "capex": null,
      "gross_margin": 0.600167344011475,
      "op_margin": -0.3817236433181927,
      "fcf_margin": -0.22902223284723883,
      "rev_growth_yoy": -0.05463585513305837,
      "rev_growth_yoy_accel": -0.23007684130754585,
      "fcf_margin_change": 0.18803553411492585
    },
    {
      "date": "2022-09-30T00:00:00",
      "quarter_label": "2022-09 (Q3)",
      "revenue": 17063000,
      "gross_profit": 10207000,
      "operating_income": -3065000,
      "net_income": -985000,
      "opex": 13272000,
      "cogs": 6856000,
      "rd": 1224000,
      "sga": null,
      "fcf": -3740000,
      "ocf": -3740000,
      "capex": null,
      "gross_margin": 0.5981949246908516,
      "op_margin": -0.17962843579675322,
      "fcf_margin": -0.2191877161108832,
      "rev_growth_yoy": -0.014155303905708343,
      "rev_growth_yoy_accel": 0.040480551227350024,
      "op_leverage_ratio": Infinity,
      "fcf_margin_change": 0.00983451673635563
    },
    {
      "date": "2022-12-31T00:00:00",
      "quarter_label": "2022-12 (Q4)",
      "revenue": 20996000,
      "gross_profit": 12016000,
      "operating_income": -1444000,
      "net_income": -1418000,
      "opex": 13460000,
      "cogs": 8980000,
      "rd": 1279000,
      "sga": null,
      "fcf": -328000,
      "ocf": -328000,
      "capex": null,
      "gross_margin": 0.5722994856163078,
      "op_margin": -0.06877500476281197,
      "fcf_margin": -0.015622023242522385,
      "incr_op_margin_yoy": 1.1961692925548346,
      "rev_growth_yoy": 0.18227377667661468,
      "rev_growth_yoy_accel": 0.19642908058232303,
      "op_leverage_ratio": 16.27223019573271,
      "fcf_margin_change": 0.20356569286836082
    },
    {
      "date": "2023-03-31T00:00:00",
      "quarter_label": "2023-03 (Q1)",
      "revenue": 22556000,
      "gross_profit": 13518000,
      "operating_income": -1968000,
      "net_income": -1902000,
      "opex": 15486000,
      "cogs": 9038000,
      "rd": 1193000,
      "sga": null,
      "fcf": 2792000,
      "ocf": 2792000,
      "capex": null,
      "gross_margin": 0.5993083880120589,
      "op_margin": -0.0872495123248803,
      "fcf_margin": 0.12378081220074481,
      "incr_op_margin_yoy": 1.088163111195016,
      "rev_growth_yoy": 0.30691233559302394,
      "rev_growth_yoy_accel": 0.12463855891640926,
      "op_leverage_ratio": 0.49362102911719,
      "fcf_margin_change": 0.1394028354432672
    },
    {
      "date": "2023-06-30T00:00:00",
      "quarter_label": "2023-06 (Q2)",
      "revenue": 20323000,
      "gross_profit": 12356000,
      "operating_income": -2316000,
      "net_income": -2191000,
      "opex": 14672000,
      "cogs": 7967000,
      "rd": 1365000,
      "sga": null,
      "fcf": 3280000,
      "ocf": 3280000,
      "capex": null,
      "gross_margin": 0.6079811051517985,
      "op_margin": -0.11395955321556857,
      "fcf_margin": 0.16139349505486394,
      "incr_op_margin_yoy": 1.1336675020885547,
      "rev_growth_yoy": 0.2146186947167105,
      "rev_growth_yoy_accel": -0.09229364087631345,
      "fcf_margin_change": 0.03761268285411913
    },
    {
      "date": "2023-09-30T00:00:00",
      "quarter_label": "2023-09 (Q3)",
      "revenue": 19495000,
      "gross_profit": 11969000,
      "operating_income": -1147000,
      "net_income": -959000,
      "opex": 13116000,
      "cogs": 7526000,
      "rd": 1241000,
      "sga": null,
      "fcf": 396000,
      "ocf": 396000,
      "capex": null,
      "gross_margin": 0.6139522954603744,
      "op_margin": -0.058835598871505516,
      "fcf_margin": 0.020312900743780456,
      "incr_op_margin_yoy": 0.7886513157894737,
      "rev_growth_yoy": 0.1425306218132802,
      "rev_growth_yoy_accel": -0.0720880729034303,
      "fcf_margin_change": -0.1410805943110835
    },
    {
      "date": "2023-12-31T00:00:00",
      "quarter_label": "2023-12 (Q4)",
      "revenue": 21196000,
      "gross_profit": 12937000,
      "operating_income": -168000,
      "net_income": 114000,
      "opex": 13105000,
      "cogs": 8259000,
      "rd": 1159000,
      "sga": null,
      "fcf": 649000,
      "ocf": 649000,
      "capex": null,
      "gross_margin": 0.6103510096244574,
      "op_margin": -0.007926023778071334,
      "fcf_margin": 0.030618984714097,
      "rev_growth_yoy": 0.009525623928367309,
      "rev_growth_yoy_accel": -0.13300499788491288,
      "op_leverage_ratio": Infinity,
      "fcf_margin_change": 0.010306083970316543
    },
    {
      "date": "2024-03-31T00:00:00",
      "quarter_label": "2024-03 (Q1)",
      "revenue": 22153000,
      "gross_profit": 13456000,
      "operating_income": -731000,
      "net_income": -492000,
      "opex": 14187000,
      "cogs": 8697000,
      "rd": 2095000,
      "sga": null,
      "fcf": 295000,
      "ocf": 295000,
      "capex": null,
      "gross_margin": 0.6074120886561639,
      "op_margin": -0.03299778810996253,
      "fcf_margin": 0.013316480837809777,
      "rev_growth_yoy": -0.01786664302181238,
      "rev_growth_yoy_accel": -0.02739226695017969,
      "op_leverage_ratio": 0.5468494648486323,
      "fcf_margin_change": -0.01730250387628722
    },
    {
      "date": "2024-06-30T00:00:00",
      "quarter_label": "2024-06 (Q2)",
      "revenue": 22739000,
      "gross_profit": 13693000,
      "operating_income": -256000,
      "net_income": -15000,
      "opex": 13949000,
      "cogs": 9046000,
      "rd": 1316000,
      "sga": null,
      "fcf": -264000,
      "ocf": -264000,
      "capex": null,
      "gross_margin": 0.6021812744623775,
      "op_margin": -0.011258190773560843,
      "fcf_margin": -0.01161000923523462,
      "incr_op_margin_yoy": 0.8526490066225165,
      "rev_growth_yoy": 0.11888008660138759,
      "rev_growth_yoy_accel": 0.13674672962319998,
      "op_leverage_ratio": Infinity,
      "fcf_margin_change": -0.024926490073044396
    },
    {
      "date": "2024-09-30T00:00:00",
      "quarter_label": "2024-09 (Q3)",
      "revenue": 25580000,
      "gross_profit": 16240000,
      "operating_income": 1602000,
      "net_income": 1878000,
      "opex": 14638000,
      "cogs": 9340000,
      "rd": 1290000,
      "sga": null,
      "fcf": 3495000,
      "ocf": 3495000,
      "capex": null,
      "gross_margin": 0.6348709929632526,
      "op_margin": 0.06262705238467553,
      "fcf_margin": 0.1366301798279906,
      "incr_op_margin_yoy": 0.4517666392769104,
      "rev_growth_yoy": 0.31213131572198,
      "rev_growth_yoy_accel": 0.1932512291205924,
      "op_leverage_ratio": 2.5294361694271417,
      "fcf_margin_change": 0.14824018906322523
    },
    {
      "date": "2024-12-31T00:00:00",
      "quarter_label": "2024-12 (Q4)",
      "revenue": 29125000,
      "gross_profit": 18197000,
      "operating_income": 7111000,
      "net_income": 7179000,
      "opex": 11086000,
      "cogs": 10928000,
      "rd": 1315000,
      "sga": null,
      "fcf": 8583000,
      "ocf": 8583000,
      "capex": null,
      "gross_margin": 0.6247896995708154,
      "op_margin": 0.24415450643776823,
      "fcf_margin": 0.29469527896995706,
      "incr_op_margin_yoy": 0.9180224492369782,
      "rev_growth_yoy": 0.37408001509718813,
      "rev_growth_yoy_accel": 0.06194869937520814,
      "op_leverage_ratio": Infinity,
      "fcf_margin_change": 0.15806509914196645
    },
    {
      "date": "2025-03-31T00:00:00",
      "quarter_label": "2025-03 (Q1)",
      "revenue": 30481000,
      "gross_profit": 19331000,
      "operating_income": 4772000,
      "net_income": 5063000,
      "opex": 14559000,
      "cogs": 11150000,
      "rd": 1258000,
      "sga": null,
      "fcf": 7883000,
      "ocf": 7883000,
      "capex": null,
      "gross_margin": 0.6341983530724058,
      "op_margin": 0.15655654342049147,
      "fcf_margin": 0.2586201240116794,
      "incr_op_margin_yoy": 0.6607829010566763,
      "rev_growth_yoy": 0.37593102514332144,
      "rev_growth_yoy_accel": 0.0018510100461333057,
      "op_leverage_ratio": 0.14861541085183186,
      "fcf_margin_change": -0.03607515495827768
    },
    {
      "date": "2025-06-30T00:00:00",
      "quarter_label": "2025-06 (Q2)",
      "revenue": 31117000,
      "gross_profit": 20226000,
      "operating_income": 3185000,
      "net_income": 3609000,
      "opex": 17041000,
      "cogs": 10891000,
      "rd": 1567000,
      "sga": null,
      "fcf": 1250000,
      "ocf": 1250000,
      "capex": null,
      "gross_margin": 0.6499983931612945,
      "op_margin": 0.10235562554230807,
      "fcf_margin": 0.04017096763826847,
      "incr_op_margin_yoy": 0.41071854857961326,
      "rev_growth_yoy": 0.36844188398786226,
      "rev_growth_yoy_accel": -0.007489141155459178,
      "op_leverage_ratio": 0.12239330819444702,
      "fcf_margin_change": -0.21844915637341092
    },
    {
      "date": "2025-09-30T00:00:00",
      "quarter_label": "2025-09 (Q3)",
      "revenue": 33986000,
      "gross_profit": 21928000,
      "operating_income": 4236000,
      "net_income": 4578000,
      "opex": 17692000,
      "cogs": 12058000,
      "rd": 1795000,
      "sga": null,
      "fcf": 3692000,
      "ocf": 3692000,
      "capex": null,
      "gross_margin": 0.645206849879362,
      "op_margin": 0.12463955746483846,
      "fcf_margin": 0.10863296651562408,
      "incr_op_margin_yoy": 0.31334760885082086,
      "rev_growth_yoy": 0.3286161063330727,
      "rev_growth_yoy_accel": -0.03982577765478956,
      "op_leverage_ratio": 2.4134978499214625,
      "fcf_margin_change": 0.06846199887735561
    }
  ],
  "signals": [
    {
      "quarter": "2025-09 (Q3)",
      "signal": "FCF MARGIN EXPANSION",
      "detail": "FCF margin: +4.0% -> +10.9% (+6.8%)",
      "severity": "MEDIUM"
    },
    {
      "quarter": "2025-09 (Q3)",
      "signal": "OPERATING LEVERAGE",
      "detail": "Rev growth +9.2% vs OpEx growth +3.8% (leverage: 2.4x)",
      "severity": "MEDIUM"
    },
    {
      "quarter": "2025-09 (Q3)",
      "signal": "INCREMENTAL MARGIN (YoY)",
      "detail": "YoY Incr OPM: +31.3% vs year-ago OPM: +6.3%",
      "severity": "HIGH"
    },
    {
      "quarter": "2025-06 (Q2)",
      "signal": "OP MARGIN TURNED POSITIVE (YoY)",
      "detail": "Op margin: -1.1% (year-ago) -> +10.2%",
      "severity": "HIGH"
    },
    {
      "quarter": "2025-03 (Q1)",
      "signal": "OP MARGIN TURNED POSITIVE (YoY)",
      "detail": "Op margin: -3.3% (year-ago) -> +15.7%",
      "severity": "HIGH"
    },
    {
      "quarter": "2024-12 (Q4)",
      "signal": "FCF MARGIN EXPANSION",
      "detail": "FCF margin: +13.7% -> +29.5% (+15.8%)",
      "severity": "MEDIUM"
    },
    {
      "quarter": "2024-12 (Q4)",
      "signal": "YoY REVENUE GROWTH ACCELERATION",
      "detail": "YoY growth: +37.4% vs prior quarter YoY: +31.2% (accel: +6.2%)",
      "severity": "MEDIUM"
    },
    {
      "quarter": "2024-12 (Q4)",
      "signal": "OP MARGIN TURNED POSITIVE (YoY)",
      "detail": "Op margin: -0.8% (year-ago) -> +24.4%",
      "severity": "HIGH"
    },
    {
      "quarter": "2024-09 (Q3)",
      "signal": "FCF TURNED POSITIVE",
      "detail": "FCF margin: -1.2% -> +13.7%",
      "severity": "HIGH"
    },
    {
      "quarter": "2024-09 (Q3)",
      "signal": "OPERATING LEVERAGE",
      "detail": "Rev growth +12.5% vs OpEx growth +4.9% (leverage: 2.5x)",
      "severity": "MEDIUM"
    },
    {
      "quarter": "2024-09 (Q3)",
      "signal": "GROSS MARGIN INFLECTION",
      "detail": "GM: +60.7% -> +60.2% -> +63.5% (reversal +3.3%)",
      "severity": "MEDIUM"
    },
    {
      "quarter": "2024-09 (Q3)",
      "signal": "YoY REVENUE GROWTH ACCELERATION",
      "detail": "YoY growth: +31.2% vs prior quarter YoY: +11.9% (accel: +19.3%)",
      "severity": "HIGH"
    },
    {
      "quarter": "2024-09 (Q3)",
      "signal": "OP MARGIN TURNED POSITIVE (YoY)",
      "detail": "Op margin: -5.9% (year-ago) -> +6.3%",
      "severity": "HIGH"
    },
    {
      "quarter": "2024-09 (Q3)",
      "signal": "OP MARGIN TURNED POSITIVE (QoQ)",
      "detail": "Op margin: -1.1% -> +6.3%",
      "severity": "HIGH"
    },
    {
      "quarter": "2024-06 (Q2)",
      "signal": "YoY REVENUE GROWTH ACCELERATION",
      "detail": "YoY growth: +11.9% vs prior quarter YoY: -1.8% (accel: +13.7%)",
      "severity": "MEDIUM"
    },
    {
      "quarter": "2023-12 (Q4)",
      "signal": "YoY REVENUE GROWTH DECELERATION",
      "detail": "YoY growth: +1.0% vs prior quarter YoY: +14.3% (decel: -13.3%)",
      "severity": "WARNING"
    },
    {
      "quarter": "2023-09 (Q3)",
      "signal": "YoY REVENUE GROWTH DECELERATION",
      "detail": "YoY growth: +14.3% vs prior quarter YoY: +21.5% (decel: -7.2%)",
      "severity": "WARNING"
    },
    {
      "quarter": "2023-06 (Q2)",
      "signal": "YoY REVENUE GROWTH DECELERATION",
      "detail": "YoY growth: +21.5% vs prior quarter YoY: +30.7% (decel: -9.2%)",
      "severity": "WARNING"
    },
    {
      "quarter": "2023-03 (Q1)",
      "signal": "FCF TURNED POSITIVE",
      "detail": "FCF margin: -1.6% -> +12.4%",
      "severity": "HIGH"
    },
    {
      "quarter": "2023-03 (Q1)",
      "signal": "GROSS MARGIN INFLECTION",
      "detail": "GM: +59.8% -> +57.2% -> +59.9% (reversal +2.7%)",
      "severity": "MEDIUM"
    },
    {
      "quarter": "2023-03 (Q1)",
      "signal": "YoY REVENUE GROWTH ACCELERATION",
      "detail": "YoY growth: +30.7% vs prior quarter YoY: +18.2% (accel: +12.5%)",
      "severity": "MEDIUM"
    },
    {
      "quarter": "2022-12 (Q4)",
      "signal": "FCF MARGIN EXPANSION",
      "detail": "FCF margin: -21.9% -> -1.6% (+20.4%)",
      "severity": "MEDIUM"
    },
    {
      "quarter": "2022-12 (Q4)",
      "signal": "OPERATING LEVERAGE",
      "detail": "Rev growth +23.0% vs OpEx growth +1.4% (leverage: 16.3x)",
      "severity": "MEDIUM"
    },
    {
      "quarter": "2022-12 (Q4)",
      "signal": "YoY REVENUE GROWTH ACCELERATION",
      "detail": "YoY growth: +18.2% vs prior quarter YoY: -1.4% (accel: +19.6%)",
      "severity": "HIGH"
    },
    {
      "quarter": "2022-06 (Q2)",
      "signal": "FCF MARGIN EXPANSION",
      "detail": "FCF margin: -41.7% -> -22.9% (+18.8%)",
      "severity": "MEDIUM"
    },
    {
      "quarter": "2022-06 (Q2)",
      "signal": "YoY REVENUE GROWTH DECELERATION",
      "detail": "YoY growth: -5.5% vs prior quarter YoY: +17.5% (decel: -23.0%)",
      "severity": "WARNING"
    },
    {
      "quarter": "2021-12 (Q4)",
      "signal": "FCF MARGIN EXPANSION",
      "detail": "FCF margin: -34.2% -> -27.8% (+6.4%)",
      "severity": "MEDIUM"
    },
    {
      "quarter": "2021-09 (Q3)",
      "signal": "FCF MARGIN EXPANSION",
      "detail": "FCF margin: -44.6% -> -34.2% (+10.4%)",
      "severity": "MEDIUM"
    }
  ],
  "data_quality": {
    "n_quarters": 20,
    "coverage": {
      "revenue": [
        20,
        20
      ],
      "gross_profit": [
        20,
        20
      ],
      "op_income": [
        20,
        20
      ],
      "fcf": [
        20,
        20
      ]
    },
    "gaps": [],
    "warnings": []
  },
  "market_cap": null,
  "source": "SEC EDGAR",
  "last_updated": "2026-02-02T22:25:42.540679"
}