{
  "ticker": "NAII",
  "name": "NATURAL ALTERNATIVES INTERNATIONAL INC",
  "quarters": [
    {
      "date": "2020-12-31T00:00:00",
      "quarter_label": "2020-12 (Q4)",
      "revenue": 48083000,
      "gross_profit": 9674000,
      "operating_income": null,
      "net_income": 3632000,
      "opex": null,
      "cogs": 38409000,
      "rd": null,
      "sga": 4282000,
      "fcf": 1539000,
      "ocf": 4573000,
      "capex": -3034000,
      "gross_margin": 0.2011937691075848,
      "op_margin": null,
      "fcf_margin": 0.032007154295697025
    },
    {
      "date": "2021-03-31T00:00:00",
      "quarter_label": "2021-03 (Q1)",
      "revenue": 46320000,
      "gross_profit": 6836000,
      "operating_income": null,
      "net_income": 1916000,
      "opex": null,
      "cogs": 39484000,
      "rd": null,
      "sga": 4136000,
      "fcf": 10099000,
      "ocf": 11316000,
      "capex": -1217000,
      "gross_margin": 0.14758203799654576,
      "op_margin": null,
      "fcf_margin": 0.21802677029360967,
      "fcf_margin_change": 0.18601961599791264
    },
    {
      "date": "2021-06-30T00:00:00",
      "quarter_label": "2021-06 (Q2)",
      "revenue": 44391000,
      "gross_profit": 7927000,
      "operating_income": 3495000,
      "net_income": 2962000,
      "opex": 4432000,
      "cogs": 36464000,
      "rd": null,
      "sga": null,
      "fcf": 3951000,
      "ocf": 4807000,
      "capex": -856000,
      "gross_margin": 0.17857223311031514,
      "op_margin": 0.07873217544096776,
      "fcf_margin": 0.08900452794485368,
      "fcf_margin_change": -0.12902224234875598
    },
    {
      "date": "2021-09-30T00:00:00",
      "quarter_label": "2021-09 (Q3)",
      "revenue": 38340000,
      "gross_profit": 8281000,
      "operating_income": 4228000,
      "net_income": 3256000,
      "opex": 4053000,
      "cogs": 30059000,
      "rd": null,
      "sga": 4053000,
      "fcf": -22120000,
      "ocf": -3776000,
      "capex": -18344000,
      "gross_margin": 0.2159885237350026,
      "op_margin": 0.11027647365675534,
      "fcf_margin": -0.576943140323422,
      "fcf_margin_change": -0.6659476682682757
    },
    {
      "date": "2021-12-31T00:00:00",
      "quarter_label": "2021-12 (Q4)",
      "revenue": 37727000,
      "gross_profit": 6546000,
      "operating_income": 2401000,
      "net_income": 1847000,
      "opex": 4145000,
      "cogs": 31181000,
      "rd": null,
      "sga": 4145000,
      "fcf": 1919000,
      "ocf": 3219000,
      "capex": -1300000,
      "gross_margin": 0.17350968802184114,
      "op_margin": 0.06364142391390781,
      "fcf_margin": 0.0508654279428526,
      "rev_growth_yoy": -0.2153775762743589,
      "fcf_margin_change": 0.6278085682662746
    },
    {
      "date": "2022-03-31T00:00:00",
      "quarter_label": "2022-03 (Q1)",
      "revenue": 42373000,
      "gross_profit": 7393000,
      "operating_income": 3274000,
      "net_income": 2504000,
      "opex": 4119000,
      "cogs": 34980000,
      "rd": null,
      "sga": 4119000,
      "fcf": 1855000,
      "ocf": 3679000,
      "capex": -1824000,
      "gross_margin": 0.17447431147192788,
      "op_margin": 0.07726618365468577,
      "fcf_margin": 0.043777877421943216,
      "rev_growth_yoy": -0.08521157167530224,
      "rev_growth_yoy_accel": 0.13016600459905667,
      "op_leverage_ratio": Infinity,
      "fcf_margin_change": -0.007087550520909383
    },
    {
      "date": "2022-06-30T00:00:00",
      "quarter_label": "2022-06 (Q2)",
      "revenue": 52526000,
      "gross_profit": 8289000,
      "operating_income": 3776000,
      "net_income": 3105000,
      "opex": 4513000,
      "cogs": 44237000,
      "rd": null,
      "sga": null,
      "fcf": 3724000,
      "ocf": 8744000,
      "capex": -5020000,
      "gross_margin": 0.15780756196931045,
      "op_margin": 0.07188820774473594,
      "fcf_margin": 0.07089822183299699,
      "incr_op_margin_yoy": 0.034542102028272896,
      "rev_growth_yoy": 0.1832578675857719,
      "rev_growth_yoy_accel": 0.26846943926107414,
      "op_leverage_ratio": 2.504959699818424,
      "fcf_margin_change": 0.027120344411053772
    },
    {
      "date": "2022-09-30T00:00:00",
      "quarter_label": "2022-09 (Q3)",
      "revenue": 43127000,
      "gross_profit": 5371000,
      "operating_income": 1542000,
      "net_income": 1053000,
      "opex": 3829000,
      "cogs": 37756000,
      "rd": null,
      "sga": 3829000,
      "fcf": -12327000,
      "ocf": -4560000,
      "capex": -7767000,
      "gross_margin": 0.12453915180745241,
      "op_margin": 0.03575486354256034,
      "fcf_margin": -0.28583022236649896,
      "incr_op_margin_yoy": -0.5611029872571548,
      "rev_growth_yoy": 0.1248565466875326,
      "rev_growth_yoy_accel": -0.058401320898239295,
      "fcf_margin_change": -0.35672844419949595
    },
    {
      "date": "2022-12-31T00:00:00",
      "quarter_label": "2022-12 (Q4)",
      "revenue": 42295000,
      "gross_profit": 6214000,
      "operating_income": 2485000,
      "net_income": 1813000,
      "opex": 3729000,
      "cogs": 36081000,
      "rd": null,
      "sga": 3729000,
      "fcf": 4422000,
      "ocf": 8295000,
      "capex": -3873000,
      "gross_margin": 0.14692043976829414,
      "op_margin": 0.05875398983331363,
      "fcf_margin": 0.10455136540962288,
      "incr_op_margin_yoy": 0.01838879159369527,
      "rev_growth_yoy": 0.1210803933522411,
      "rev_growth_yoy_accel": -0.0037761533352914933,
      "fcf_margin_change": 0.39038158777612186
    },
    {
      "date": "2023-03-31T00:00:00",
      "quarter_label": "2023-03 (Q1)",
      "revenue": 32699000,
      "gross_profit": 1376000,
      "operating_income": -2488000,
      "net_income": -2381000,
      "opex": 3864000,
      "cogs": 31323000,
      "rd": null,
      "sga": 3864000,
      "fcf": -5804000,
      "ocf": -4205000,
      "capex": -1599000,
      "gross_margin": 0.04208079757790758,
      "op_margin": -0.07608795376005383,
      "fcf_margin": -0.17749778280681366,
      "incr_op_margin_yoy": 0.5956171180483771,
      "rev_growth_yoy": -0.2283057607438699,
      "rev_growth_yoy_accel": -0.349386154096111,
      "fcf_margin_change": -0.28204914821643656
    },
    {
      "date": "2023-06-30T00:00:00",
      "quarter_label": "2023-06 (Q2)",
      "revenue": 35894000,
      "gross_profit": 5197000,
      "operating_income": 3174000,
      "net_income": 2037000,
      "opex": 2023000,
      "cogs": 30697000,
      "rd": null,
      "sga": null,
      "fcf": 7204000,
      "ocf": 7489000,
      "capex": -285000,
      "gross_margin": 0.14478742965398117,
      "op_margin": 0.08842703515907951,
      "fcf_margin": 0.20070206719786038,
      "incr_op_margin_yoy": 0.0361952861952862,
      "rev_growth_yoy": -0.31664318623158055,
      "rev_growth_yoy_accel": -0.08833742548771065,
      "op_leverage_ratio": Infinity,
      "fcf_margin_change": 0.37819985000467404
    },
    {
      "date": "2023-09-30T00:00:00",
      "quarter_label": "2023-09 (Q3)",
      "revenue": 33969000,
      "gross_profit": 3137000,
      "operating_income": -544000,
      "net_income": -695000,
      "opex": 3681000,
      "cogs": 30832000,
      "rd": null,
      "sga": 3681000,
      "fcf": 3218000,
      "ocf": 4496000,
      "capex": -1278000,
      "gross_margin": 0.09234890635579499,
      "op_margin": -0.016014601548470665,
      "fcf_margin": 0.094733433424593,
      "incr_op_margin_yoy": 0.22777899104607993,
      "rev_growth_yoy": -0.21234957219375333,
      "rev_growth_yoy_accel": 0.10429361403782722,
      "fcf_margin_change": -0.10596863377326737
    },
    {
      "date": "2023-12-31T00:00:00",
      "quarter_label": "2023-12 (Q4)",
      "revenue": 25202000,
      "gross_profit": 387000,
      "operating_income": -3513000,
      "net_income": -3070000,
      "opex": 3900000,
      "cogs": 24815000,
      "rd": null,
      "sga": 3900000,
      "fcf": -81000,
      "ocf": 348000,
      "capex": -429000,
      "gross_margin": 0.015355924133005317,
      "op_margin": -0.1393936989127847,
      "fcf_margin": -0.003214030632489485,
      "incr_op_margin_yoy": 0.35090387878078744,
      "rev_growth_yoy": -0.404137604917839,
      "rev_growth_yoy_accel": -0.19178803272408568,
      "fcf_margin_change": -0.09794746405708249
    },
    {
      "date": "2024-03-31T00:00:00",
      "quarter_label": "2024-03 (Q1)",
      "revenue": 25136000,
      "gross_profit": 1922000,
      "operating_income": -1952000,
      "net_income": -1578000,
      "opex": 3874000,
      "cogs": 23214000,
      "rd": null,
      "sga": 3874000,
      "fcf": -3900000,
      "ocf": -3624000,
      "capex": -276000,
      "gross_margin": 0.0764640356460853,
      "op_margin": -0.07765754296626352,
      "fcf_margin": -0.15515595162316995,
      "incr_op_margin_yoy": -0.0708713473489356,
      "rev_growth_yoy": -0.23129147680357198,
      "rev_growth_yoy_accel": 0.17284612811426703,
      "fcf_margin_change": -0.15194192099068046
    },
    {
      "date": "2024-06-30T00:00:00",
      "quarter_label": "2024-06 (Q2)",
      "revenue": 29489000,
      "gross_profit": 1419000,
      "operating_income": -2525000,
      "net_income": -1874000,
      "opex": 3944000,
      "cogs": 28070000,
      "rd": null,
      "sga": null,
      "fcf": -3751000,
      "ocf": -2717000,
      "capex": -1034000,
      "gross_margin": 0.04811963783105565,
      "op_margin": -0.08562514836040558,
      "fcf_margin": -0.12719997287124013,
      "incr_op_margin_yoy": 0.8897736143637783,
      "rev_growth_yoy": -0.17844207945617652,
      "rev_growth_yoy_accel": 0.052849397347395466,
      "op_leverage_ratio": 9.584160452850778,
      "fcf_margin_change": 0.027955978751929816
    },
    {
      "date": "2024-09-30T00:00:00",
      "quarter_label": "2024-09 (Q3)",
      "revenue": 33150000,
      "gross_profit": 2259000,
      "operating_income": -1836000,
      "net_income": -1982000,
      "opex": 4095000,
      "cogs": 30891000,
      "rd": null,
      "sga": 4095000,
      "fcf": -3744000,
      "ocf": -3443000,
      "capex": -301000,
      "gross_margin": 0.0681447963800905,
      "op_margin": -0.055384615384615386,
      "fcf_margin": -0.11294117647058824,
      "rev_growth_yoy": -0.024110218140068886,
      "rev_growth_yoy_accel": 0.15433186131610763,
      "op_leverage_ratio": 3.2426467698472816,
      "fcf_margin_change": 0.01425879640065189
    },
    {
      "date": "2024-12-31T00:00:00",
      "quarter_label": "2024-12 (Q4)",
      "revenue": 34078000,
      "gross_profit": 1669000,
      "operating_income": -2780000,
      "net_income": -2191000,
      "opex": 4449000,
      "cogs": 32409000,
      "rd": null,
      "sga": 4449000,
      "fcf": -1019000,
      "ocf": 37000,
      "capex": -1056000,
      "gross_margin": 0.04897587886613064,
      "op_margin": -0.08157755736839016,
      "fcf_margin": -0.029901989553377546,
      "incr_op_margin_yoy": 0.08258224425416855,
      "rev_growth_yoy": 0.35219427029600825,
      "rev_growth_yoy_accel": 0.3763044884360771,
      "op_leverage_ratio": 0.32382851445663013,
      "fcf_margin_change": 0.0830391869172107
    },
    {
      "date": "2025-03-31T00:00:00",
      "quarter_label": "2025-03 (Q1)",
      "revenue": 28766000,
      "gross_profit": 1826000,
      "operating_income": -2100000,
      "net_income": -2186000,
      "opex": 3926000,
      "cogs": 26940000,
      "rd": null,
      "sga": 3926000,
      "fcf": 5191000,
      "ocf": 5993000,
      "capex": -802000,
      "gross_margin": 0.06347771674893972,
      "op_margin": -0.07300285058749913,
      "fcf_margin": 0.18045609399986096,
      "incr_op_margin_yoy": -0.04077134986225895,
      "rev_growth_yoy": 0.14441438574156587,
      "rev_growth_yoy_accel": -0.20777988455444238,
      "fcf_margin_change": 0.2103580835532385
    },
    {
      "date": "2025-06-30T00:00:00",
      "quarter_label": "2025-06 (Q2)",
      "revenue": 33866000,
      "gross_profit": 3535000,
      "operating_income": -1944000,
      "net_income": -7216000,
      "opex": 5479000,
      "cogs": 30331000,
      "rd": null,
      "sga": null,
      "fcf": 1890000,
      "ocf": 3345000,
      "capex": -1455000,
      "gross_margin": 0.10438197602315007,
      "op_margin": -0.0574027047776531,
      "fcf_margin": 0.055808185200496074,
      "incr_op_margin_yoy": 0.13273931916838017,
      "rev_growth_yoy": 0.14842822747465156,
      "rev_growth_yoy_accel": 0.0040138417330856935,
      "op_leverage_ratio": 0.4481976132748475,
      "fcf_margin_change": -0.12464790879936488
    },
    {
      "date": "2025-09-30T00:00:00",
      "quarter_label": "2025-09 (Q3)",
      "revenue": 37730000,
      "gross_profit": 4397000,
      "operating_income": 284000,
      "net_income": -291000,
      "opex": 4113000,
      "cogs": 33333000,
      "rd": null,
      "sga": 4113000,
      "fcf": -5053000,
      "ocf": -4023000,
      "capex": -1030000,
      "gross_margin": 0.11653856347733899,
      "op_margin": 0.00752716671084018,
      "fcf_margin": -0.13392525841505434,
      "incr_op_margin_yoy": 0.462882096069869,
      "rev_growth_yoy": 0.13815987933634993,
      "rev_growth_yoy_accel": -0.01026834813830163,
      "op_leverage_ratio": Infinity,
      "fcf_margin_change": -0.18973344361555042
    }
  ],
  "signals": [
    {
      "quarter": "2025-09 (Q3)",
      "signal": "OP MARGIN TURNED POSITIVE (YoY)",
      "detail": "Op margin: -5.5% (year-ago) -> +0.8%",
      "severity": "HIGH"
    },
    {
      "quarter": "2025-09 (Q3)",
      "signal": "OP MARGIN TURNED POSITIVE (QoQ)",
      "detail": "Op margin: -5.7% -> +0.8%",
      "severity": "HIGH"
    },
    {
      "quarter": "2025-03 (Q1)",
      "signal": "FCF TURNED POSITIVE",
      "detail": "FCF margin: -3.0% -> +18.0%",
      "severity": "HIGH"
    },
    {
      "quarter": "2025-03 (Q1)",
      "signal": "YoY REVENUE GROWTH DECELERATION",
      "detail": "YoY growth: +14.4% vs prior quarter YoY: +35.2% (decel: -20.8%)",
      "severity": "WARNING"
    },
    {
      "quarter": "2024-12 (Q4)",
      "signal": "FCF MARGIN EXPANSION",
      "detail": "FCF margin: -11.3% -> -3.0% (+8.3%)",
      "severity": "MEDIUM"
    },
    {
      "quarter": "2024-12 (Q4)",
      "signal": "YoY REVENUE GROWTH ACCELERATION",
      "detail": "YoY growth: +35.2% vs prior quarter YoY: -2.4% (accel: +37.6%)",
      "severity": "HIGH"
    },
    {
      "quarter": "2024-09 (Q3)",
      "signal": "OPERATING LEVERAGE",
      "detail": "Rev growth +12.4% vs OpEx growth +3.8% (leverage: 3.2x)",
      "severity": "MEDIUM"
    },
    {
      "quarter": "2024-09 (Q3)",
      "signal": "GROSS MARGIN INFLECTION",
      "detail": "GM: +7.6% -> +4.8% -> +6.8% (reversal +2.0%)",
      "severity": "MEDIUM"
    },
    {
      "quarter": "2024-09 (Q3)",
      "signal": "YoY REVENUE GROWTH ACCELERATION",
      "detail": "YoY growth: -2.4% vs prior quarter YoY: -17.8% (accel: +15.4%)",
      "severity": "HIGH"
    },
    {
      "quarter": "2024-06 (Q2)",
      "signal": "OPERATING LEVERAGE",
      "detail": "Rev growth +17.3% vs OpEx growth +1.8% (leverage: 9.6x)",
      "severity": "MEDIUM"
    },
    {
      "quarter": "2024-06 (Q2)",
      "signal": "YoY REVENUE GROWTH ACCELERATION",
      "detail": "YoY growth: -17.8% vs prior quarter YoY: -23.1% (accel: +5.3%)",
      "severity": "MEDIUM"
    },
    {
      "quarter": "2024-03 (Q1)",
      "signal": "GROSS MARGIN INFLECTION",
      "detail": "GM: +9.2% -> +1.5% -> +7.6% (reversal +6.1%)",
      "severity": "HIGH"
    },
    {
      "quarter": "2024-03 (Q1)",
      "signal": "YoY REVENUE GROWTH ACCELERATION",
      "detail": "YoY growth: -23.1% vs prior quarter YoY: -40.4% (accel: +17.3%)",
      "severity": "HIGH"
    },
    {
      "quarter": "2023-12 (Q4)",
      "signal": "YoY REVENUE GROWTH DECELERATION",
      "detail": "YoY growth: -40.4% vs prior quarter YoY: -21.2% (decel: -19.2%)",
      "severity": "WARNING"
    },
    {
      "quarter": "2023-09 (Q3)",
      "signal": "YoY REVENUE GROWTH ACCELERATION",
      "detail": "YoY growth: -21.2% vs prior quarter YoY: -31.7% (accel: +10.4%)",
      "severity": "MEDIUM"
    },
    {
      "quarter": "2023-06 (Q2)",
      "signal": "FCF TURNED POSITIVE",
      "detail": "FCF margin: -17.7% -> +20.1%",
      "severity": "HIGH"
    },
    {
      "quarter": "2023-06 (Q2)",
      "signal": "GROSS MARGIN INFLECTION",
      "detail": "GM: +14.7% -> +4.2% -> +14.5% (reversal +10.3%)",
      "severity": "HIGH"
    },
    {
      "quarter": "2023-06 (Q2)",
      "signal": "YoY REVENUE GROWTH DECELERATION",
      "detail": "YoY growth: -31.7% vs prior quarter YoY: -22.8% (decel: -8.8%)",
      "severity": "WARNING"
    },
    {
      "quarter": "2023-06 (Q2)",
      "signal": "OP MARGIN TURNED POSITIVE (QoQ)",
      "detail": "Op margin: -7.6% -> +8.8%",
      "severity": "HIGH"
    },
    {
      "quarter": "2023-03 (Q1)",
      "signal": "YoY REVENUE GROWTH DECELERATION",
      "detail": "YoY growth: -22.8% vs prior quarter YoY: +12.1% (decel: -34.9%)",
      "severity": "WARNING"
    },
    {
      "quarter": "2022-12 (Q4)",
      "signal": "FCF TURNED POSITIVE",
      "detail": "FCF margin: -28.6% -> +10.5%",
      "severity": "HIGH"
    },
    {
      "quarter": "2022-12 (Q4)",
      "signal": "GROSS MARGIN INFLECTION",
      "detail": "GM: +15.8% -> +12.5% -> +14.7% (reversal +2.2%)",
      "severity": "MEDIUM"
    },
    {
      "quarter": "2022-09 (Q3)",
      "signal": "YoY REVENUE GROWTH DECELERATION",
      "detail": "YoY growth: +12.5% vs prior quarter YoY: +18.3% (decel: -5.8%)",
      "severity": "WARNING"
    },
    {
      "quarter": "2022-06 (Q2)",
      "signal": "OPERATING LEVERAGE",
      "detail": "Rev growth +24.0% vs OpEx growth +9.6% (leverage: 2.5x)",
      "severity": "MEDIUM"
    },
    {
      "quarter": "2022-06 (Q2)",
      "signal": "YoY REVENUE GROWTH ACCELERATION",
      "detail": "YoY growth: +18.3% vs prior quarter YoY: -8.5% (accel: +26.8%)",
      "severity": "HIGH"
    },
    {
      "quarter": "2022-03 (Q1)",
      "signal": "YoY REVENUE GROWTH ACCELERATION",
      "detail": "YoY growth: -8.5% vs prior quarter YoY: -21.5% (accel: +13.0%)",
      "severity": "MEDIUM"
    },
    {
      "quarter": "2021-12 (Q4)",
      "signal": "FCF TURNED POSITIVE",
      "detail": "FCF margin: -57.7% -> +5.1%",
      "severity": "HIGH"
    },
    {
      "quarter": "2021-06 (Q2)",
      "signal": "GROSS MARGIN INFLECTION",
      "detail": "GM: +20.1% -> +14.8% -> +17.9% (reversal +3.1%)",
      "severity": "MEDIUM"
    },
    {
      "quarter": "2021-03 (Q1)",
      "signal": "FCF MARGIN EXPANSION",
      "detail": "FCF margin: +3.2% -> +21.8% (+18.6%)",
      "severity": "MEDIUM"
    }
  ],
  "data_quality": {
    "n_quarters": 20,
    "coverage": {
      "revenue": [
        20,
        20
      ],
      "gross_profit": [
        20,
        20
      ],
      "op_income": [
        18,
        20
      ],
      "fcf": [
        20,
        20
      ]
    },
    "gaps": [],
    "warnings": []
  },
  "market_cap": null,
  "source": "SEC EDGAR",
  "last_updated": "2026-02-02T23:55:24.572310"
}