{
  "ticker": "NATR",
  "name": "NATURE\u2019S SUNSHINE PRODUCTS,\u00a0INC.",
  "quarters": [
    {
      "date": "2020-12-31T00:00:00",
      "quarter_label": "2020-12 (Q4)",
      "revenue": 101743000,
      "gross_profit": 75340000,
      "operating_income": 2249000,
      "net_income": null,
      "opex": 73091000,
      "cogs": 26403000,
      "rd": null,
      "sga": 38434000,
      "fcf": 9392000,
      "ocf": 10810000,
      "capex": -1418000,
      "gross_margin": 0.7404932034636289,
      "op_margin": 0.022104714820675622,
      "fcf_margin": 0.09231101893987793
    },
    {
      "date": "2021-03-31T00:00:00",
      "quarter_label": "2021-03 (Q1)",
      "revenue": 102421000,
      "gross_profit": 75442000,
      "operating_income": 7635000,
      "net_income": 4016000,
      "opex": 67807000,
      "cogs": 26979000,
      "rd": null,
      "sga": 33552000,
      "fcf": 1752000,
      "ocf": 2735000,
      "capex": -983000,
      "gross_margin": 0.7365872233233419,
      "op_margin": 0.07454525927300065,
      "fcf_margin": 0.017105866960877163,
      "fcf_margin_change": -0.07520515197900077
    },
    {
      "date": "2021-06-30T00:00:00",
      "quarter_label": "2021-06 (Q2)",
      "revenue": 108978000,
      "gross_profit": 80515000,
      "operating_income": 9486000,
      "net_income": 6540000,
      "opex": 71029000,
      "cogs": 28463000,
      "rd": null,
      "sga": 35586000,
      "fcf": 6062000,
      "ocf": 7977000,
      "capex": -1915000,
      "gross_margin": 0.738818844170383,
      "op_margin": 0.08704509166987832,
      "fcf_margin": 0.05562590614619464,
      "op_leverage_ratio": 1.347302656200524,
      "fcf_margin_change": 0.038520039185317476
    },
    {
      "date": "2021-09-30T00:00:00",
      "quarter_label": "2021-09 (Q3)",
      "revenue": 114746000,
      "gross_profit": 85327000,
      "operating_income": 10006000,
      "net_income": 4858000,
      "opex": 75321000,
      "cogs": 29419000,
      "rd": null,
      "sga": 39528000,
      "fcf": 7841000,
      "ocf": 9569000,
      "capex": -1728000,
      "gross_margin": 0.743616335209942,
      "op_margin": 0.08720129677722971,
      "fcf_margin": 0.0683335366810172,
      "op_leverage_ratio": 0.8759158910584601,
      "fcf_margin_change": 0.012707630534822559
    },
    {
      "date": "2021-12-31T00:00:00",
      "quarter_label": "2021-12 (Q4)",
      "revenue": 117939000,
      "gross_profit": 87333000,
      "operating_income": 7543000,
      "net_income": null,
      "opex": 79790000,
      "cogs": 30606000,
      "rd": null,
      "sga": 45437000,
      "fcf": 12287000,
      "ocf": 14327000,
      "capex": -2040000,
      "gross_margin": 0.7404929667031261,
      "op_margin": 0.06395679122258116,
      "fcf_margin": 0.10418097491075895,
      "incr_op_margin_yoy": 0.32687083230427266,
      "rev_growth_yoy": 0.15918539850407398,
      "op_leverage_ratio": 0.4689937833331059,
      "fcf_margin_change": 0.03584743822974175
    },
    {
      "date": "2022-03-31T00:00:00",
      "quarter_label": "2022-03 (Q1)",
      "revenue": 110494000,
      "gross_profit": 76034000,
      "operating_income": 1309000,
      "net_income": -2950000,
      "opex": 74725000,
      "cogs": 34460000,
      "rd": null,
      "sga": 40623000,
      "fcf": -9442000,
      "ocf": -7924000,
      "capex": -1518000,
      "gross_margin": 0.6881278621463609,
      "op_margin": 0.011846797111155357,
      "fcf_margin": -0.0854526037612902,
      "incr_op_margin_yoy": -0.7835996531648706,
      "rev_growth_yoy": 0.07882172601321995,
      "rev_growth_yoy_accel": -0.08036367249085404,
      "fcf_margin_change": -0.18963357867204916
    },
    {
      "date": "2022-06-30T00:00:00",
      "quarter_label": "2022-06 (Q2)",
      "revenue": 104161000,
      "gross_profit": 74690000,
      "operating_income": 5755000,
      "net_income": 516000,
      "opex": 68935000,
      "cogs": 29471000,
      "rd": null,
      "sga": 36866000,
      "fcf": -3658000,
      "ocf": -1419000,
      "capex": -2239000,
      "gross_margin": 0.7170630082276476,
      "op_margin": 0.05525100565470761,
      "fcf_margin": -0.03511871045784891,
      "incr_op_margin_yoy": 0.7745484741540378,
      "rev_growth_yoy": -0.04420158197067298,
      "rev_growth_yoy_accel": -0.12302330798389294,
      "fcf_margin_change": 0.05033389330344129
    },
    {
      "date": "2022-09-30T00:00:00",
      "quarter_label": "2022-09 (Q3)",
      "revenue": 104506000,
      "gross_profit": 74874000,
      "operating_income": 5012000,
      "net_income": 90000,
      "opex": 69862000,
      "cogs": 29632000,
      "rd": null,
      "sga": 36792000,
      "fcf": 5504000,
      "ocf": 6477000,
      "capex": -973000,
      "gross_margin": 0.7164564713987713,
      "op_margin": 0.04795896886303179,
      "fcf_margin": 0.052666832526362124,
      "incr_op_margin_yoy": 0.4876953125,
      "rev_growth_yoy": -0.08924058354975337,
      "rev_growth_yoy_accel": -0.04503900157908038,
      "fcf_margin_change": 0.08778554298421104
    },
    {
      "date": "2022-12-31T00:00:00",
      "quarter_label": "2022-12 (Q4)",
      "revenue": 102749000,
      "gross_profit": 74162000,
      "operating_income": 4182000,
      "net_income": 1954000,
      "opex": 69980000,
      "cogs": 28587000,
      "rd": null,
      "sga": 38844000,
      "fcf": 678000,
      "ocf": 3576000,
      "capex": -2898000,
      "gross_margin": 0.7217783141441766,
      "op_margin": 0.04070112604502234,
      "fcf_margin": 0.0065986043659792305,
      "incr_op_margin_yoy": 0.22126398946675443,
      "rev_growth_yoy": -0.12879539422922018,
      "rev_growth_yoy_accel": -0.03955481067946681,
      "fcf_margin_change": -0.04606822816038289
    },
    {
      "date": "2023-03-31T00:00:00",
      "quarter_label": "2023-03 (Q1)",
      "revenue": 108634000,
      "gross_profit": 76942000,
      "operating_income": 172000,
      "net_income": 860000,
      "opex": 76770000,
      "cogs": 31692000,
      "rd": null,
      "sga": 43642000,
      "fcf": 7000000,
      "ocf": 9325000,
      "capex": -2325000,
      "gross_margin": 0.7082681296831563,
      "op_margin": 0.001583298046652061,
      "fcf_margin": 0.0644365484102583,
      "incr_op_margin_yoy": 0.6112903225806452,
      "rev_growth_yoy": -0.016833493221351387,
      "rev_growth_yoy_accel": 0.11196190100786879,
      "op_leverage_ratio": 0.5903003316588399,
      "fcf_margin_change": 0.05783794404427907
    },
    {
      "date": "2023-06-30T00:00:00",
      "quarter_label": "2023-06 (Q2)",
      "revenue": 116548000,
      "gross_profit": 84624000,
      "operating_income": 7037000,
      "net_income": 2422000,
      "opex": 77587000,
      "cogs": 31924000,
      "rd": null,
      "sga": 42273000,
      "fcf": 5517000,
      "ocf": 7939000,
      "capex": -2422000,
      "gross_margin": 0.7260871057418403,
      "op_margin": 0.06037855647458558,
      "fcf_margin": 0.04733671963482857,
      "incr_op_margin_yoy": 0.10349560022604343,
      "rev_growth_yoy": 0.11892166933881203,
      "rev_growth_yoy_accel": 0.1357551625601634,
      "op_leverage_ratio": 6.845414635950177,
      "fcf_margin_change": -0.017099828775429725
    },
    {
      "date": "2023-09-30T00:00:00",
      "quarter_label": "2023-09 (Q3)",
      "revenue": 111202000,
      "gross_profit": 81238000,
      "operating_income": 5832000,
      "net_income": 2832000,
      "opex": 75406000,
      "cogs": 29964000,
      "rd": null,
      "sga": 41288000,
      "fcf": 9881000,
      "ocf": 14364000,
      "capex": -4483000,
      "gross_margin": 0.7305444146688009,
      "op_margin": 0.052445099908275034,
      "fcf_margin": 0.08885631553389328,
      "incr_op_margin_yoy": 0.12246117084826762,
      "rev_growth_yoy": 0.06407287619849578,
      "rev_growth_yoy_accel": -0.05484879314031625,
      "fcf_margin_change": 0.04151959589906471
    },
    {
      "date": "2023-12-31T00:00:00",
      "quarter_label": "2023-12 (Q4)",
      "revenue": 108936000,
      "gross_profit": 78323000,
      "operating_income": 5708000,
      "net_income": 8962000,
      "opex": 72615000,
      "cogs": 30613000,
      "rd": null,
      "sga": 39855000,
      "fcf": 8350000,
      "ocf": 9598000,
      "capex": -1248000,
      "gross_margin": 0.718981787471543,
      "op_margin": 0.052397738121465816,
      "fcf_margin": 0.07665051039142248,
      "incr_op_margin_yoy": 0.24664619363180862,
      "rev_growth_yoy": 0.06021469795326475,
      "rev_growth_yoy_accel": -0.0038581782452310268,
      "fcf_margin_change": -0.0122058051424708
    },
    {
      "date": "2024-03-31T00:00:00",
      "quarter_label": "2024-03 (Q1)",
      "revenue": 110993000,
      "gross_profit": 78978000,
      "operating_income": 4624000,
      "net_income": 2321000,
      "opex": 74354000,
      "cogs": 32015000,
      "rd": null,
      "sga": 40784000,
      "fcf": -1499000,
      "ocf": 2190000,
      "capex": -3689000,
      "gross_margin": 0.7115583865649185,
      "op_margin": 0.041660284882830446,
      "fcf_margin": -0.013505356193633833,
      "incr_op_margin_yoy": 1.8872403560830862,
      "rev_growth_yoy": 0.021715116814257047,
      "rev_growth_yoy_accel": -0.0384995811390077,
      "op_leverage_ratio": 0.7884780848263995,
      "fcf_margin_change": -0.09015586658505631
    },
    {
      "date": "2024-06-30T00:00:00",
      "quarter_label": "2024-06 (Q2)",
      "revenue": 110551000,
      "gross_profit": 78887000,
      "operating_income": 5637000,
      "net_income": 1349000,
      "opex": 73250000,
      "cogs": 31664000,
      "rd": null,
      "sga": 38557000,
      "fcf": -2046000,
      "ocf": 1305000,
      "capex": -3351000,
      "gross_margin": 0.7135801575743322,
      "op_margin": 0.05099004079565088,
      "fcf_margin": -0.018507295275483712,
      "incr_op_margin_yoy": 0.2334500583625146,
      "rev_growth_yoy": -0.05145519442633078,
      "rev_growth_yoy_accel": -0.07317031124058783,
      "fcf_margin_change": -0.00500193908184988
    },
    {
      "date": "2024-09-30T00:00:00",
      "quarter_label": "2024-09 (Q3)",
      "revenue": 114615000,
      "gross_profit": 81759000,
      "operating_income": 5284000,
      "net_income": 4347000,
      "opex": 76475000,
      "cogs": 32856000,
      "rd": null,
      "sga": 40954000,
      "fcf": 7883000,
      "ocf": 9619000,
      "capex": -1736000,
      "gross_margin": 0.7133359507917811,
      "op_margin": 0.04610216812808097,
      "fcf_margin": 0.06877808314793003,
      "incr_op_margin_yoy": -0.16056255493700558,
      "rev_growth_yoy": 0.0306918940306829,
      "rev_growth_yoy_accel": 0.08214708845701368,
      "op_leverage_ratio": 0.8349662742910268,
      "fcf_margin_change": 0.08728537842341375
    },
    {
      "date": "2024-12-31T00:00:00",
      "quarter_label": "2024-12 (Q4)",
      "revenue": 118205000,
      "gross_profit": 85064000,
      "operating_income": 4550000,
      "net_income": -321000,
      "opex": 80514000,
      "cogs": 33141000,
      "rd": null,
      "sga": 43709000,
      "fcf": 9989000,
      "ocf": 12184000,
      "capex": -2195000,
      "gross_margin": 0.7196311492745654,
      "op_margin": 0.03849244955797132,
      "fcf_margin": 0.08450573156803858,
      "incr_op_margin_yoy": -0.12493257093537598,
      "rev_growth_yoy": 0.0850866563854006,
      "rev_growth_yoy_accel": 0.0543947623547177,
      "op_leverage_ratio": 0.5930599850860816,
      "fcf_margin_change": 0.015727648420108542
    },
    {
      "date": "2025-03-31T00:00:00",
      "quarter_label": "2025-03 (Q1)",
      "revenue": 113248000,
      "gross_profit": 81597000,
      "operating_income": 6172000,
      "net_income": 4747000,
      "opex": 75425000,
      "cogs": 31651000,
      "rd": null,
      "sga": 40581000,
      "fcf": 1499000,
      "ocf": 2609000,
      "capex": -1110000,
      "gross_margin": 0.7205160356032778,
      "op_margin": 0.05449985871715174,
      "fcf_margin": 0.013236436846566826,
      "incr_op_margin_yoy": 0.6864745011086475,
      "rev_growth_yoy": 0.02031659654212428,
      "rev_growth_yoy_accel": -0.06477005984327631,
      "fcf_margin_change": -0.07126929472147175
    },
    {
      "date": "2025-06-30T00:00:00",
      "quarter_label": "2025-06 (Q2)",
      "revenue": 114750000,
      "gross_profit": 82299000,
      "operating_income": 4274000,
      "net_income": 5333000,
      "opex": 78025000,
      "cogs": 32451000,
      "rd": null,
      "sga": 43665000,
      "fcf": 2990000,
      "ocf": 4340000,
      "capex": -1350000,
      "gross_margin": 0.717202614379085,
      "op_margin": 0.03724618736383442,
      "fcf_margin": 0.02605664488017429,
      "incr_op_margin_yoy": -0.3246010954989283,
      "rev_growth_yoy": 0.03798246962940181,
      "rev_growth_yoy_accel": 0.017665873087277534,
      "op_leverage_ratio": 0.3847524221857543,
      "fcf_margin_change": 0.012820208033607465
    },
    {
      "date": "2025-09-30T00:00:00",
      "quarter_label": "2025-09 (Q3)",
      "revenue": 128339000,
      "gross_profit": 94049000,
      "operating_income": 8975000,
      "net_income": 5334000,
      "opex": 85074000,
      "cogs": 34290000,
      "rd": null,
      "sga": 45726000,
      "fcf": 16791000,
      "ocf": 18474000,
      "capex": -1683000,
      "gross_margin": 0.7328169924964352,
      "op_margin": 0.0699319770295857,
      "fcf_margin": 0.1308331839892784,
      "incr_op_margin_yoy": 0.26894491401923637,
      "rev_growth_yoy": 0.11973999912751385,
      "rev_growth_yoy_accel": 0.08175752949811203,
      "op_leverage_ratio": 1.3108140001007575,
      "fcf_margin_change": 0.10477653910910412
    }
  ],
  "signals": [
    {
      "quarter": "2025-09 (Q3)",
      "signal": "FCF MARGIN EXPANSION",
      "detail": "FCF margin: +2.6% -> +13.1% (+10.5%)",
      "severity": "MEDIUM"
    },
    {
      "quarter": "2025-09 (Q3)",
      "signal": "YoY REVENUE GROWTH ACCELERATION",
      "detail": "YoY growth: +12.0% vs prior quarter YoY: +3.8% (accel: +8.2%)",
      "severity": "MEDIUM"
    },
    {
      "quarter": "2025-09 (Q3)",
      "signal": "INCREMENTAL MARGIN (YoY)",
      "detail": "YoY Incr OPM: +26.9% vs year-ago OPM: +4.6%",
      "severity": "HIGH"
    },
    {
      "quarter": "2025-03 (Q1)",
      "signal": "YoY REVENUE GROWTH DECELERATION",
      "detail": "YoY growth: +2.0% vs prior quarter YoY: +8.5% (decel: -6.5%)",
      "severity": "WARNING"
    },
    {
      "quarter": "2025-03 (Q1)",
      "signal": "INCREMENTAL MARGIN (YoY)",
      "detail": "YoY Incr OPM: +68.6% vs year-ago OPM: +4.2%",
      "severity": "HIGH"
    },
    {
      "quarter": "2024-12 (Q4)",
      "signal": "YoY REVENUE GROWTH ACCELERATION",
      "detail": "YoY growth: +8.5% vs prior quarter YoY: +3.1% (accel: +5.4%)",
      "severity": "MEDIUM"
    },
    {
      "quarter": "2024-09 (Q3)",
      "signal": "FCF TURNED POSITIVE",
      "detail": "FCF margin: -1.9% -> +6.9%",
      "severity": "HIGH"
    },
    {
      "quarter": "2024-09 (Q3)",
      "signal": "YoY REVENUE GROWTH ACCELERATION",
      "detail": "YoY growth: +3.1% vs prior quarter YoY: -5.1% (accel: +8.2%)",
      "severity": "MEDIUM"
    },
    {
      "quarter": "2024-06 (Q2)",
      "signal": "YoY REVENUE GROWTH DECELERATION",
      "detail": "YoY growth: -5.1% vs prior quarter YoY: +2.2% (decel: -7.3%)",
      "severity": "WARNING"
    },
    {
      "quarter": "2024-06 (Q2)",
      "signal": "INCREMENTAL MARGIN (YoY)",
      "detail": "YoY Incr OPM: +23.3% vs year-ago OPM: +6.0%",
      "severity": "MEDIUM"
    },
    {
      "quarter": "2024-03 (Q1)",
      "signal": "INCREMENTAL MARGIN (YoY)",
      "detail": "YoY Incr OPM: +188.7% vs year-ago OPM: +0.2%",
      "severity": "HIGH"
    },
    {
      "quarter": "2023-12 (Q4)",
      "signal": "INCREMENTAL MARGIN (YoY)",
      "detail": "YoY Incr OPM: +24.7% vs year-ago OPM: +4.1%",
      "severity": "HIGH"
    },
    {
      "quarter": "2023-09 (Q3)",
      "signal": "YoY REVENUE GROWTH DECELERATION",
      "detail": "YoY growth: +6.4% vs prior quarter YoY: +11.9% (decel: -5.5%)",
      "severity": "WARNING"
    },
    {
      "quarter": "2023-06 (Q2)",
      "signal": "OPERATING LEVERAGE",
      "detail": "Rev growth +7.3% vs OpEx growth +1.1% (leverage: 6.8x)",
      "severity": "MEDIUM"
    },
    {
      "quarter": "2023-06 (Q2)",
      "signal": "YoY REVENUE GROWTH ACCELERATION",
      "detail": "YoY growth: +11.9% vs prior quarter YoY: -1.7% (accel: +13.6%)",
      "severity": "MEDIUM"
    },
    {
      "quarter": "2023-03 (Q1)",
      "signal": "FCF MARGIN EXPANSION",
      "detail": "FCF margin: +0.7% -> +6.4% (+5.8%)",
      "severity": "MEDIUM"
    },
    {
      "quarter": "2023-03 (Q1)",
      "signal": "YoY REVENUE GROWTH ACCELERATION",
      "detail": "YoY growth: -1.7% vs prior quarter YoY: -12.9% (accel: +11.2%)",
      "severity": "MEDIUM"
    },
    {
      "quarter": "2023-03 (Q1)",
      "signal": "INCREMENTAL MARGIN (YoY)",
      "detail": "YoY Incr OPM: +61.1% vs year-ago OPM: +1.2%",
      "severity": "HIGH"
    },
    {
      "quarter": "2022-12 (Q4)",
      "signal": "INCREMENTAL MARGIN (YoY)",
      "detail": "YoY Incr OPM: +22.1% vs year-ago OPM: +6.4%",
      "severity": "MEDIUM"
    },
    {
      "quarter": "2022-09 (Q3)",
      "signal": "FCF TURNED POSITIVE",
      "detail": "FCF margin: -3.5% -> +5.3%",
      "severity": "HIGH"
    },
    {
      "quarter": "2022-09 (Q3)",
      "signal": "INCREMENTAL MARGIN (YoY)",
      "detail": "YoY Incr OPM: +48.8% vs year-ago OPM: +8.7%",
      "severity": "HIGH"
    },
    {
      "quarter": "2022-06 (Q2)",
      "signal": "FCF MARGIN EXPANSION",
      "detail": "FCF margin: -8.5% -> -3.5% (+5.0%)",
      "severity": "MEDIUM"
    },
    {
      "quarter": "2022-06 (Q2)",
      "signal": "GROSS MARGIN INFLECTION",
      "detail": "GM: +74.0% -> +68.8% -> +71.7% (reversal +2.9%)",
      "severity": "MEDIUM"
    },
    {
      "quarter": "2022-06 (Q2)",
      "signal": "YoY REVENUE GROWTH DECELERATION",
      "detail": "YoY growth: -4.4% vs prior quarter YoY: +7.9% (decel: -12.3%)",
      "severity": "WARNING"
    },
    {
      "quarter": "2022-06 (Q2)",
      "signal": "INCREMENTAL MARGIN (YoY)",
      "detail": "YoY Incr OPM: +77.5% vs year-ago OPM: +8.7%",
      "severity": "HIGH"
    },
    {
      "quarter": "2022-03 (Q1)",
      "signal": "YoY REVENUE GROWTH DECELERATION",
      "detail": "YoY growth: +7.9% vs prior quarter YoY: +15.9% (decel: -8.0%)",
      "severity": "WARNING"
    },
    {
      "quarter": "2021-12 (Q4)",
      "signal": "INCREMENTAL MARGIN (YoY)",
      "detail": "YoY Incr OPM: +32.7% vs year-ago OPM: +2.2%",
      "severity": "HIGH"
    }
  ],
  "data_quality": {
    "n_quarters": 20,
    "coverage": {
      "revenue": [
        20,
        20
      ],
      "gross_profit": [
        20,
        20
      ],
      "op_income": [
        20,
        20
      ],
      "fcf": [
        20,
        20
      ]
    },
    "gaps": [],
    "warnings": []
  },
  "market_cap": null,
  "source": "SEC EDGAR",
  "last_updated": "2026-02-02T22:32:15.574406"
}