{
  "ticker": "NBIX",
  "name": "NEUROCRINE BIOSCIENCES, INC.",
  "sector": "Healthcare",
  "industry": "Drug Manufacturers - Specialty & Generic",
  "quarters": [
    {
      "date": "2021-03-31T00:00:00",
      "quarter_label": "2021-03 (Q1)",
      "revenue": 236600000,
      "gross_profit": 233700000,
      "operating_income": 31500000,
      "net_income": 32100000,
      "opex": 205100000,
      "cogs": 2900000,
      "rd": 73200000,
      "sga": 129000000,
      "fcf": 82800000,
      "ocf": 87300000,
      "capex": -4500000,
      "gross_margin": 0.9877430262045647,
      "op_margin": 0.13313609467455623,
      "fcf_margin": 0.3499577345731192
    },
    {
      "date": "2021-06-30T00:00:00",
      "quarter_label": "2021-06 (Q2)",
      "revenue": 288900000,
      "gross_profit": 285800000,
      "operating_income": 62800000,
      "net_income": 42300000,
      "opex": 226100000,
      "cogs": 3100000,
      "rd": null,
      "sga": 143200000,
      "fcf": 98900000,
      "ocf": 103200000,
      "capex": -4300000,
      "gross_margin": 0.9892696434752509,
      "op_margin": 0.21737625475943234,
      "fcf_margin": 0.34233298719280025,
      "op_leverage_ratio": 2.1589039165962243,
      "fcf_margin_change": -0.00762474738031893
    },
    {
      "date": "2021-09-30T00:00:00",
      "quarter_label": "2021-09 (Q3)",
      "revenue": 296000000,
      "gross_profit": 291800000,
      "operating_income": 44500000,
      "net_income": 22500000,
      "opex": 251500000,
      "cogs": 4200000,
      "rd": null,
      "sga": 154600000,
      "fcf": 56100000,
      "ocf": 61800000,
      "capex": -5700000,
      "gross_margin": 0.9858108108108108,
      "op_margin": 0.15033783783783783,
      "fcf_margin": 0.18952702702702703,
      "op_leverage_ratio": 0.21876490516567051,
      "fcf_margin_change": -0.15280596016577322
    },
    {
      "date": "2021-12-31T00:00:00",
      "quarter_label": "2021-12 (Q4)",
      "revenue": 312000000,
      "gross_profit": 307900000,
      "operating_income": -36300000,
      "net_income": -7300000,
      "opex": 348300000,
      "cogs": 4100000,
      "rd": null,
      "sga": 156500000,
      "fcf": -4700000,
      "ocf": 4200000,
      "capex": -8900000,
      "gross_margin": 0.9868589743589744,
      "op_margin": -0.11634615384615385,
      "fcf_margin": -0.015064102564102564,
      "op_leverage_ratio": 0.1404400268036632,
      "fcf_margin_change": -0.2045911295911296
    },
    {
      "date": "2022-03-31T00:00:00",
      "quarter_label": "2022-03 (Q1)",
      "revenue": 310600000,
      "gross_profit": 306000000,
      "operating_income": 3100000,
      "net_income": 13900000,
      "opex": 307500000,
      "cogs": 4600000,
      "rd": null,
      "sga": 200700000,
      "fcf": -48100000,
      "ocf": -40500000,
      "capex": -7600000,
      "gross_margin": 0.9851899549259497,
      "op_margin": 0.009980682549903412,
      "fcf_margin": -0.15486155827430778,
      "incr_op_margin_yoy": -0.3837837837837838,
      "rev_growth_yoy": 0.3127641589180051,
      "fcf_margin_change": -0.13979745571020522
    },
    {
      "date": "2022-06-30T00:00:00",
      "quarter_label": "2022-06 (Q2)",
      "revenue": 378200000,
      "gross_profit": 373400000,
      "operating_income": 54700000,
      "net_income": -16900000,
      "opex": 323500000,
      "cogs": 4800000,
      "rd": null,
      "sga": 182800000,
      "fcf": 129300000,
      "ocf": 138100000,
      "capex": -8800000,
      "gross_margin": 0.9873083024854574,
      "op_margin": 0.14463246959280804,
      "fcf_margin": 0.34188260179799046,
      "incr_op_margin_yoy": -0.09070548712206047,
      "rev_growth_yoy": 0.30910349601938386,
      "rev_growth_yoy_accel": -0.003660662898621214,
      "op_leverage_ratio": 4.182831616226658,
      "fcf_margin_change": 0.49674416007229827
    },
    {
      "date": "2022-09-30T00:00:00",
      "quarter_label": "2022-09 (Q3)",
      "revenue": 387900000,
      "gross_profit": 381800000,
      "operating_income": 87800000,
      "net_income": 68500000,
      "opex": 300100000,
      "cogs": 6100000,
      "rd": null,
      "sga": 186300000,
      "fcf": 100500000,
      "ocf": 98800000,
      "capex": 1700000,
      "gross_margin": 0.9842742974993555,
      "op_margin": 0.2263469966486208,
      "fcf_margin": 0.2590873936581593,
      "incr_op_margin_yoy": 0.47116430903155604,
      "rev_growth_yoy": 0.310472972972973,
      "rev_growth_yoy_accel": 0.0013694769535891327,
      "op_leverage_ratio": null,
      "fcf_margin_change": -0.08279520813983116
    },
    {
      "date": "2022-12-31T00:00:00",
      "quarter_label": "2022-12 (Q4)",
      "revenue": 412000000,
      "gross_profit": 404300000,
      "operating_income": 103400000,
      "net_income": 89000000,
      "opex": 308600000,
      "cogs": 7700000,
      "rd": null,
      "sga": 182900000,
      "fcf": 141200000,
      "ocf": 143000000,
      "capex": -1800000,
      "gross_margin": 0.9813106796116505,
      "op_margin": 0.25097087378640776,
      "fcf_margin": 0.34271844660194173,
      "incr_op_margin_yoy": 1.397,
      "rev_growth_yoy": 0.32051282051282054,
      "rev_growth_yoy_accel": 0.010039847539847546,
      "op_leverage_ratio": 2.1935338095021457,
      "fcf_margin_change": 0.08363105294378242
    },
    {
      "date": "2023-03-31T00:00:00",
      "quarter_label": "2023-03 (Q1)",
      "revenue": 420400000,
      "gross_profit": 411900000,
      "operating_income": -114200000,
      "net_income": -76600000,
      "opex": 534600000,
      "cogs": 8500000,
      "rd": null,
      "sga": 242700000,
      "fcf": -133700000,
      "ocf": -125200000,
      "capex": -8500000,
      "gross_margin": 0.9797811607992388,
      "op_margin": -0.27164605137963843,
      "fcf_margin": -0.3180304471931494,
      "incr_op_margin_yoy": -1.0683060109289617,
      "rev_growth_yoy": 0.3535093367675467,
      "rev_growth_yoy_accel": 0.03299651625472616,
      "op_leverage_ratio": 0.02784002062032821,
      "fcf_margin_change": -0.6607488937950912
    },
    {
      "date": "2023-06-30T00:00:00",
      "quarter_label": "2023-06 (Q2)",
      "revenue": 452700000,
      "gross_profit": 441200000,
      "operating_income": 73600000,
      "net_income": 95500000,
      "opex": 379100000,
      "cogs": 11500000,
      "rd": null,
      "sga": 221800000,
      "fcf": 172800000,
      "ocf": 179600000,
      "capex": -6800000,
      "gross_margin": 0.9745968632648553,
      "op_margin": 0.162580075104926,
      "fcf_margin": 0.3817097415506958,
      "incr_op_margin_yoy": 0.2536912751677852,
      "rev_growth_yoy": 0.19698572184029614,
      "rev_growth_yoy_accel": -0.15652361492725056,
      "op_leverage_ratio": null,
      "fcf_margin_change": 0.6997401887438452
    },
    {
      "date": "2023-09-30T00:00:00",
      "quarter_label": "2023-09 (Q3)",
      "revenue": 498800000,
      "gross_profit": 487600000,
      "operating_income": 141200000,
      "net_income": 83100000,
      "opex": 357600000,
      "cogs": 11200000,
      "rd": null,
      "sga": 204200000,
      "fcf": 204400000,
      "ocf": 212000000,
      "capex": -7600000,
      "gross_margin": 0.9775461106655974,
      "op_margin": 0.2830793905372895,
      "fcf_margin": 0.40978348035284684,
      "incr_op_margin_yoy": 0.48151487826871053,
      "rev_growth_yoy": 0.2858984274297499,
      "rev_growth_yoy_accel": 0.08891270558945377,
      "op_leverage_ratio": null,
      "fcf_margin_change": 0.028073738802151027
    },
    {
      "date": "2023-12-31T00:00:00",
      "quarter_label": "2023-12 (Q4)",
      "revenue": 515200000,
      "gross_profit": 506700000,
      "operating_income": 150300000,
      "net_income": 147700000,
      "opex": 364900000,
      "cogs": 8500000,
      "rd": null,
      "sga": 218900000,
      "fcf": 118100000,
      "ocf": 123500000,
      "capex": -5400000,
      "gross_margin": 0.983501552795031,
      "op_margin": 0.29173136645962733,
      "fcf_margin": 0.22923136645962733,
      "incr_op_margin_yoy": 0.45445736434108525,
      "rev_growth_yoy": 0.2504854368932039,
      "rev_growth_yoy_accel": -0.03541299053654601,
      "op_leverage_ratio": 1.6106161637244456,
      "fcf_margin_change": -0.1805521138932195
    },
    {
      "date": "2024-03-31T00:00:00",
      "quarter_label": "2024-03 (Q1)",
      "revenue": 515300000,
      "gross_profit": 507800000,
      "operating_income": 99300000,
      "net_income": 43400000,
      "opex": 416000000,
      "cogs": 7500000,
      "rd": null,
      "sga": 243100000,
      "fcf": 119100000,
      "ocf": 130300000,
      "capex": -11200000,
      "gross_margin": 0.9854453716281778,
      "op_margin": 0.19270327964292644,
      "fcf_margin": 0.23112749854453715,
      "incr_op_margin_yoy": 2.249736564805058,
      "rev_growth_yoy": 0.2257373929590866,
      "rev_growth_yoy_accel": -0.02474804393411731,
      "fcf_margin_change": 0.001896132084909824
    },
    {
      "date": "2024-06-30T00:00:00",
      "quarter_label": "2024-06 (Q2)",
      "revenue": 590200000,
      "gross_profit": 581000000,
      "operating_income": 145400000,
      "net_income": 65000000,
      "opex": 444800000,
      "cogs": 9200000,
      "rd": null,
      "sga": 242000000,
      "fcf": 53000000,
      "ocf": 64600000,
      "capex": -11600000,
      "gross_margin": 0.9844120637072179,
      "op_margin": 0.24635716706201288,
      "fcf_margin": 0.08980006777363606,
      "incr_op_margin_yoy": 0.5221818181818182,
      "rev_growth_yoy": 0.30373315661586037,
      "rev_growth_yoy_accel": 0.07799576365677377,
      "op_leverage_ratio": 2.099532095650861,
      "fcf_margin_change": -0.1413274307709011
    },
    {
      "date": "2024-09-30T00:00:00",
      "quarter_label": "2024-09 (Q3)",
      "revenue": 622100000,
      "gross_profit": 614100000,
      "operating_income": 183800000,
      "net_income": 129800000,
      "opex": 438300000,
      "cogs": 8000000,
      "rd": null,
      "sga": 234300000,
      "fcf": 149900000,
      "ocf": 158000000,
      "capex": -8100000,
      "gross_margin": 0.9871403311364733,
      "op_margin": 0.2954508921395274,
      "fcf_margin": 0.24095804533033274,
      "incr_op_margin_yoy": 0.34549878345498786,
      "rev_growth_yoy": 0.24719326383319967,
      "rev_growth_yoy_accel": -0.056539892782660695,
      "op_leverage_ratio": null,
      "fcf_margin_change": 0.1511579775566967
    },
    {
      "date": "2024-12-31T00:00:00",
      "quarter_label": "2024-12 (Q4)",
      "revenue": 627700000,
      "gross_profit": 618400000,
      "operating_income": 142000000,
      "net_income": 103100000,
      "opex": 485700000,
      "cogs": 9300000,
      "rd": null,
      "sga": 287800000,
      "fcf": 235200000,
      "ocf": 242500000,
      "capex": -7300000,
      "gross_margin": 0.9851840050979768,
      "op_margin": 0.22622271785884976,
      "fcf_margin": 0.37470129042536243,
      "incr_op_margin_yoy": -0.07377777777777778,
      "rev_growth_yoy": 0.21836180124223603,
      "rev_growth_yoy_accel": -0.02883146259096364,
      "fcf_margin_change": 0.1337432450950297
    },
    {
      "date": "2025-03-31T00:00:00",
      "quarter_label": "2025-03 (Q1)",
      "revenue": 572600000,
      "gross_profit": 563400000,
      "operating_income": 23600000,
      "net_income": 7900000,
      "opex": 549000000,
      "cogs": 9200000,
      "rd": null,
      "sga": 276500000,
      "fcf": 54100000,
      "ocf": 64800000,
      "capex": -10700000,
      "gross_margin": 0.9839329374781698,
      "op_margin": 0.04121550820817325,
      "fcf_margin": 0.09448131330771918,
      "incr_op_margin_yoy": -1.3211169284467714,
      "rev_growth_yoy": 0.11119736076072191,
      "rev_growth_yoy_accel": -0.10716444048151412,
      "fcf_margin_change": -0.28021997711764324
    },
    {
      "date": "2025-06-30T00:00:00",
      "quarter_label": "2025-06 (Q2)",
      "revenue": 687500000,
      "gross_profit": 676200000,
      "operating_income": 145600000,
      "net_income": 107500000,
      "opex": 541900000,
      "cogs": 11300000,
      "rd": null,
      "sga": 286300000,
      "fcf": 89500000,
      "ocf": 102000000,
      "capex": -12500000,
      "gross_margin": 0.9835636363636364,
      "op_margin": 0.21178181818181818,
      "fcf_margin": 0.13018181818181818,
      "incr_op_margin_yoy": 0.0020554984583761563,
      "rev_growth_yoy": 0.1648593697051847,
      "rev_growth_yoy_accel": 0.05366200894446278,
      "op_leverage_ratio": null,
      "fcf_margin_change": 0.035700504874098996
    },
    {
      "date": "2025-09-30T00:00:00",
      "quarter_label": "2025-09 (Q3)",
      "revenue": 794900000,
      "gross_profit": 780900000,
      "operating_income": 239000000,
      "net_income": 209500000,
      "opex": 555900000,
      "cogs": 14000000,
      "rd": null,
      "sga": 291600000,
      "fcf": 214300000,
      "ocf": 227500000,
      "capex": -13200000,
      "gross_margin": 0.9823877217260033,
      "op_margin": 0.30066675053465847,
      "fcf_margin": 0.26959365957982134,
      "incr_op_margin_yoy": 0.3194444444444444,
      "rev_growth_yoy": 0.2777688474521781,
      "rev_growth_yoy_accel": 0.11290947774699342,
      "op_leverage_ratio": 6.04675948051948,
      "fcf_margin_change": 0.13941184139800317
    },
    {
      "date": "2025-12-31T00:00:00",
      "quarter_label": "2025-12 (Q4)",
      "revenue": 805500000,
      "gross_profit": 787900000,
      "operating_income": 210900000,
      "net_income": 153700000,
      "opex": 594600000,
      "cogs": 17600000,
      "rd": null,
      "sga": 301800000,
      "fcf": 390800000,
      "ocf": 388400000,
      "capex": 2400000,
      "gross_margin": 0.9781502172563625,
      "op_margin": 0.2618249534450652,
      "fcf_margin": 0.4851644941030416,
      "incr_op_margin_yoy": 0.3875140607424072,
      "rev_growth_yoy": 0.28325633264298233,
      "rev_growth_yoy_accel": 0.00548748519080422,
      "op_leverage_ratio": 0.19154864197241916,
      "fcf_margin_change": 0.21557083452322023
    }
  ],
  "signals": [
    {
      "quarter": "2025-12 (Q4)",
      "signal": "FCF MARGIN EXPANSION",
      "detail": "FCF margin: +27.0% -> +48.5% (+21.6%)",
      "severity": "MEDIUM"
    },
    {
      "quarter": "2025-12 (Q4)",
      "signal": "INCREMENTAL MARGIN (YoY)",
      "detail": "YoY Incr OPM: +38.8% vs year-ago OPM: +22.6%",
      "severity": "MEDIUM"
    },
    {
      "quarter": "2025-09 (Q3)",
      "signal": "FCF MARGIN EXPANSION",
      "detail": "FCF margin: +13.0% -> +27.0% (+13.9%)",
      "severity": "MEDIUM"
    },
    {
      "quarter": "2025-09 (Q3)",
      "signal": "OPERATING LEVERAGE",
      "detail": "Rev growth +15.6% vs OpEx growth +2.6% (leverage: 6.0x)",
      "severity": "MEDIUM"
    },
    {
      "quarter": "2025-09 (Q3)",
      "signal": "YoY REVENUE GROWTH ACCELERATION",
      "detail": "YoY growth: +27.8% vs prior quarter YoY: +16.5% (accel: +11.3%)",
      "severity": "MEDIUM"
    },
    {
      "quarter": "2025-06 (Q2)",
      "signal": "YoY REVENUE GROWTH ACCELERATION",
      "detail": "YoY growth: +16.5% vs prior quarter YoY: +11.1% (accel: +5.4%)",
      "severity": "MEDIUM"
    },
    {
      "quarter": "2025-03 (Q1)",
      "signal": "YoY REVENUE GROWTH DECELERATION",
      "detail": "YoY growth: +11.1% vs prior quarter YoY: +21.8% (decel: -10.7%)",
      "severity": "WARNING"
    },
    {
      "quarter": "2024-12 (Q4)",
      "signal": "FCF MARGIN EXPANSION",
      "detail": "FCF margin: +24.1% -> +37.5% (+13.4%)",
      "severity": "MEDIUM"
    },
    {
      "quarter": "2024-09 (Q3)",
      "signal": "FCF MARGIN EXPANSION",
      "detail": "FCF margin: +9.0% -> +24.1% (+15.1%)",
      "severity": "MEDIUM"
    },
    {
      "quarter": "2024-09 (Q3)",
      "signal": "YoY REVENUE GROWTH DECELERATION",
      "detail": "YoY growth: +24.7% vs prior quarter YoY: +30.4% (decel: -5.7%)",
      "severity": "WARNING"
    },
    {
      "quarter": "2024-06 (Q2)",
      "signal": "OPERATING LEVERAGE",
      "detail": "Rev growth +14.5% vs OpEx growth +6.9% (leverage: 2.1x)",
      "severity": "MEDIUM"
    },
    {
      "quarter": "2024-06 (Q2)",
      "signal": "YoY REVENUE GROWTH ACCELERATION",
      "detail": "YoY growth: +30.4% vs prior quarter YoY: +22.6% (accel: +7.8%)",
      "severity": "MEDIUM"
    },
    {
      "quarter": "2024-06 (Q2)",
      "signal": "INCREMENTAL MARGIN (YoY)",
      "detail": "YoY Incr OPM: +52.2% vs year-ago OPM: +16.3%",
      "severity": "HIGH"
    },
    {
      "quarter": "2024-03 (Q1)",
      "signal": "OP MARGIN TURNED POSITIVE (YoY)",
      "detail": "Op margin: -27.2% (year-ago) -> +19.3%",
      "severity": "HIGH"
    },
    {
      "quarter": "2023-12 (Q4)",
      "signal": "OPERATING LEVERAGE",
      "detail": "Rev growth +3.3% vs OpEx growth +2.0% (leverage: 1.6x)",
      "severity": "MEDIUM"
    },
    {
      "quarter": "2023-12 (Q4)",
      "signal": "INCREMENTAL MARGIN (YoY)",
      "detail": "YoY Incr OPM: +45.4% vs year-ago OPM: +25.1%",
      "severity": "HIGH"
    },
    {
      "quarter": "2023-09 (Q3)",
      "signal": "YoY REVENUE GROWTH ACCELERATION",
      "detail": "YoY growth: +28.6% vs prior quarter YoY: +19.7% (accel: +8.9%)",
      "severity": "MEDIUM"
    },
    {
      "quarter": "2023-09 (Q3)",
      "signal": "INCREMENTAL MARGIN (YoY)",
      "detail": "YoY Incr OPM: +48.2% vs year-ago OPM: +22.6%",
      "severity": "HIGH"
    },
    {
      "quarter": "2023-06 (Q2)",
      "signal": "FCF TURNED POSITIVE",
      "detail": "FCF margin: -31.8% -> +38.2%",
      "severity": "HIGH"
    },
    {
      "quarter": "2023-06 (Q2)",
      "signal": "YoY REVENUE GROWTH DECELERATION",
      "detail": "YoY growth: +19.7% vs prior quarter YoY: +35.4% (decel: -15.7%)",
      "severity": "WARNING"
    },
    {
      "quarter": "2023-06 (Q2)",
      "signal": "INCREMENTAL MARGIN (YoY)",
      "detail": "YoY Incr OPM: +25.4% vs year-ago OPM: +14.5%",
      "severity": "MEDIUM"
    },
    {
      "quarter": "2023-06 (Q2)",
      "signal": "OP MARGIN TURNED POSITIVE (QoQ)",
      "detail": "Op margin: -27.2% -> +16.3%",
      "severity": "HIGH"
    },
    {
      "quarter": "2022-12 (Q4)",
      "signal": "FCF MARGIN EXPANSION",
      "detail": "FCF margin: +25.9% -> +34.3% (+8.4%)",
      "severity": "MEDIUM"
    },
    {
      "quarter": "2022-12 (Q4)",
      "signal": "OPERATING LEVERAGE",
      "detail": "Rev growth +6.2% vs OpEx growth +2.8% (leverage: 2.2x)",
      "severity": "MEDIUM"
    },
    {
      "quarter": "2022-12 (Q4)",
      "signal": "OP MARGIN TURNED POSITIVE (YoY)",
      "detail": "Op margin: -11.6% (year-ago) -> +25.1%",
      "severity": "HIGH"
    },
    {
      "quarter": "2022-09 (Q3)",
      "signal": "INCREMENTAL MARGIN (YoY)",
      "detail": "YoY Incr OPM: +47.1% vs year-ago OPM: +15.0%",
      "severity": "HIGH"
    },
    {
      "quarter": "2022-06 (Q2)",
      "signal": "FCF TURNED POSITIVE",
      "detail": "FCF margin: -15.5% -> +34.2%",
      "severity": "HIGH"
    },
    {
      "quarter": "2022-06 (Q2)",
      "signal": "OPERATING LEVERAGE",
      "detail": "Rev growth +21.8% vs OpEx growth +5.2% (leverage: 4.2x)",
      "severity": "MEDIUM"
    },
    {
      "quarter": "2022-03 (Q1)",
      "signal": "OP MARGIN TURNED POSITIVE (QoQ)",
      "detail": "Op margin: -11.6% -> +1.0%",
      "severity": "HIGH"
    },
    {
      "quarter": "2021-06 (Q2)",
      "signal": "OPERATING LEVERAGE",
      "detail": "Rev growth +22.1% vs OpEx growth +10.2% (leverage: 2.2x)",
      "severity": "MEDIUM"
    }
  ],
  "data_quality": {
    "n_quarters": 20,
    "coverage": {
      "revenue": [
        20,
        20
      ],
      "gross_profit": [
        20,
        20
      ],
      "op_income": [
        20,
        20
      ],
      "fcf": [
        20,
        20
      ]
    },
    "gaps": [],
    "warnings": []
  },
  "market_cap": null,
  "source": "SEC EDGAR",
  "last_updated": "2026-02-13T11:43:06.047672"
}