{
  "ticker": "NBRWF",
  "name": "NABORS INDUSTRIES LTD.",
  "quarters": [
    {
      "date": "2020-12-31T00:00:00",
      "quarter_label": "2020-12 (Q4)",
      "revenue": 443396000,
      "gross_profit": 169118000,
      "operating_income": -68741000,
      "net_income": -108237000,
      "opex": 511830000,
      "cogs": 274278000,
      "rd": 7285000,
      "sga": null,
      "fcf": 59460000,
      "ocf": 101855000,
      "capex": -42395000,
      "gross_margin": 0.3814152585950257,
      "op_margin": -0.15503297278279463,
      "fcf_margin": 0.13410134507302726
    },
    {
      "date": "2021-03-31T00:00:00",
      "quarter_label": "2021-03 (Q1)",
      "revenue": 460511000,
      "gross_profit": 169857000,
      "operating_income": -35920000,
      "net_income": -137086000,
      "opex": 580378000,
      "cogs": 290654000,
      "rd": 7467000,
      "sga": null,
      "fcf": 38638000,
      "ocf": 79490000,
      "capex": -40852000,
      "gross_margin": 0.3688446095750156,
      "op_margin": -0.07800030835311209,
      "fcf_margin": 0.08390244749853966,
      "op_leverage_ratio": 0.2882146698436941,
      "fcf_margin_change": -0.0501988975744876
    },
    {
      "date": "2021-06-30T00:00:00",
      "quarter_label": "2021-06 (Q2)",
      "revenue": 489333000,
      "gross_profit": 176867000,
      "operating_income": -26084000,
      "net_income": -196009000,
      "opex": 654955000,
      "cogs": 312466000,
      "rd": 7965000,
      "sga": null,
      "fcf": 56780000,
      "ocf": 133713000,
      "capex": -76933000,
      "gross_margin": 0.3614450691042705,
      "op_margin": -0.053305213423169906,
      "fcf_margin": 0.11603550138658132,
      "op_leverage_ratio": 0.48706860586521256,
      "fcf_margin_change": 0.03213305388804166
    },
    {
      "date": "2021-09-30T00:00:00",
      "quarter_label": "2021-09 (Q3)",
      "revenue": 524165000,
      "gross_profit": 187627000,
      "operating_income": -15093000,
      "net_income": -122500000,
      "opex": 637283000,
      "cogs": 336538000,
      "rd": 9498000,
      "sga": null,
      "fcf": 51163000,
      "ocf": 113280000,
      "capex": -62117000,
      "gross_margin": 0.3579540793452443,
      "op_margin": -0.028794368185590415,
      "fcf_margin": 0.0976085774517566,
      "op_leverage_ratio": Infinity,
      "fcf_margin_change": -0.018426923934824715
    },
    {
      "date": "2021-12-31T00:00:00",
      "quarter_label": "2021-12 (Q4)",
      "revenue": 543539000,
      "gross_profit": 196301000,
      "operating_income": -3690000,
      "net_income": -113677000,
      "opex": 634578000,
      "cogs": 347238000,
      "rd": 10223000,
      "sga": null,
      "fcf": 48155000,
      "ocf": 102293000,
      "capex": -54138000,
      "gross_margin": 0.361153477487356,
      "op_margin": -0.006788841279098648,
      "fcf_margin": 0.08859529858942965,
      "incr_op_margin_yoy": 0.6495810990283895,
      "rev_growth_yoy": 0.22585454086189322,
      "op_leverage_ratio": Infinity,
      "fcf_margin_change": -0.00901327886232696
    },
    {
      "date": "2022-03-31T00:00:00",
      "quarter_label": "2022-03 (Q1)",
      "revenue": 568539000,
      "gross_profit": 195827000,
      "operating_income": -239000,
      "net_income": -184496000,
      "opex": 729699000,
      "cogs": 372712000,
      "rd": 11678000,
      "sga": null,
      "fcf": -42904000,
      "ocf": 41354000,
      "capex": -84258000,
      "gross_margin": 0.3444389918721495,
      "op_margin": -0.00042037573499795086,
      "fcf_margin": -0.07546360056214262,
      "incr_op_margin_yoy": 0.33029399785240865,
      "rev_growth_yoy": 0.23458288727087953,
      "rev_growth_yoy_accel": 0.008728346408986315,
      "op_leverage_ratio": 0.30684418818603154,
      "fcf_margin_change": -0.16405889915157226
    },
    {
      "date": "2022-06-30T00:00:00",
      "quarter_label": "2022-06 (Q2)",
      "revenue": 630943000,
      "gross_profit": 227146000,
      "operating_income": 33265000,
      "net_income": -82917000,
      "opex": 692347000,
      "cogs": 403797000,
      "rd": 10941000,
      "sga": null,
      "fcf": 44164000,
      "ocf": 120796000,
      "capex": -76632000,
      "gross_margin": 0.3600103337385469,
      "op_margin": 0.05272267066914127,
      "fcf_margin": 0.06999681429225778,
      "incr_op_margin_yoy": 0.419101758350399,
      "rev_growth_yoy": 0.28939393010485703,
      "rev_growth_yoy_accel": 0.0548110428339775,
      "op_leverage_ratio": Infinity,
      "fcf_margin_change": 0.1454604148544004
    },
    {
      "date": "2022-09-30T00:00:00",
      "quarter_label": "2022-09 (Q3)",
      "revenue": 694136000,
      "gross_profit": 261825000,
      "operating_income": 60371000,
      "net_income": -13783000,
      "opex": 691058000,
      "cogs": 432311000,
      "rd": 13409000,
      "sga": null,
      "fcf": 27760000,
      "ocf": 138950000,
      "capex": -111190000,
      "gross_margin": 0.37719553516890064,
      "op_margin": 0.08697286986988141,
      "fcf_margin": 0.03999216291908214,
      "incr_op_margin_yoy": 0.44398162039406724,
      "rev_growth_yoy": 0.3242700294754514,
      "rev_growth_yoy_accel": 0.03487609937059438,
      "op_leverage_ratio": Infinity,
      "fcf_margin_change": -0.030004651373175636
    },
    {
      "date": "2022-12-31T00:00:00",
      "quarter_label": "2022-12 (Q4)",
      "revenue": 760148000,
      "gross_profit": 302964000,
      "operating_income": 101017000,
      "net_income": -69065000,
      "opex": 801336000,
      "cogs": 457184000,
      "rd": 13911000,
      "sga": null,
      "fcf": 98624000,
      "ocf": 199989000,
      "capex": -101365000,
      "gross_margin": 0.39855922793982224,
      "op_margin": 0.13289122644537643,
      "fcf_margin": 0.12974315528028751,
      "incr_op_margin_yoy": 0.4833917334921448,
      "rev_growth_yoy": 0.3985160218493981,
      "rev_growth_yoy_accel": 0.07424599237394669,
      "op_leverage_ratio": 0.5959419256722011,
      "fcf_margin_change": 0.08975099236120537
    },
    {
      "date": "2023-03-31T00:00:00",
      "quarter_label": "2023-03 (Q1)",
      "revenue": 779139000,
      "gross_profit": 316810000,
      "operating_income": 118658000,
      "net_income": 49224000,
      "opex": 704930000,
      "cogs": 462329000,
      "rd": 15074000,
      "sga": null,
      "fcf": 35316000,
      "ocf": 154050000,
      "capex": -118734000,
      "gross_margin": 0.4066155076308592,
      "op_margin": 0.15229374989571823,
      "fcf_margin": 0.04532695706414388,
      "incr_op_margin_yoy": 0.5645631528964862,
      "rev_growth_yoy": 0.3704231371990312,
      "rev_growth_yoy_accel": -0.02809288465036691,
      "op_leverage_ratio": Infinity,
      "fcf_margin_change": -0.08441619821614363
    },
    {
      "date": "2023-06-30T00:00:00",
      "quarter_label": "2023-06 (Q2)",
      "revenue": 767067000,
      "gross_profit": 311536000,
      "operating_income": 119218000,
      "net_income": 4611000,
      "opex": 736131000,
      "cogs": 455531000,
      "rd": 13281000,
      "sga": null,
      "fcf": 23715000,
      "ocf": 168466000,
      "capex": -144751000,
      "gross_margin": 0.40613922903735916,
      "op_margin": 0.15542058255667368,
      "fcf_margin": 0.03091646492418524,
      "incr_op_margin_yoy": 0.6314316358614205,
      "rev_growth_yoy": 0.21574690582192052,
      "rev_growth_yoy_accel": -0.15467623137711067,
      "fcf_margin_change": -0.014410492139958639
    },
    {
      "date": "2023-09-30T00:00:00",
      "quarter_label": "2023-09 (Q3)",
      "revenue": 733974000,
      "gross_profit": 286223000,
      "operating_income": 89780000,
      "net_income": -48916000,
      "opex": 764874000,
      "cogs": 447751000,
      "rd": 14016000,
      "sga": null,
      "fcf": -9785000,
      "ocf": 133425000,
      "capex": -143210000,
      "gross_margin": 0.3899634046982591,
      "op_margin": 0.1223204091698071,
      "fcf_margin": -0.013331534904506155,
      "incr_op_margin_yoy": 0.7382147698177619,
      "rev_growth_yoy": 0.05739221132458193,
      "rev_growth_yoy_accel": -0.15835469449733858,
      "fcf_margin_change": -0.044247999828691396
    },
    {
      "date": "2023-12-31T00:00:00",
      "quarter_label": "2023-12 (Q4)",
      "revenue": 725801000,
      "gross_profit": 301032000,
      "operating_income": 106051000,
      "net_income": -16703000,
      "opex": 714742000,
      "cogs": 424769000,
      "rd": 13926000,
      "sga": null,
      "fcf": 47765000,
      "ocf": 181921000,
      "capex": -134156000,
      "gross_margin": 0.41475831529579044,
      "op_margin": 0.14611580860318463,
      "fcf_margin": 0.0658100498621523,
      "incr_op_margin_yoy": -0.14656301860424492,
      "rev_growth_yoy": -0.04518462194204287,
      "rev_growth_yoy_accel": -0.1025768332666248,
      "fcf_margin_change": 0.07914158476665846
    },
    {
      "date": "2024-03-31T00:00:00",
      "quarter_label": "2024-03 (Q1)",
      "revenue": 733704000,
      "gross_profit": 296627000,
      "operating_income": 104107000,
      "net_income": -34333000,
      "opex": 736863000,
      "cogs": 437077000,
      "rd": 13863000,
      "sga": null,
      "fcf": 2612000,
      "ocf": 107239000,
      "capex": -104627000,
      "gross_margin": 0.40428701492700053,
      "op_margin": 0.14189237076532227,
      "fcf_margin": 0.0035600187541569898,
      "incr_op_margin_yoy": 0.3202597116760207,
      "rev_growth_yoy": -0.05831437009314128,
      "rev_growth_yoy_accel": -0.013129748151098408,
      "op_leverage_ratio": 0.3518187384785921,
      "fcf_margin_change": -0.06225003110799531
    },
    {
      "date": "2024-06-30T00:00:00",
      "quarter_label": "2024-06 (Q2)",
      "revenue": 734798000,
      "gross_profit": 294573000,
      "operating_income": 100936000,
      "net_income": -32255000,
      "opex": 740454000,
      "cogs": 440225000,
      "rd": 14362000,
      "sga": null,
      "fcf": 54291000,
      "ocf": 181659000,
      "capex": -127368000,
      "gross_margin": 0.4008897683444974,
      "op_margin": 0.137365643346879,
      "fcf_margin": 0.07388561210019624,
      "incr_op_margin_yoy": 0.5665499395704856,
      "rev_growth_yoy": -0.042068033170505316,
      "rev_growth_yoy_accel": 0.01624633692263596,
      "fcf_margin_change": 0.07032559334603926
    },
    {
      "date": "2024-09-30T00:00:00",
      "quarter_label": "2024-09 (Q3)",
      "revenue": 731805000,
      "gross_profit": 300100000,
      "operating_income": 105868000,
      "net_income": -55825000,
      "opex": 766277000,
      "cogs": 431705000,
      "rd": 14404000,
      "sga": null,
      "fcf": 15737000,
      "ocf": 143615000,
      "capex": -127878000,
      "gross_margin": 0.4100819207302492,
      "op_margin": 0.14466695362835727,
      "fcf_margin": 0.02150436250093946,
      "incr_op_margin_yoy": -7.417242969110189,
      "rev_growth_yoy": -0.002955145550114854,
      "rev_growth_yoy_accel": 0.03911288762039046,
      "fcf_margin_change": -0.05238124959925679
    },
    {
      "date": "2024-12-31T00:00:00",
      "quarter_label": "2024-12 (Q4)",
      "revenue": 729819000,
      "gross_profit": null,
      "operating_income": -62984000,
      "net_income": -53671000,
      "opex": 756285000,
      "cogs": null,
      "rd": 14434000,
      "sga": null,
      "fcf": -59127000,
      "ocf": 148919000,
      "capex": -208046000,
      "gross_margin": null,
      "op_margin": -0.08630084993676514,
      "fcf_margin": -0.08101597793425493,
      "incr_op_margin_yoy": -42.069437531110005,
      "rev_growth_yoy": 0.005535952692266889,
      "rev_growth_yoy_accel": 0.008491098242381742,
      "fcf_margin_change": -0.10252034043519438
    },
    {
      "date": "2025-03-31T00:00:00",
      "quarter_label": "2025-03 (Q1)",
      "revenue": 736186000,
      "gross_profit": null,
      "operating_income": 51707000,
      "net_income": 32988000,
      "opex": 670596000,
      "cogs": null,
      "rd": 14035000,
      "sga": null,
      "fcf": -77217000,
      "ocf": 87735000,
      "capex": -164952000,
      "gross_margin": null,
      "op_margin": 0.07023632614583815,
      "fcf_margin": -0.10488789517866409,
      "incr_op_margin_yoy": -21.11200644641418,
      "rev_growth_yoy": 0.00338283558492253,
      "rev_growth_yoy_accel": -0.002153117107344359,
      "fcf_margin_change": -0.023871917244409166
    },
    {
      "date": "2025-06-30T00:00:00",
      "quarter_label": "2025-06 (Q2)",
      "revenue": 832788000,
      "gross_profit": null,
      "operating_income": 73398000,
      "net_income": -30910000,
      "opex": 818045000,
      "cogs": null,
      "rd": 12722000,
      "sga": null,
      "fcf": -27103000,
      "ocf": 151810000,
      "capex": -178913000,
      "gross_margin": null,
      "op_margin": 0.08813527572443407,
      "fcf_margin": -0.032544897380846025,
      "incr_op_margin_yoy": -0.28102867639555057,
      "rev_growth_yoy": 0.13335637821550958,
      "rev_growth_yoy_accel": 0.12997354263058705,
      "op_leverage_ratio": 0.5967847142179267,
      "fcf_margin_change": 0.07234299779781807
    },
    {
      "date": "2025-09-30T00:00:00",
      "quarter_label": "2025-09 (Q3)",
      "revenue": 818190000,
      "gross_profit": null,
      "operating_income": 127764000,
      "net_income": 274198000,
      "opex": 405476000,
      "cogs": null,
      "rd": 12978000,
      "sga": null,
      "fcf": -2141000,
      "ocf": 207880000,
      "capex": -210021000,
      "gross_margin": null,
      "op_margin": 0.15615443845561544,
      "fcf_margin": -0.002616751610261675,
      "incr_op_margin_yoy": 0.2534699311223013,
      "rev_growth_yoy": 0.11804374116055506,
      "rev_growth_yoy_accel": -0.015312637054954517,
      "fcf_margin_change": 0.02992814577058435
    }
  ],
  "signals": [
    {
      "quarter": "2025-09 (Q3)",
      "signal": "INCREMENTAL MARGIN (YoY)",
      "detail": "YoY Incr OPM: +25.3% vs year-ago OPM: +14.5%",
      "severity": "MEDIUM"
    },
    {
      "quarter": "2025-06 (Q2)",
      "signal": "FCF MARGIN EXPANSION",
      "detail": "FCF margin: -10.5% -> -3.3% (+7.2%)",
      "severity": "MEDIUM"
    },
    {
      "quarter": "2025-06 (Q2)",
      "signal": "YoY REVENUE GROWTH ACCELERATION",
      "detail": "YoY growth: +13.3% vs prior quarter YoY: +0.3% (accel: +13.0%)",
      "severity": "MEDIUM"
    },
    {
      "quarter": "2025-03 (Q1)",
      "signal": "OP MARGIN TURNED POSITIVE (QoQ)",
      "detail": "Op margin: -8.6% -> +7.0%",
      "severity": "HIGH"
    },
    {
      "quarter": "2024-06 (Q2)",
      "signal": "FCF MARGIN EXPANSION",
      "detail": "FCF margin: +0.4% -> +7.4% (+7.0%)",
      "severity": "MEDIUM"
    },
    {
      "quarter": "2024-06 (Q2)",
      "signal": "INCREMENTAL MARGIN (YoY)",
      "detail": "YoY Incr OPM: +56.7% vs year-ago OPM: +15.5%",
      "severity": "HIGH"
    },
    {
      "quarter": "2024-03 (Q1)",
      "signal": "INCREMENTAL MARGIN (YoY)",
      "detail": "YoY Incr OPM: +32.0% vs year-ago OPM: +15.2%",
      "severity": "MEDIUM"
    },
    {
      "quarter": "2023-12 (Q4)",
      "signal": "FCF TURNED POSITIVE",
      "detail": "FCF margin: -1.3% -> +6.6%",
      "severity": "HIGH"
    },
    {
      "quarter": "2023-12 (Q4)",
      "signal": "GROSS MARGIN INFLECTION",
      "detail": "GM: +40.6% -> +39.0% -> +41.5% (reversal +2.5%)",
      "severity": "MEDIUM"
    },
    {
      "quarter": "2023-12 (Q4)",
      "signal": "YoY REVENUE GROWTH DECELERATION",
      "detail": "YoY growth: -4.5% vs prior quarter YoY: +5.7% (decel: -10.3%)",
      "severity": "WARNING"
    },
    {
      "quarter": "2023-09 (Q3)",
      "signal": "YoY REVENUE GROWTH DECELERATION",
      "detail": "YoY growth: +5.7% vs prior quarter YoY: +21.6% (decel: -15.8%)",
      "severity": "WARNING"
    },
    {
      "quarter": "2023-09 (Q3)",
      "signal": "INCREMENTAL MARGIN (YoY)",
      "detail": "YoY Incr OPM: +73.8% vs year-ago OPM: +8.7%",
      "severity": "HIGH"
    },
    {
      "quarter": "2023-06 (Q2)",
      "signal": "YoY REVENUE GROWTH DECELERATION",
      "detail": "YoY growth: +21.6% vs prior quarter YoY: +37.0% (decel: -15.5%)",
      "severity": "WARNING"
    },
    {
      "quarter": "2023-06 (Q2)",
      "signal": "INCREMENTAL MARGIN (YoY)",
      "detail": "YoY Incr OPM: +63.1% vs year-ago OPM: +5.3%",
      "severity": "HIGH"
    },
    {
      "quarter": "2023-03 (Q1)",
      "signal": "OP MARGIN TURNED POSITIVE (YoY)",
      "detail": "Op margin: -0.0% (year-ago) -> +15.2%",
      "severity": "HIGH"
    },
    {
      "quarter": "2022-12 (Q4)",
      "signal": "FCF MARGIN EXPANSION",
      "detail": "FCF margin: +4.0% -> +13.0% (+9.0%)",
      "severity": "MEDIUM"
    },
    {
      "quarter": "2022-12 (Q4)",
      "signal": "YoY REVENUE GROWTH ACCELERATION",
      "detail": "YoY growth: +39.9% vs prior quarter YoY: +32.4% (accel: +7.4%)",
      "severity": "MEDIUM"
    },
    {
      "quarter": "2022-12 (Q4)",
      "signal": "OP MARGIN TURNED POSITIVE (YoY)",
      "detail": "Op margin: -0.7% (year-ago) -> +13.3%",
      "severity": "HIGH"
    },
    {
      "quarter": "2022-09 (Q3)",
      "signal": "OP MARGIN TURNED POSITIVE (YoY)",
      "detail": "Op margin: -2.9% (year-ago) -> +8.7%",
      "severity": "HIGH"
    },
    {
      "quarter": "2022-06 (Q2)",
      "signal": "FCF TURNED POSITIVE",
      "detail": "FCF margin: -7.5% -> +7.0%",
      "severity": "HIGH"
    },
    {
      "quarter": "2022-06 (Q2)",
      "signal": "YoY REVENUE GROWTH ACCELERATION",
      "detail": "YoY growth: +28.9% vs prior quarter YoY: +23.5% (accel: +5.5%)",
      "severity": "MEDIUM"
    },
    {
      "quarter": "2022-06 (Q2)",
      "signal": "OP MARGIN TURNED POSITIVE (YoY)",
      "detail": "Op margin: -5.3% (year-ago) -> +5.3%",
      "severity": "HIGH"
    },
    {
      "quarter": "2022-06 (Q2)",
      "signal": "OP MARGIN TURNED POSITIVE (QoQ)",
      "detail": "Op margin: -0.0% -> +5.3%",
      "severity": "HIGH"
    }
  ],
  "data_quality": {
    "n_quarters": 20,
    "coverage": {
      "revenue": [
        20,
        20
      ],
      "gross_profit": [
        16,
        20
      ],
      "op_income": [
        20,
        20
      ],
      "fcf": [
        20,
        20
      ]
    },
    "gaps": [],
    "warnings": []
  },
  "market_cap": null,
  "source": "SEC EDGAR",
  "last_updated": "2026-02-03T01:07:56.718674"
}