{
  "ticker": "NCLH",
  "name": "NORWEGIAN CRUISE LINE HOLDINGS LTD.",
  "quarters": [
    {
      "date": "2020-12-31T00:00:00",
      "quarter_label": "2020-12 (Q4)",
      "revenue": 9579000,
      "gross_profit": -197413000,
      "operating_income": -546880000,
      "net_income": -738933000,
      "opex": 349467000,
      "cogs": 206992000,
      "rd": null,
      "sga": 186564000,
      "fcf": -711020000,
      "ocf": -637617000,
      "capex": -73403000,
      "gross_margin": -20.608936214636184,
      "op_margin": -57.09155444200856,
      "fcf_margin": -74.22695479695166
    },
    {
      "date": "2021-03-31T00:00:00",
      "quarter_label": "2021-03 (Q1)",
      "revenue": 3100000,
      "gross_profit": -197755000,
      "operating_income": -571266000,
      "net_income": -1370192000,
      "opex": 373511000,
      "cogs": 200855000,
      "rd": null,
      "sga": 203195000,
      "fcf": -988361000,
      "ocf": -852011000,
      "capex": -136350000,
      "gross_margin": -63.791935483870965,
      "op_margin": -184.27935483870968,
      "fcf_margin": -318.82612903225805,
      "fcf_margin_change": -244.5991742353064
    },
    {
      "date": "2021-06-30T00:00:00",
      "quarter_label": "2021-06 (Q2)",
      "revenue": 4368000,
      "gross_profit": -245359000,
      "operating_income": -605104000,
      "net_income": -717789000,
      "opex": 359745000,
      "cogs": 249727000,
      "rd": null,
      "sga": 185483000,
      "fcf": -803175000,
      "ocf": -630044000,
      "capex": -173131000,
      "gross_margin": -56.171932234432234,
      "op_margin": -138.53113553113553,
      "fcf_margin": -183.87706043956044,
      "op_leverage_ratio": Infinity,
      "fcf_margin_change": 134.9490685926976
    },
    {
      "date": "2021-09-30T00:00:00",
      "quarter_label": "2021-09 (Q3)",
      "revenue": 153081000,
      "gross_profit": -286675000,
      "operating_income": -689106000,
      "net_income": -845885000,
      "opex": 402431000,
      "cogs": 439756000,
      "rd": null,
      "sga": 229142000,
      "fcf": -900345000,
      "ocf": -670296000,
      "capex": -230049000,
      "gross_margin": -1.8727013803149966,
      "op_margin": -4.501577596174574,
      "fcf_margin": -5.881494110960864,
      "op_leverage_ratio": 286.9297708818497,
      "fcf_margin_change": 177.99556632859958
    },
    {
      "date": "2021-12-31T00:00:00",
      "quarter_label": "2021-12 (Q4)",
      "revenue": 487437000,
      "gross_profit": -230262000,
      "operating_income": -686872000,
      "net_income": -1572721000,
      "opex": 456610000,
      "cogs": 717699000,
      "rd": null,
      "sga": 273632000,
      "fcf": -528971000,
      "ocf": -315658000,
      "capex": -213313000,
      "gross_margin": -0.4723933554490119,
      "op_margin": -1.4091503107068195,
      "fcf_margin": -1.0852089603374384,
      "incr_op_margin_yoy": -0.29295732204964653,
      "rev_growth_yoy": 49.88600062637018,
      "op_leverage_ratio": 16.22363897506312,
      "fcf_margin_change": 4.796285150623425
    },
    {
      "date": "2022-03-31T00:00:00",
      "quarter_label": "2022-03 (Q1)",
      "revenue": 521940000,
      "gross_profit": -213473000,
      "operating_income": -688756000,
      "net_income": -982714000,
      "opex": 475283000,
      "cogs": 735413000,
      "rd": null,
      "sga": 296207000,
      "fcf": -536295000,
      "ocf": -371011000,
      "capex": -165284000,
      "gross_margin": -0.4089991186726444,
      "op_margin": -1.3196076177338392,
      "fcf_margin": -1.027503161282906,
      "incr_op_margin_yoy": -0.2264474597178321,
      "rev_growth_yoy": 167.36774193548388,
      "rev_growth_yoy_accel": 117.48174130911369,
      "op_leverage_ratio": 1.7308908706292583,
      "fcf_margin_change": 0.057705799054532436
    },
    {
      "date": "2022-06-30T00:00:00",
      "quarter_label": "2022-06 (Q2)",
      "revenue": 1187181000,
      "gross_profit": 113865000,
      "operating_income": -396802000,
      "net_income": -509321000,
      "opex": 510667000,
      "cogs": 1073316000,
      "rd": null,
      "sga": 329080000,
      "fcf": 101167000,
      "ocf": 262186000,
      "capex": -161019000,
      "gross_margin": 0.09591208080317996,
      "op_margin": -0.33423883973884355,
      "fcf_margin": 0.08521615490813954,
      "incr_op_margin_yoy": 0.17610729675781378,
      "rev_growth_yoy": 270.79052197802196,
      "rev_growth_yoy_accel": 103.42278004253808,
      "op_leverage_ratio": 17.120000806126168,
      "fcf_margin_change": 1.1127193161910456
    },
    {
      "date": "2022-09-30T00:00:00",
      "quarter_label": "2022-09 (Q3)",
      "revenue": 1615510000,
      "gross_profit": 376612000,
      "operating_income": -185230000,
      "net_income": -295394000,
      "opex": 561842000,
      "cogs": 1238898000,
      "rd": null,
      "sga": 375291000,
      "fcf": -1219894000,
      "ocf": 82245000,
      "capex": -1302139000,
      "gross_margin": 0.23312266714535967,
      "op_margin": -0.11465729088646928,
      "fcf_margin": -0.7551138649714332,
      "incr_op_margin_yoy": 0.3445473250325315,
      "rev_growth_yoy": 9.553301846734735,
      "rev_growth_yoy_accel": -261.23722013128724,
      "op_leverage_ratio": 3.600314873372631,
      "fcf_margin_change": -0.8403300198795727
    },
    {
      "date": "2022-12-31T00:00:00",
      "quarter_label": "2022-12 (Q4)",
      "revenue": 1519129000,
      "gross_profit": 299670000,
      "operating_income": -280969000,
      "net_income": -482480000,
      "opex": 580639000,
      "cogs": 1219459000,
      "rd": null,
      "sga": 378527000,
      "fcf": 81185000,
      "ocf": 236600000,
      "capex": -155415000,
      "gross_margin": 0.19726435345517068,
      "op_margin": -0.1849540098306332,
      "fcf_margin": 0.05344180777274346,
      "incr_op_margin_yoy": 0.3934342807737193,
      "rev_growth_yoy": 2.1165648073494627,
      "rev_growth_yoy_accel": -7.436737039385273,
      "fcf_margin_change": 0.8085556727441766
    },
    {
      "date": "2023-03-31T00:00:00",
      "quarter_label": "2023-03 (Q1)",
      "revenue": 1821939000,
      "gross_profit": 541521000,
      "operating_income": 10718000,
      "net_income": -159321000,
      "opex": 530803000,
      "cogs": 1280418000,
      "rd": null,
      "sga": 336013000,
      "fcf": 265657000,
      "ocf": 503333000,
      "capex": -237676000,
      "gross_margin": 0.29722235486478965,
      "op_margin": 0.005882743604478526,
      "fcf_margin": 0.1458100408411039,
      "incr_op_margin_yoy": 0.5380573369671823,
      "rev_growth_yoy": 2.490705828256121,
      "rev_growth_yoy_accel": 0.37414102090665846,
      "op_leverage_ratio": Infinity,
      "fcf_margin_change": 0.09236823306836045
    },
    {
      "date": "2023-06-30T00:00:00",
      "quarter_label": "2023-06 (Q2)",
      "revenue": 2205492000,
      "gross_profit": 821882000,
      "operating_income": 272545000,
      "net_income": 86116000,
      "opex": 549337000,
      "cogs": 1383610000,
      "rd": null,
      "sga": 352222000,
      "fcf": 296768000,
      "ocf": 1033282000,
      "capex": -736514000,
      "gross_margin": 0.3726524512444389,
      "op_margin": 0.12357560127173438,
      "fcf_margin": 0.13455863816327604,
      "incr_op_margin_yoy": 0.6573109786695813,
      "rev_growth_yoy": 0.8577554728385983,
      "rev_growth_yoy_accel": -1.6329503554175229,
      "op_leverage_ratio": 6.02914545795436,
      "fcf_margin_change": -0.01125140267782787
    },
    {
      "date": "2023-09-30T00:00:00",
      "quarter_label": "2023-09 (Q3)",
      "revenue": 2536037000,
      "gross_profit": 1053291000,
      "operating_income": 523318000,
      "net_income": 345868000,
      "opex": 529973000,
      "cogs": 1482746000,
      "rd": null,
      "sga": 325365000,
      "fcf": -918409000,
      "ocf": 210099000,
      "capex": -1128508000,
      "gross_margin": 0.41532950820512476,
      "op_margin": 0.20635266756754733,
      "fcf_margin": -0.3621433756684149,
      "incr_op_margin_yoy": 0.7697199538959748,
      "rev_growth_yoy": 0.5698058198339843,
      "rev_growth_yoy_accel": -0.28794965300461406,
      "op_leverage_ratio": Infinity,
      "fcf_margin_change": -0.496702013831691
    },
    {
      "date": "2023-12-31T00:00:00",
      "quarter_label": "2023-12 (Q4)",
      "revenue": 1986456000,
      "gross_profit": 664643000,
      "operating_income": 124330000,
      "net_income": -106485000,
      "opex": 540313000,
      "cogs": 1321813000,
      "rd": null,
      "sga": 328258000,
      "fcf": -388664000,
      "ocf": 259000000,
      "capex": -647664000,
      "gross_margin": 0.33458732536738794,
      "op_margin": 0.06258885170373771,
      "fcf_margin": -0.195656989130391,
      "incr_op_margin_yoy": 0.8672706691460156,
      "rev_growth_yoy": 0.30762825276852723,
      "rev_growth_yoy_accel": -0.26217756706545703,
      "fcf_margin_change": 0.16648638653802392
    },
    {
      "date": "2024-03-31T00:00:00",
      "quarter_label": "2024-03 (Q1)",
      "revenue": 2191215000,
      "gross_profit": 803792000,
      "operating_income": 218394000,
      "net_income": 17353000,
      "opex": 585398000,
      "cogs": 1387423000,
      "rd": null,
      "sga": 362469000,
      "fcf": 548320000,
      "ocf": 807171000,
      "capex": -258851000,
      "gross_margin": 0.3668247981142882,
      "op_margin": 0.09966799241516693,
      "fcf_margin": 0.25023559988408256,
      "incr_op_margin_yoy": 0.5623869409330691,
      "rev_growth_yoy": 0.20268296578535286,
      "rev_growth_yoy_accel": -0.10494528698317437,
      "op_leverage_ratio": 1.235314083817131,
      "fcf_margin_change": 0.4458925890144736
    },
    {
      "date": "2024-06-30T00:00:00",
      "quarter_label": "2024-06 (Q2)",
      "revenue": 2372492000,
      "gross_profit": 917737000,
      "operating_income": 341561000,
      "net_income": 163436000,
      "opex": 576176000,
      "cogs": 1454755000,
      "rd": null,
      "sga": 353771000,
      "fcf": 330239000,
      "ocf": 670893000,
      "capex": -340654000,
      "gross_margin": 0.3868240651601776,
      "op_margin": 0.143967187244467,
      "fcf_margin": 0.13919498990934426,
      "incr_op_margin_yoy": 0.4132694610778443,
      "rev_growth_yoy": 0.07572006608956187,
      "rev_growth_yoy_accel": -0.126962899695791,
      "op_leverage_ratio": Infinity,
      "fcf_margin_change": -0.1110406099747383
    },
    {
      "date": "2024-09-30T00:00:00",
      "quarter_label": "2024-09 (Q3)",
      "revenue": 2806578000,
      "gross_profit": 1267639000,
      "operating_income": 691210000,
      "net_income": 474932000,
      "opex": 576429000,
      "cogs": 1538939000,
      "rd": null,
      "sga": 358001000,
      "fcf": -195508000,
      "ocf": 172503000,
      "capex": -368011000,
      "gross_margin": 0.45166711917502383,
      "op_margin": 0.24628212720259335,
      "fcf_margin": -0.06966063298436743,
      "incr_op_margin_yoy": 0.6205787662498475,
      "rev_growth_yoy": 0.10667864861593107,
      "rev_growth_yoy_accel": 0.030958582526369197,
      "op_leverage_ratio": Infinity,
      "fcf_margin_change": -0.20885562289371168
    },
    {
      "date": "2024-12-31T00:00:00",
      "quarter_label": "2024-12 (Q4)",
      "revenue": 2109366000,
      "gross_profit": 801787000,
      "operating_income": 214741000,
      "net_income": 254536000,
      "opex": 587046000,
      "cogs": 1307579000,
      "rd": null,
      "sga": 360566000,
      "fcf": 155820000,
      "ocf": 399256000,
      "capex": -243436000,
      "gross_margin": 0.38010805142398235,
      "op_margin": 0.10180357510266118,
      "fcf_margin": 0.07387053740318181,
      "incr_op_margin_yoy": 0.7355870148889432,
      "rev_growth_yoy": 0.06187401080114536,
      "rev_growth_yoy_accel": -0.04480463781478571,
      "fcf_margin_change": 0.14353117038754926
    },
    {
      "date": "2025-03-31T00:00:00",
      "quarter_label": "2025-03 (Q1)",
      "revenue": 2127553000,
      "gross_profit": 823615000,
      "operating_income": 200942000,
      "net_income": -40295000,
      "opex": 622673000,
      "cogs": 1303938000,
      "rd": null,
      "sga": 391376000,
      "fcf": -845999000,
      "ocf": 679221000,
      "capex": -1525220000,
      "gross_margin": 0.3871184407626978,
      "op_margin": 0.09444747087381607,
      "fcf_margin": -0.3976394477599383,
      "incr_op_margin_yoy": 0.2741352769312934,
      "rev_growth_yoy": -0.029053287787825476,
      "rev_growth_yoy_accel": -0.09092729858897083,
      "fcf_margin_change": -0.47150998516312015
    },
    {
      "date": "2025-06-30T00:00:00",
      "quarter_label": "2025-06 (Q2)",
      "revenue": 2517497000,
      "gross_profit": 1060650000,
      "operating_income": 423836000,
      "net_income": 29992000,
      "opex": 636814000,
      "cogs": 1456847000,
      "rd": null,
      "sga": 393054000,
      "fcf": 381210000,
      "ocf": 714851000,
      "capex": -333641000,
      "gross_margin": 0.4213113262895646,
      "op_margin": 0.16835610926249367,
      "fcf_margin": 0.15142421222349023,
      "incr_op_margin_yoy": 0.5673942277852488,
      "rev_growth_yoy": 0.06111927880051861,
      "rev_growth_yoy_accel": 0.09017256658834408,
      "op_leverage_ratio": 8.070524622187264,
      "fcf_margin_change": 0.5490636599834285
    },
    {
      "date": "2025-09-30T00:00:00",
      "quarter_label": "2025-09 (Q3)",
      "revenue": 2938142000,
      "gross_profit": 1383283000,
      "operating_income": 749449000,
      "net_income": 419295000,
      "opex": 633834000,
      "cogs": 1554859000,
      "rd": null,
      "sga": 383002000,
      "fcf": -726534000,
      "ocf": 236564000,
      "capex": -963098000,
      "gross_margin": 0.4708019557938316,
      "op_margin": 0.25507582683205915,
      "fcf_margin": -0.2472766802965956,
      "incr_op_margin_yoy": 0.4426666869356359,
      "rev_growth_yoy": 0.046877015354641845,
      "rev_growth_yoy_accel": -0.014242263445876764,
      "op_leverage_ratio": Infinity,
      "fcf_margin_change": -0.39870089252008584
    }
  ],
  "signals": [
    {
      "quarter": "2025-09 (Q3)",
      "signal": "INCREMENTAL MARGIN (YoY)",
      "detail": "YoY Incr OPM: +44.3% vs year-ago OPM: +24.6%",
      "severity": "MEDIUM"
    },
    {
      "quarter": "2025-06 (Q2)",
      "signal": "FCF TURNED POSITIVE",
      "detail": "FCF margin: -39.8% -> +15.1%",
      "severity": "HIGH"
    },
    {
      "quarter": "2025-06 (Q2)",
      "signal": "OPERATING LEVERAGE",
      "detail": "Rev growth +18.3% vs OpEx growth +2.3% (leverage: 8.1x)",
      "severity": "MEDIUM"
    },
    {
      "quarter": "2025-06 (Q2)",
      "signal": "YoY REVENUE GROWTH ACCELERATION",
      "detail": "YoY growth: +6.1% vs prior quarter YoY: -2.9% (accel: +9.0%)",
      "severity": "MEDIUM"
    },
    {
      "quarter": "2025-06 (Q2)",
      "signal": "INCREMENTAL MARGIN (YoY)",
      "detail": "YoY Incr OPM: +56.7% vs year-ago OPM: +14.4%",
      "severity": "HIGH"
    },
    {
      "quarter": "2025-03 (Q1)",
      "signal": "YoY REVENUE GROWTH DECELERATION",
      "detail": "YoY growth: -2.9% vs prior quarter YoY: +6.2% (decel: -9.1%)",
      "severity": "WARNING"
    },
    {
      "quarter": "2025-03 (Q1)",
      "signal": "INCREMENTAL MARGIN (YoY)",
      "detail": "YoY Incr OPM: +27.4% vs year-ago OPM: +10.0%",
      "severity": "MEDIUM"
    },
    {
      "quarter": "2024-12 (Q4)",
      "signal": "FCF TURNED POSITIVE",
      "detail": "FCF margin: -7.0% -> +7.4%",
      "severity": "HIGH"
    },
    {
      "quarter": "2024-12 (Q4)",
      "signal": "INCREMENTAL MARGIN (YoY)",
      "detail": "YoY Incr OPM: +73.6% vs year-ago OPM: +6.3%",
      "severity": "HIGH"
    },
    {
      "quarter": "2024-09 (Q3)",
      "signal": "OPERATING LEVERAGE",
      "detail": "Rev growth +18.3% vs OpEx growth +0.0% (leverage: 416.7x)",
      "severity": "MEDIUM"
    },
    {
      "quarter": "2024-09 (Q3)",
      "signal": "INCREMENTAL MARGIN (YoY)",
      "detail": "YoY Incr OPM: +62.1% vs year-ago OPM: +20.6%",
      "severity": "HIGH"
    },
    {
      "quarter": "2024-06 (Q2)",
      "signal": "YoY REVENUE GROWTH DECELERATION",
      "detail": "YoY growth: +7.6% vs prior quarter YoY: +20.3% (decel: -12.7%)",
      "severity": "WARNING"
    },
    {
      "quarter": "2024-06 (Q2)",
      "signal": "INCREMENTAL MARGIN (YoY)",
      "detail": "YoY Incr OPM: +41.3% vs year-ago OPM: +12.4%",
      "severity": "HIGH"
    },
    {
      "quarter": "2024-03 (Q1)",
      "signal": "FCF TURNED POSITIVE",
      "detail": "FCF margin: -19.6% -> +25.0%",
      "severity": "HIGH"
    },
    {
      "quarter": "2024-03 (Q1)",
      "signal": "GROSS MARGIN INFLECTION",
      "detail": "GM: +41.5% -> +33.5% -> +36.7% (reversal +3.2%)",
      "severity": "MEDIUM"
    },
    {
      "quarter": "2024-03 (Q1)",
      "signal": "YoY REVENUE GROWTH DECELERATION",
      "detail": "YoY growth: +20.3% vs prior quarter YoY: +30.8% (decel: -10.5%)",
      "severity": "WARNING"
    },
    {
      "quarter": "2024-03 (Q1)",
      "signal": "INCREMENTAL MARGIN (YoY)",
      "detail": "YoY Incr OPM: +56.2% vs year-ago OPM: +0.6%",
      "severity": "HIGH"
    },
    {
      "quarter": "2023-12 (Q4)",
      "signal": "FCF MARGIN EXPANSION",
      "detail": "FCF margin: -36.2% -> -19.6% (+16.6%)",
      "severity": "MEDIUM"
    },
    {
      "quarter": "2023-12 (Q4)",
      "signal": "YoY REVENUE GROWTH DECELERATION",
      "detail": "YoY growth: +30.8% vs prior quarter YoY: +57.0% (decel: -26.2%)",
      "severity": "WARNING"
    },
    {
      "quarter": "2023-12 (Q4)",
      "signal": "OP MARGIN TURNED POSITIVE (YoY)",
      "detail": "Op margin: -18.5% (year-ago) -> +6.3%",
      "severity": "HIGH"
    },
    {
      "quarter": "2023-09 (Q3)",
      "signal": "YoY REVENUE GROWTH DECELERATION",
      "detail": "YoY growth: +57.0% vs prior quarter YoY: +85.8% (decel: -28.8%)",
      "severity": "WARNING"
    },
    {
      "quarter": "2023-09 (Q3)",
      "signal": "OP MARGIN TURNED POSITIVE (YoY)",
      "detail": "Op margin: -11.5% (year-ago) -> +20.6%",
      "severity": "HIGH"
    },
    {
      "quarter": "2023-06 (Q2)",
      "signal": "OPERATING LEVERAGE",
      "detail": "Rev growth +21.1% vs OpEx growth +3.5% (leverage: 6.0x)",
      "severity": "MEDIUM"
    },
    {
      "quarter": "2023-06 (Q2)",
      "signal": "YoY REVENUE GROWTH DECELERATION",
      "detail": "YoY growth: +85.8% vs prior quarter YoY: +249.1% (decel: -163.3%)",
      "severity": "WARNING"
    },
    {
      "quarter": "2023-06 (Q2)",
      "signal": "OP MARGIN TURNED POSITIVE (YoY)",
      "detail": "Op margin: -33.4% (year-ago) -> +12.4%",
      "severity": "HIGH"
    },
    {
      "quarter": "2023-03 (Q1)",
      "signal": "FCF MARGIN EXPANSION",
      "detail": "FCF margin: +5.3% -> +14.6% (+9.2%)",
      "severity": "MEDIUM"
    },
    {
      "quarter": "2023-03 (Q1)",
      "signal": "GROSS MARGIN INFLECTION",
      "detail": "GM: +23.3% -> +19.7% -> +29.7% (reversal +10.0%)",
      "severity": "HIGH"
    },
    {
      "quarter": "2023-03 (Q1)",
      "signal": "YoY REVENUE GROWTH ACCELERATION",
      "detail": "YoY growth: +249.1% vs prior quarter YoY: +211.7% (accel: +37.4%)",
      "severity": "HIGH"
    },
    {
      "quarter": "2023-03 (Q1)",
      "signal": "OP MARGIN TURNED POSITIVE (YoY)",
      "detail": "Op margin: -132.0% (year-ago) -> +0.6%",
      "severity": "HIGH"
    },
    {
      "quarter": "2023-03 (Q1)",
      "signal": "OP MARGIN TURNED POSITIVE (QoQ)",
      "detail": "Op margin: -18.5% -> +0.6%",
      "severity": "HIGH"
    },
    {
      "quarter": "2022-12 (Q4)",
      "signal": "FCF TURNED POSITIVE",
      "detail": "FCF margin: -75.5% -> +5.3%",
      "severity": "HIGH"
    },
    {
      "quarter": "2022-12 (Q4)",
      "signal": "YoY REVENUE GROWTH DECELERATION",
      "detail": "YoY growth: +211.7% vs prior quarter YoY: +955.3% (decel: -743.7%)",
      "severity": "WARNING"
    },
    {
      "quarter": "2022-09 (Q3)",
      "signal": "OPERATING LEVERAGE",
      "detail": "Rev growth +36.1% vs OpEx growth +10.0% (leverage: 3.6x)",
      "severity": "MEDIUM"
    },
    {
      "quarter": "2022-09 (Q3)",
      "signal": "YoY REVENUE GROWTH DECELERATION",
      "detail": "YoY growth: +955.3% vs prior quarter YoY: +27079.1% (decel: -26123.7%)",
      "severity": "WARNING"
    },
    {
      "quarter": "2022-06 (Q2)",
      "signal": "FCF TURNED POSITIVE",
      "detail": "FCF margin: -102.8% -> +8.5%",
      "severity": "HIGH"
    },
    {
      "quarter": "2022-06 (Q2)",
      "signal": "OPERATING LEVERAGE",
      "detail": "Rev growth +127.5% vs OpEx growth +7.4% (leverage: 17.1x)",
      "severity": "MEDIUM"
    },
    {
      "quarter": "2022-06 (Q2)",
      "signal": "YoY REVENUE GROWTH ACCELERATION",
      "detail": "YoY growth: +27079.1% vs prior quarter YoY: +16736.8% (accel: +10342.3%)",
      "severity": "HIGH"
    },
    {
      "quarter": "2022-03 (Q1)",
      "signal": "FCF MARGIN EXPANSION",
      "detail": "FCF margin: -108.5% -> -102.8% (+5.8%)",
      "severity": "MEDIUM"
    },
    {
      "quarter": "2022-03 (Q1)",
      "signal": "OPERATING LEVERAGE",
      "detail": "Rev growth +7.1% vs OpEx growth +4.1% (leverage: 1.7x)",
      "severity": "MEDIUM"
    },
    {
      "quarter": "2022-03 (Q1)",
      "signal": "YoY REVENUE GROWTH ACCELERATION",
      "detail": "YoY growth: +16736.8% vs prior quarter YoY: +4988.6% (accel: +11748.2%)",
      "severity": "HIGH"
    },
    {
      "quarter": "2021-12 (Q4)",
      "signal": "FCF MARGIN EXPANSION",
      "detail": "FCF margin: -588.1% -> -108.5% (+479.6%)",
      "severity": "MEDIUM"
    },
    {
      "quarter": "2021-12 (Q4)",
      "signal": "OPERATING LEVERAGE",
      "detail": "Rev growth +218.4% vs OpEx growth +13.5% (leverage: 16.2x)",
      "severity": "MEDIUM"
    },
    {
      "quarter": "2021-09 (Q3)",
      "signal": "FCF MARGIN EXPANSION",
      "detail": "FCF margin: -18387.7% -> -588.1% (+17799.6%)",
      "severity": "MEDIUM"
    },
    {
      "quarter": "2021-09 (Q3)",
      "signal": "OPERATING LEVERAGE",
      "detail": "Rev growth +3404.6% vs OpEx growth +11.9% (leverage: 286.9x)",
      "severity": "MEDIUM"
    },
    {
      "quarter": "2021-06 (Q2)",
      "signal": "FCF MARGIN EXPANSION",
      "detail": "FCF margin: -31882.6% -> -18387.7% (+13494.9%)",
      "severity": "MEDIUM"
    },
    {
      "quarter": "2021-06 (Q2)",
      "signal": "GROSS MARGIN INFLECTION",
      "detail": "GM: -2060.9% -> -6379.2% -> -5617.2% (reversal +762.0%)",
      "severity": "HIGH"
    }
  ],
  "data_quality": {
    "n_quarters": 20,
    "coverage": {
      "revenue": [
        20,
        20
      ],
      "gross_profit": [
        20,
        20
      ],
      "op_income": [
        20,
        20
      ],
      "fcf": [
        20,
        20
      ]
    },
    "gaps": [],
    "warnings": []
  },
  "market_cap": null,
  "source": "SEC EDGAR",
  "last_updated": "2026-02-02T20:40:18.135757",
  "sector": "Consumer Cyclical",
  "industry": "Travel Services"
}