{
  "ticker": "NCMI",
  "name": "NATIONAL CINEMEDIA, INC.",
  "quarters": [
    {
      "date": "2020-12-31T00:00:00",
      "quarter_label": "2020-12 (Q4)",
      "revenue": 15700000,
      "gross_profit": null,
      "operating_income": -20800000,
      "net_income": -35200000,
      "opex": 36500000,
      "cogs": null,
      "rd": null,
      "sga": null,
      "fcf": null,
      "ocf": null,
      "capex": -1400000,
      "gross_margin": null,
      "op_margin": -1.3248407643312101,
      "fcf_margin": null
    },
    {
      "date": "2021-04-01T00:00:00",
      "quarter_label": "2021-04 (Q2)",
      "revenue": 5400000,
      "gross_profit": 3900000,
      "operating_income": -28300000,
      "net_income": -19400000,
      "opex": 33700000,
      "cogs": 1500000,
      "rd": null,
      "sga": null,
      "fcf": -27000000,
      "ocf": -25000000,
      "capex": -2000000,
      "gross_margin": 0.7222222222222222,
      "op_margin": -5.2407407407407405,
      "fcf_margin": -5.0
    },
    {
      "date": "2021-07-01T00:00:00",
      "quarter_label": "2021-07 (Q3)",
      "revenue": 14000000,
      "gross_profit": 10800000,
      "operating_income": -29600000,
      "net_income": -22700000,
      "opex": 43600000,
      "cogs": 3200000,
      "rd": null,
      "sga": null,
      "fcf": -37500000,
      "ocf": -36600000,
      "capex": -900000,
      "gross_margin": 0.7714285714285715,
      "op_margin": -2.1142857142857143,
      "fcf_margin": -2.6785714285714284,
      "op_leverage_ratio": 5.421249532360644,
      "fcf_margin_change": 2.3214285714285716
    },
    {
      "date": "2021-09-30T00:00:00",
      "quarter_label": "2021-09 (Q3)",
      "revenue": 31700000,
      "gross_profit": 26500000,
      "operating_income": -18700000,
      "net_income": -15200000,
      "opex": 50400000,
      "cogs": 5200000,
      "rd": null,
      "sga": null,
      "fcf": -31900000,
      "ocf": -30900000,
      "capex": -1000000,
      "gross_margin": 0.8359621451104101,
      "op_margin": -0.5899053627760252,
      "fcf_margin": -1.0063091482649842,
      "op_leverage_ratio": 8.106302521008402,
      "fcf_margin_change": 1.6722622803064442
    },
    {
      "date": "2021-12-30T00:00:00",
      "quarter_label": "2021-12 (Q4)",
      "revenue": 63500000,
      "gross_profit": null,
      "operating_income": 8000000,
      "net_income": 8600000,
      "opex": 55500000,
      "cogs": null,
      "rd": null,
      "sga": null,
      "fcf": null,
      "ocf": null,
      "capex": -1800000,
      "gross_margin": null,
      "op_margin": 0.12598425196850394,
      "fcf_margin": null,
      "incr_op_margin_yoy": 0.602510460251046,
      "rev_growth_yoy": 3.0445859872611467,
      "op_leverage_ratio": 9.913527556132863
    },
    {
      "date": "2022-03-31T00:00:00",
      "quarter_label": "2022-03 (Q1)",
      "revenue": 35900000,
      "gross_profit": 31200000,
      "operating_income": -22500000,
      "net_income": -25200000,
      "opex": 58400000,
      "cogs": 4700000,
      "rd": null,
      "sga": null,
      "fcf": -24300000,
      "ocf": -23600000,
      "capex": -700000,
      "gross_margin": 0.8690807799442897,
      "op_margin": -0.6267409470752089,
      "fcf_margin": -0.6768802228412256,
      "incr_op_margin_yoy": 0.1901639344262295,
      "rev_growth_yoy": 5.648148148148148,
      "rev_growth_yoy_accel": 2.603562160887001
    },
    {
      "date": "2022-06-30T00:00:00",
      "quarter_label": "2022-06 (Q2)",
      "revenue": 67100000,
      "gross_profit": 58800000,
      "operating_income": 5600000,
      "net_income": -700000,
      "opex": 61500000,
      "cogs": 8300000,
      "rd": null,
      "sga": null,
      "fcf": -17600000,
      "ocf": -16800000,
      "capex": -800000,
      "gross_margin": 0.8763040238450075,
      "op_margin": 0.08345752608047691,
      "fcf_margin": -0.26229508196721313,
      "incr_op_margin_yoy": 0.6629001883239172,
      "rev_growth_yoy": 3.7928571428571427,
      "rev_growth_yoy_accel": -1.8552910052910052,
      "op_leverage_ratio": 16.37236049959565,
      "fcf_margin_change": 0.4145851408740125
    },
    {
      "date": "2022-09-29T00:00:00",
      "quarter_label": "2022-09 (Q3)",
      "revenue": 54500000,
      "gross_profit": 48200000,
      "operating_income": -4200000,
      "net_income": -8900000,
      "opex": 58700000,
      "cogs": 6300000,
      "rd": null,
      "sga": null,
      "fcf": 3200000,
      "ocf": 3700000,
      "capex": -500000,
      "gross_margin": 0.8844036697247707,
      "op_margin": -0.07706422018348624,
      "fcf_margin": 0.05871559633027523,
      "incr_op_margin_yoy": 0.6359649122807017,
      "rev_growth_yoy": 0.7192429022082019,
      "rev_growth_yoy_accel": -3.073614240648941,
      "fcf_margin_change": 0.32101067829748836
    },
    {
      "date": "2022-12-29T00:00:00",
      "quarter_label": "2022-12 (Q4)",
      "revenue": 91700000,
      "gross_profit": null,
      "operating_income": 28100000,
      "net_income": 6100000,
      "opex": 63600000,
      "cogs": null,
      "rd": null,
      "sga": null,
      "fcf": null,
      "ocf": null,
      "capex": -900000,
      "gross_margin": null,
      "op_margin": 0.3064340239912759,
      "fcf_margin": null,
      "incr_op_margin_yoy": 0.7127659574468085,
      "rev_growth_yoy": 0.4440944881889764,
      "rev_growth_yoy_accel": -0.27514841401922546,
      "op_leverage_ratio": 8.176895712413407
    },
    {
      "date": "2023-03-30T00:00:00",
      "quarter_label": "2023-03 (Q1)",
      "revenue": 34900000,
      "gross_profit": 29200000,
      "operating_income": -30600000,
      "net_income": -45500000,
      "opex": 65500000,
      "cogs": 5700000,
      "rd": null,
      "sga": null,
      "fcf": 9400000,
      "ocf": 10400000,
      "capex": -1000000,
      "gross_margin": 0.836676217765043,
      "op_margin": -0.8767908309455588,
      "fcf_margin": 0.2693409742120344,
      "rev_growth_yoy": -0.027855153203342618,
      "rev_growth_yoy_accel": -0.47194964139231904
    },
    {
      "date": "2023-06-29T00:00:00",
      "quarter_label": "2023-06 (Q2)",
      "revenue": 14800000,
      "gross_profit": 13800000,
      "operating_income": -4900000,
      "net_income": 545300000,
      "opex": 19700000,
      "cogs": 1000000,
      "rd": null,
      "sga": null,
      "fcf": -6000000,
      "ocf": -5900000,
      "capex": -100000,
      "gross_margin": 0.9324324324324325,
      "op_margin": -0.3310810810810811,
      "fcf_margin": -0.40540540540540543,
      "incr_op_margin_yoy": 0.20076481835564053,
      "rev_growth_yoy": -0.7794336810730254,
      "rev_growth_yoy_accel": -0.7515785278696827,
      "fcf_margin_change": -0.6747463796174398
    },
    {
      "date": "2023-09-28T00:00:00",
      "quarter_label": "2023-09 (Q3)",
      "revenue": 24700000,
      "gross_profit": 16400000,
      "operating_income": -12300000,
      "net_income": 181800000,
      "opex": 37000000,
      "cogs": 8300000,
      "rd": null,
      "sga": null,
      "fcf": -27400000,
      "ocf": -26800000,
      "capex": -600000,
      "gross_margin": 0.6639676113360324,
      "op_margin": -0.4979757085020243,
      "fcf_margin": -1.1093117408906883,
      "incr_op_margin_yoy": 0.27181208053691275,
      "rev_growth_yoy": -0.5467889908256881,
      "rev_growth_yoy_accel": 0.23264469024733725,
      "op_leverage_ratio": 0.7617169192313702,
      "fcf_margin_change": -0.7039063354852828
    },
    {
      "date": "2023-12-28T00:00:00",
      "quarter_label": "2023-12 (Q4)",
      "revenue": 90800000,
      "gross_profit": 95200000,
      "operating_income": 20400000,
      "net_income": 23700000,
      "opex": 70400000,
      "cogs": -4400000,
      "rd": null,
      "sga": null,
      "fcf": 14000000,
      "ocf": 15600000,
      "capex": -1600000,
      "gross_margin": 1.0484581497797356,
      "op_margin": 0.22466960352422907,
      "fcf_margin": 0.15418502202643172,
      "rev_growth_yoy": -0.009814612868047983,
      "rev_growth_yoy_accel": 0.5369743779576401,
      "op_leverage_ratio": 2.9645567165264612,
      "fcf_margin_change": 1.26349676291712
    },
    {
      "date": "2024-03-28T00:00:00",
      "quarter_label": "2024-03 (Q1)",
      "revenue": 37400000,
      "gross_profit": 33800000,
      "operating_income": -22700000,
      "net_income": -34700000,
      "opex": 60100000,
      "cogs": 3600000,
      "rd": null,
      "sga": null,
      "fcf": 22600000,
      "ocf": 24100000,
      "capex": -1500000,
      "gross_margin": 0.9037433155080213,
      "op_margin": -0.606951871657754,
      "fcf_margin": 0.6042780748663101,
      "incr_op_margin_yoy": 3.16,
      "rev_growth_yoy": 0.07163323782234957,
      "rev_growth_yoy_accel": 0.08144785069039755,
      "fcf_margin_change": 0.45009305283987844
    },
    {
      "date": "2024-06-27T00:00:00",
      "quarter_label": "2024-06 (Q2)",
      "revenue": 54700000,
      "gross_profit": 51000000,
      "operating_income": -9300000,
      "net_income": -8700000,
      "opex": 64000000,
      "cogs": 3700000,
      "rd": null,
      "sga": null,
      "fcf": 6400000,
      "ocf": 7700000,
      "capex": -1300000,
      "gross_margin": 0.9323583180987203,
      "op_margin": -0.170018281535649,
      "fcf_margin": 0.1170018281535649,
      "incr_op_margin_yoy": -0.11027568922305764,
      "rev_growth_yoy": 2.695945945945946,
      "rev_growth_yoy_accel": 2.6243127081235964,
      "op_leverage_ratio": 7.128273687097217,
      "fcf_margin_change": -0.4872762467127452
    },
    {
      "date": "2024-09-26T00:00:00",
      "quarter_label": "2024-09 (Q3)",
      "revenue": 62400000,
      "gross_profit": 59100000,
      "operating_income": -7500000,
      "net_income": -3600000,
      "opex": 69900000,
      "cogs": 3300000,
      "rd": null,
      "sga": null,
      "fcf": -2600000,
      "ocf": -2000000,
      "capex": -600000,
      "gross_margin": 0.9471153846153846,
      "op_margin": -0.1201923076923077,
      "fcf_margin": -0.041666666666666664,
      "incr_op_margin_yoy": 0.1273209549071618,
      "rev_growth_yoy": 1.5263157894736843,
      "rev_growth_yoy_accel": -1.1696301564722618,
      "op_leverage_ratio": 1.5269730114956774,
      "fcf_margin_change": -0.15866849482023157
    },
    {
      "date": "2024-12-26T00:00:00",
      "quarter_label": "2024-12 (Q4)",
      "revenue": 86300000,
      "gross_profit": 83200000,
      "operating_income": 19900000,
      "net_income": 24700000,
      "opex": 66400000,
      "cogs": 3100000,
      "rd": null,
      "sga": null,
      "fcf": 28100000,
      "ocf": 30500000,
      "capex": -2400000,
      "gross_margin": 0.9640787949015064,
      "op_margin": 0.23059096176129779,
      "fcf_margin": 0.32560834298957125,
      "incr_op_margin_yoy": 0.1111111111111111,
      "rev_growth_yoy": -0.04955947136563876,
      "rev_growth_yoy_accel": -1.575875260839323,
      "op_leverage_ratio": Infinity,
      "fcf_margin_change": 0.36727500965623794
    },
    {
      "date": "2025-03-27T00:00:00",
      "quarter_label": "2025-03 (Q1)",
      "revenue": 34900000,
      "gross_profit": 31800000,
      "operating_income": -23900000,
      "net_income": -30700000,
      "opex": 58800000,
      "cogs": 3100000,
      "rd": null,
      "sga": null,
      "fcf": 5300000,
      "ocf": 6000000,
      "capex": -700000,
      "gross_margin": 0.9111747851002865,
      "op_margin": -0.6848137535816619,
      "fcf_margin": 0.1518624641833811,
      "incr_op_margin_yoy": 0.48,
      "rev_growth_yoy": -0.06684491978609626,
      "rev_growth_yoy_accel": -0.017285448420457497,
      "fcf_margin_change": -0.17374587880619016
    },
    {
      "date": "2025-06-26T00:00:00",
      "quarter_label": "2025-06 (Q2)",
      "revenue": 51800000,
      "gross_profit": 48600000,
      "operating_income": -12000000,
      "net_income": -10700000,
      "opex": 63800000,
      "cogs": 3200000,
      "rd": null,
      "sga": null,
      "fcf": -6600000,
      "ocf": -4900000,
      "capex": -1700000,
      "gross_margin": 0.9382239382239382,
      "op_margin": -0.23166023166023167,
      "fcf_margin": -0.1274131274131274,
      "incr_op_margin_yoy": 0.9310344827586207,
      "rev_growth_yoy": -0.05301645338208409,
      "rev_growth_yoy_accel": 0.013828466404012169,
      "op_leverage_ratio": 5.694670487106017,
      "fcf_margin_change": -0.2792755915965085
    },
    {
      "date": "2025-09-25T00:00:00",
      "quarter_label": "2025-09 (Q3)",
      "revenue": 63400000,
      "gross_profit": 60200000,
      "operating_income": -1800000,
      "net_income": 1600000,
      "opex": 65200000,
      "cogs": 3200000,
      "rd": null,
      "sga": null,
      "fcf": -2000000,
      "ocf": -1000000,
      "capex": -1000000,
      "gross_margin": 0.9495268138801262,
      "op_margin": -0.028391167192429023,
      "fcf_margin": -0.031545741324921134,
      "rev_growth_yoy": 0.016025641025641024,
      "rev_growth_yoy_accel": 0.06904209440772512,
      "op_leverage_ratio": 10.205184776613347,
      "fcf_margin_change": 0.09586738608820627
    }
  ],
  "signals": [
    {
      "quarter": "2025-09 (Q3)",
      "signal": "FCF MARGIN EXPANSION",
      "detail": "FCF margin: -12.7% -> -3.2% (+9.6%)",
      "severity": "MEDIUM"
    },
    {
      "quarter": "2025-09 (Q3)",
      "signal": "OPERATING LEVERAGE",
      "detail": "Rev growth +22.4% vs OpEx growth +2.2% (leverage: 10.2x)",
      "severity": "MEDIUM"
    },
    {
      "quarter": "2025-09 (Q3)",
      "signal": "YoY REVENUE GROWTH ACCELERATION",
      "detail": "YoY growth: +1.6% vs prior quarter YoY: -5.3% (accel: +6.9%)",
      "severity": "MEDIUM"
    },
    {
      "quarter": "2025-06 (Q2)",
      "signal": "OPERATING LEVERAGE",
      "detail": "Rev growth +48.4% vs OpEx growth +8.5% (leverage: 5.7x)",
      "severity": "MEDIUM"
    },
    {
      "quarter": "2025-06 (Q2)",
      "signal": "GROSS MARGIN INFLECTION",
      "detail": "GM: +96.4% -> +91.1% -> +93.8% (reversal +2.7%)",
      "severity": "MEDIUM"
    },
    {
      "quarter": "2024-12 (Q4)",
      "signal": "FCF TURNED POSITIVE",
      "detail": "FCF margin: -4.2% -> +32.6%",
      "severity": "HIGH"
    },
    {
      "quarter": "2024-12 (Q4)",
      "signal": "YoY REVENUE GROWTH DECELERATION",
      "detail": "YoY growth: -5.0% vs prior quarter YoY: +152.6% (decel: -157.6%)",
      "severity": "WARNING"
    },
    {
      "quarter": "2024-12 (Q4)",
      "signal": "OP MARGIN TURNED POSITIVE (QoQ)",
      "detail": "Op margin: -12.0% -> +23.1%",
      "severity": "HIGH"
    },
    {
      "quarter": "2024-09 (Q3)",
      "signal": "OPERATING LEVERAGE",
      "detail": "Rev growth +14.1% vs OpEx growth +9.2% (leverage: 1.5x)",
      "severity": "MEDIUM"
    },
    {
      "quarter": "2024-09 (Q3)",
      "signal": "YoY REVENUE GROWTH DECELERATION",
      "detail": "YoY growth: +152.6% vs prior quarter YoY: +269.6% (decel: -117.0%)",
      "severity": "WARNING"
    },
    {
      "quarter": "2024-06 (Q2)",
      "signal": "OPERATING LEVERAGE",
      "detail": "Rev growth +46.3% vs OpEx growth +6.5% (leverage: 7.1x)",
      "severity": "MEDIUM"
    },
    {
      "quarter": "2024-06 (Q2)",
      "signal": "GROSS MARGIN INFLECTION",
      "detail": "GM: +104.8% -> +90.4% -> +93.2% (reversal +2.9%)",
      "severity": "MEDIUM"
    },
    {
      "quarter": "2024-06 (Q2)",
      "signal": "YoY REVENUE GROWTH ACCELERATION",
      "detail": "YoY growth: +269.6% vs prior quarter YoY: +7.2% (accel: +262.4%)",
      "severity": "HIGH"
    },
    {
      "quarter": "2024-03 (Q1)",
      "signal": "FCF MARGIN EXPANSION",
      "detail": "FCF margin: +15.4% -> +60.4% (+45.0%)",
      "severity": "MEDIUM"
    },
    {
      "quarter": "2024-03 (Q1)",
      "signal": "YoY REVENUE GROWTH ACCELERATION",
      "detail": "YoY growth: +7.2% vs prior quarter YoY: -1.0% (accel: +8.1%)",
      "severity": "MEDIUM"
    },
    {
      "quarter": "2023-12 (Q4)",
      "signal": "FCF TURNED POSITIVE",
      "detail": "FCF margin: -110.9% -> +15.4%",
      "severity": "HIGH"
    },
    {
      "quarter": "2023-12 (Q4)",
      "signal": "OPERATING LEVERAGE",
      "detail": "Rev growth +267.6% vs OpEx growth +90.3% (leverage: 3.0x)",
      "severity": "MEDIUM"
    },
    {
      "quarter": "2023-12 (Q4)",
      "signal": "GROSS MARGIN INFLECTION",
      "detail": "GM: +93.2% -> +66.4% -> +104.8% (reversal +38.4%)",
      "severity": "HIGH"
    },
    {
      "quarter": "2023-12 (Q4)",
      "signal": "YoY REVENUE GROWTH ACCELERATION",
      "detail": "YoY growth: -1.0% vs prior quarter YoY: -54.7% (accel: +53.7%)",
      "severity": "HIGH"
    },
    {
      "quarter": "2023-12 (Q4)",
      "signal": "OP MARGIN TURNED POSITIVE (QoQ)",
      "detail": "Op margin: -49.8% -> +22.5%",
      "severity": "HIGH"
    },
    {
      "quarter": "2023-09 (Q3)",
      "signal": "YoY REVENUE GROWTH ACCELERATION",
      "detail": "YoY growth: -54.7% vs prior quarter YoY: -77.9% (accel: +23.3%)",
      "severity": "HIGH"
    },
    {
      "quarter": "2023-06 (Q2)",
      "signal": "YoY REVENUE GROWTH DECELERATION",
      "detail": "YoY growth: -77.9% vs prior quarter YoY: -2.8% (decel: -75.2%)",
      "severity": "WARNING"
    },
    {
      "quarter": "2023-03 (Q1)",
      "signal": "YoY REVENUE GROWTH DECELERATION",
      "detail": "YoY growth: -2.8% vs prior quarter YoY: +44.4% (decel: -47.2%)",
      "severity": "WARNING"
    },
    {
      "quarter": "2022-12 (Q4)",
      "signal": "OPERATING LEVERAGE",
      "detail": "Rev growth +68.3% vs OpEx growth +8.3% (leverage: 8.2x)",
      "severity": "MEDIUM"
    },
    {
      "quarter": "2022-12 (Q4)",
      "signal": "YoY REVENUE GROWTH DECELERATION",
      "detail": "YoY growth: +44.4% vs prior quarter YoY: +71.9% (decel: -27.5%)",
      "severity": "WARNING"
    },
    {
      "quarter": "2022-12 (Q4)",
      "signal": "INCREMENTAL MARGIN (YoY)",
      "detail": "YoY Incr OPM: +71.3% vs year-ago OPM: +12.6%",
      "severity": "HIGH"
    },
    {
      "quarter": "2022-12 (Q4)",
      "signal": "OP MARGIN TURNED POSITIVE (QoQ)",
      "detail": "Op margin: -7.7% -> +30.6%",
      "severity": "HIGH"
    },
    {
      "quarter": "2022-09 (Q3)",
      "signal": "FCF TURNED POSITIVE",
      "detail": "FCF margin: -26.2% -> +5.9%",
      "severity": "HIGH"
    },
    {
      "quarter": "2022-09 (Q3)",
      "signal": "YoY REVENUE GROWTH DECELERATION",
      "detail": "YoY growth: +71.9% vs prior quarter YoY: +379.3% (decel: -307.4%)",
      "severity": "WARNING"
    },
    {
      "quarter": "2022-06 (Q2)",
      "signal": "FCF MARGIN EXPANSION",
      "detail": "FCF margin: -67.7% -> -26.2% (+41.5%)",
      "severity": "MEDIUM"
    },
    {
      "quarter": "2022-06 (Q2)",
      "signal": "OPERATING LEVERAGE",
      "detail": "Rev growth +86.9% vs OpEx growth +5.3% (leverage: 16.4x)",
      "severity": "MEDIUM"
    },
    {
      "quarter": "2022-06 (Q2)",
      "signal": "YoY REVENUE GROWTH DECELERATION",
      "detail": "YoY growth: +379.3% vs prior quarter YoY: +564.8% (decel: -185.5%)",
      "severity": "WARNING"
    },
    {
      "quarter": "2022-06 (Q2)",
      "signal": "OP MARGIN TURNED POSITIVE (YoY)",
      "detail": "Op margin: -211.4% (year-ago) -> +8.3%",
      "severity": "HIGH"
    },
    {
      "quarter": "2022-06 (Q2)",
      "signal": "OP MARGIN TURNED POSITIVE (QoQ)",
      "detail": "Op margin: -62.7% -> +8.3%",
      "severity": "HIGH"
    },
    {
      "quarter": "2022-03 (Q1)",
      "signal": "YoY REVENUE GROWTH ACCELERATION",
      "detail": "YoY growth: +564.8% vs prior quarter YoY: +304.5% (accel: +260.4%)",
      "severity": "HIGH"
    },
    {
      "quarter": "2021-12 (Q4)",
      "signal": "OPERATING LEVERAGE",
      "detail": "Rev growth +100.3% vs OpEx growth +10.1% (leverage: 9.9x)",
      "severity": "MEDIUM"
    },
    {
      "quarter": "2021-12 (Q4)",
      "signal": "OP MARGIN TURNED POSITIVE (YoY)",
      "detail": "Op margin: -132.5% (year-ago) -> +12.6%",
      "severity": "HIGH"
    },
    {
      "quarter": "2021-12 (Q4)",
      "signal": "OP MARGIN TURNED POSITIVE (QoQ)",
      "detail": "Op margin: -59.0% -> +12.6%",
      "severity": "HIGH"
    },
    {
      "quarter": "2021-09 (Q3)",
      "signal": "FCF MARGIN EXPANSION",
      "detail": "FCF margin: -267.9% -> -100.6% (+167.2%)",
      "severity": "MEDIUM"
    },
    {
      "quarter": "2021-09 (Q3)",
      "signal": "OPERATING LEVERAGE",
      "detail": "Rev growth +126.4% vs OpEx growth +15.6% (leverage: 8.1x)",
      "severity": "MEDIUM"
    },
    {
      "quarter": "2021-07 (Q3)",
      "signal": "FCF MARGIN EXPANSION",
      "detail": "FCF margin: -500.0% -> -267.9% (+232.1%)",
      "severity": "MEDIUM"
    },
    {
      "quarter": "2021-07 (Q3)",
      "signal": "OPERATING LEVERAGE",
      "detail": "Rev growth +159.3% vs OpEx growth +29.4% (leverage: 5.4x)",
      "severity": "MEDIUM"
    }
  ],
  "data_quality": {
    "n_quarters": 20,
    "coverage": {
      "revenue": [
        20,
        20
      ],
      "gross_profit": [
        17,
        20
      ],
      "op_income": [
        20,
        20
      ],
      "fcf": [
        17,
        20
      ]
    },
    "gaps": [],
    "warnings": []
  },
  "market_cap": null,
  "source": "SEC EDGAR",
  "last_updated": "2026-02-02T22:39:59.147371",
  "sector": "Communication Services",
  "industry": "Advertising Agencies"
}