{
  "ticker": "NCNO",
  "name": "nCino, Inc.",
  "quarters": [
    {
      "date": "2021-04-30T00:00:00",
      "quarter_label": "2021-04 (Q2)",
      "revenue": 62355000,
      "gross_profit": 36056000,
      "operating_income": -15474000,
      "net_income": -15008000,
      "opex": 51530000,
      "cogs": 26299000,
      "rd": 17425000,
      "sga": null,
      "fcf": 7036000,
      "ocf": 7558000,
      "capex": -522000,
      "gross_margin": 0.5782375110255793,
      "op_margin": -0.24815973057493385,
      "fcf_margin": 0.11283778365808676
    },
    {
      "date": "2021-07-31T00:00:00",
      "quarter_label": "2021-07 (Q3)",
      "revenue": 66519000,
      "gross_profit": 39944000,
      "operating_income": -13168000,
      "net_income": -13683000,
      "opex": 53112000,
      "cogs": 26575000,
      "rd": 18609000,
      "sga": null,
      "fcf": 12591000,
      "ocf": 13341000,
      "capex": -750000,
      "gross_margin": 0.6004900855394699,
      "op_margin": -0.19795847802883387,
      "fcf_margin": 0.1892842646461913,
      "op_leverage_ratio": 2.1751694778916164,
      "fcf_margin_change": 0.07644648098810454
    },
    {
      "date": "2021-10-31T00:00:00",
      "quarter_label": "2021-10 (Q4)",
      "revenue": 70036000,
      "gross_profit": 42782000,
      "operating_income": -12724000,
      "net_income": -13636000,
      "opex": 55506000,
      "cogs": 27254000,
      "rd": 19956000,
      "sga": null,
      "fcf": -21444000,
      "ocf": -19076000,
      "capex": -2368000,
      "gross_margin": 0.6108572734022503,
      "op_margin": -0.1816779941744246,
      "fcf_margin": -0.3061853903706665,
      "op_leverage_ratio": 1.1729923133123328,
      "fcf_margin_change": -0.4954696550168578
    },
    {
      "date": "2022-01-31T00:00:00",
      "quarter_label": "2022-01 (Q1)",
      "revenue": 74955000,
      "gross_profit": 43670000,
      "operating_income": -29991000,
      "net_income": -7119000,
      "opex": 73661000,
      "cogs": 31285000,
      "rd": 23373000,
      "sga": null,
      "fcf": -22875000,
      "ocf": -21052000,
      "capex": -1823000,
      "gross_margin": 0.5826162364085118,
      "op_margin": -0.4001200720432259,
      "fcf_margin": -0.30518310986591957,
      "op_leverage_ratio": 0.21473318541501865,
      "fcf_margin_change": 0.001002280504746933
    },
    {
      "date": "2022-04-30T00:00:00",
      "quarter_label": "2022-04 (Q2)",
      "revenue": 94211000,
      "gross_profit": 53909000,
      "operating_income": -27231000,
      "net_income": -30688000,
      "opex": 81140000,
      "cogs": 40302000,
      "rd": 29115000,
      "sga": null,
      "fcf": -3446000,
      "ocf": 1248000,
      "capex": -4694000,
      "gross_margin": 0.5722155586927217,
      "op_margin": -0.28904268079099044,
      "fcf_margin": -0.03657746972221927,
      "incr_op_margin_yoy": -0.3690670517327976,
      "rev_growth_yoy": 0.5108812444872103,
      "op_leverage_ratio": 2.5302273506547217,
      "fcf_margin_change": 0.2686056401437003
    },
    {
      "date": "2022-07-31T00:00:00",
      "quarter_label": "2022-07 (Q3)",
      "revenue": 99627000,
      "gross_profit": 58406000,
      "operating_income": -25006000,
      "net_income": -27245000,
      "opex": 83412000,
      "cogs": 41221000,
      "rd": 29701000,
      "sga": null,
      "fcf": 4862000,
      "ocf": 9471000,
      "capex": -4609000,
      "gross_margin": 0.5862467001917151,
      "op_margin": -0.250996215885252,
      "fcf_margin": 0.04880203157778514,
      "incr_op_margin_yoy": -0.35755708590068863,
      "rev_growth_yoy": 0.49772245523835296,
      "rev_growth_yoy_accel": -0.013158789248857328,
      "op_leverage_ratio": 2.0530698173608206,
      "fcf_margin_change": 0.0853795013000044
    },
    {
      "date": "2022-10-31T00:00:00",
      "quarter_label": "2022-10 (Q4)",
      "revenue": 105296000,
      "gross_profit": 62140000,
      "operating_income": -18444000,
      "net_income": -23579000,
      "opex": 80584000,
      "cogs": 43156000,
      "rd": 29471000,
      "sga": null,
      "fcf": -8666000,
      "ocf": -4080000,
      "capex": -4586000,
      "gross_margin": 0.59014587448716,
      "op_margin": -0.17516334903510106,
      "fcf_margin": -0.0823013219875399,
      "incr_op_margin_yoy": -0.16222348269994327,
      "rev_growth_yoy": 0.5034553658118682,
      "rev_growth_yoy_accel": 0.005732910573515271,
      "op_leverage_ratio": Infinity,
      "fcf_margin_change": -0.13110335356532504
    },
    {
      "date": "2023-01-31T00:00:00",
      "quarter_label": "2023-01 (Q1)",
      "revenue": 109181000,
      "gross_profit": 64254000,
      "operating_income": -23332000,
      "net_income": -21208000,
      "opex": 87586000,
      "cogs": 44927000,
      "rd": 33289000,
      "sga": null,
      "fcf": -26469000,
      "ocf": -22020000,
      "capex": -4449000,
      "gross_margin": 0.5885089896593729,
      "op_margin": -0.21370018592978632,
      "fcf_margin": -0.24243229133274105,
      "incr_op_margin_yoy": 0.19455969146263075,
      "rev_growth_yoy": 0.4566206390500967,
      "rev_growth_yoy_accel": -0.04683472676177153,
      "op_leverage_ratio": 0.42462529754127165,
      "fcf_margin_change": -0.16013096934520116
    },
    {
      "date": "2023-04-30T00:00:00",
      "quarter_label": "2023-04 (Q2)",
      "revenue": 113672000,
      "gross_profit": 67484000,
      "operating_income": -8627000,
      "net_income": -11243000,
      "opex": 76111000,
      "cogs": 46188000,
      "rd": 28195000,
      "sga": null,
      "fcf": 29698000,
      "ocf": 31303000,
      "capex": -1605000,
      "gross_margin": 0.5936730241396299,
      "op_margin": -0.07589379970441269,
      "fcf_margin": 0.26126046871701036,
      "incr_op_margin_yoy": 0.9559632084682185,
      "rev_growth_yoy": 0.20656823513177866,
      "rev_growth_yoy_accel": -0.25005240391831807,
      "op_leverage_ratio": Infinity,
      "fcf_margin_change": 0.5036927600497514
    },
    {
      "date": "2023-07-31T00:00:00",
      "quarter_label": "2023-07 (Q3)",
      "revenue": 117236000,
      "gross_profit": 69189000,
      "operating_income": -14794000,
      "net_income": -15884000,
      "opex": 83983000,
      "cogs": 48047000,
      "rd": 29889000,
      "sga": null,
      "fcf": 11105000,
      "ocf": 11964000,
      "capex": -859000,
      "gross_margin": 0.5901685489098911,
      "op_margin": -0.12618990753693404,
      "fcf_margin": 0.0947234637824559,
      "incr_op_margin_yoy": 0.5799307172468624,
      "rev_growth_yoy": 0.17674927479498528,
      "rev_growth_yoy_accel": -0.029818960336793376,
      "op_leverage_ratio": 0.3031422967708546,
      "fcf_margin_change": -0.16653700493455448
    },
    {
      "date": "2023-10-31T00:00:00",
      "quarter_label": "2023-10 (Q4)",
      "revenue": 121942000,
      "gross_profit": 73917000,
      "operating_income": -12906000,
      "net_income": -16379000,
      "opex": 86823000,
      "cogs": 48025000,
      "rd": 29043000,
      "sga": null,
      "fcf": 5251000,
      "ocf": 5870000,
      "capex": -619000,
      "gross_margin": 0.6061652260910925,
      "op_margin": -0.1058372012924177,
      "fcf_margin": 0.04306145544603172,
      "incr_op_margin_yoy": 0.3326925387480476,
      "rev_growth_yoy": 0.1580876766448868,
      "rev_growth_yoy_accel": -0.01866159815009849,
      "op_leverage_ratio": 1.1870362309995632,
      "fcf_margin_change": -0.05166200833642418
    },
    {
      "date": "2024-01-31T00:00:00",
      "quarter_label": "2024-01 (Q1)",
      "revenue": 123693000,
      "gross_profit": 74483000,
      "operating_income": -3185000,
      "net_income": 1160000,
      "opex": 77668000,
      "cogs": 49210000,
      "rd": 30184000,
      "sga": null,
      "fcf": 7716000,
      "ocf": 8148000,
      "capex": -432000,
      "gross_margin": 0.6021601869143767,
      "op_margin": -0.025749233990605774,
      "fcf_margin": 0.06238024787174699,
      "incr_op_margin_yoy": 1.3882993384785005,
      "rev_growth_yoy": 0.13291689946052884,
      "rev_growth_yoy_accel": -0.02517077718435795,
      "op_leverage_ratio": Infinity,
      "fcf_margin_change": 0.01931879242571527
    },
    {
      "date": "2024-04-30T00:00:00",
      "quarter_label": "2024-04 (Q2)",
      "revenue": 128087000,
      "gross_profit": 76907000,
      "operating_income": -3663000,
      "net_income": -2976000,
      "opex": 80570000,
      "cogs": 51180000,
      "rd": 29981000,
      "sga": null,
      "fcf": 54100000,
      "ocf": 54442000,
      "capex": -342000,
      "gross_margin": 0.6004278342064379,
      "op_margin": -0.02859774996681943,
      "fcf_margin": 0.42236917095411713,
      "incr_op_margin_yoy": 0.3443635102323968,
      "rev_growth_yoy": 0.12681223168414385,
      "rev_growth_yoy_accel": -0.006104667776384992,
      "op_leverage_ratio": 0.9507353533619892,
      "fcf_margin_change": 0.3599889230823701
    },
    {
      "date": "2024-07-31T00:00:00",
      "quarter_label": "2024-07 (Q3)",
      "revenue": 132403000,
      "gross_profit": 78472000,
      "operating_income": -7906000,
      "net_income": -11040000,
      "opex": 86378000,
      "cogs": 53931000,
      "rd": 34271000,
      "sga": null,
      "fcf": 4555000,
      "ocf": 4999000,
      "capex": -444000,
      "gross_margin": 0.5926753925515282,
      "op_margin": -0.059711637953822796,
      "fcf_margin": 0.03440254374900871,
      "incr_op_margin_yoy": 0.45414386497000064,
      "rev_growth_yoy": 0.12937152410522365,
      "rev_growth_yoy_accel": 0.0025592924210798007,
      "op_leverage_ratio": 0.46743705600753754,
      "fcf_margin_change": -0.38796662720510844
    },
    {
      "date": "2024-10-31T00:00:00",
      "quarter_label": "2024-10 (Q4)",
      "revenue": 138797000,
      "gross_profit": 85052000,
      "operating_income": -824000,
      "net_income": -5252000,
      "opex": 85876000,
      "cogs": 53745000,
      "rd": 33039000,
      "sga": null,
      "fcf": 5097000,
      "ocf": 5777000,
      "capex": -680000,
      "gross_margin": 0.6127798151256871,
      "op_margin": -0.00593672773907217,
      "fcf_margin": 0.036722695735498606,
      "incr_op_margin_yoy": 0.7168199347374666,
      "rev_growth_yoy": 0.13822144954158536,
      "rev_growth_yoy_accel": 0.008849925436361705,
      "op_leverage_ratio": Infinity,
      "fcf_margin_change": 0.002320151986489896
    },
    {
      "date": "2025-01-31T00:00:00",
      "quarter_label": "2025-01 (Q1)",
      "revenue": 141370000,
      "gross_profit": 84357000,
      "operating_income": -5738000,
      "net_income": -18610000,
      "opex": 90095000,
      "cogs": 57013000,
      "rd": 32131000,
      "sga": null,
      "fcf": -10369000,
      "ocf": -10019000,
      "capex": -350000,
      "gross_margin": 0.5967107590012025,
      "op_margin": -0.04058852656150527,
      "fcf_margin": -0.07334653745490556,
      "incr_op_margin_yoy": -0.14442495898625332,
      "rev_growth_yoy": 0.14291026978082835,
      "rev_growth_yoy_accel": 0.004688820239242997,
      "op_leverage_ratio": 0.3773305676205323,
      "fcf_margin_change": -0.11006923319040417
    },
    {
      "date": "2025-04-30T00:00:00",
      "quarter_label": "2025-04 (Q2)",
      "revenue": 144137000,
      "gross_profit": 86442000,
      "operating_income": -1513000,
      "net_income": 5562000,
      "opex": 87955000,
      "cogs": 57695000,
      "rd": 33341000,
      "sga": null,
      "fcf": 52602000,
      "ocf": 54320000,
      "capex": -1718000,
      "gross_margin": 0.5997210986769532,
      "op_margin": -0.010496957755468755,
      "fcf_margin": 0.36494446255992563,
      "incr_op_margin_yoy": 0.13395638629283488,
      "rev_growth_yoy": 0.1253054564475708,
      "rev_growth_yoy_accel": -0.017604813333257557,
      "op_leverage_ratio": Infinity,
      "fcf_margin_change": 0.4382910000148312
    },
    {
      "date": "2025-07-31T00:00:00",
      "quarter_label": "2025-07 (Q3)",
      "revenue": 148815000,
      "gross_profit": 88125000,
      "operating_income": -9296000,
      "net_income": -15257000,
      "opex": 97421000,
      "cogs": 60690000,
      "rd": 34667000,
      "sga": null,
      "fcf": 12588000,
      "ocf": 17736000,
      "capex": -5148000,
      "gross_margin": 0.5921782078419514,
      "op_margin": -0.06246682122097907,
      "fcf_margin": 0.08458824715250479,
      "incr_op_margin_yoy": -0.08469412624908604,
      "rev_growth_yoy": 0.12395489528182896,
      "rev_growth_yoy_accel": -0.001350561165741837,
      "op_leverage_ratio": 0.30156349756928685,
      "fcf_margin_change": -0.28035621540742084
    },
    {
      "date": "2025-10-31T00:00:00",
      "quarter_label": "2025-10 (Q4)",
      "revenue": 152163000,
      "gross_profit": 93686000,
      "operating_income": 11716000,
      "net_income": 6539000,
      "opex": 81970000,
      "cogs": 58477000,
      "rd": 29541000,
      "sga": null,
      "fcf": 4897000,
      "ocf": 5071000,
      "capex": -174000,
      "gross_margin": 0.6156950112708083,
      "op_margin": 0.07699637888317133,
      "fcf_margin": 0.03218259366600291,
      "incr_op_margin_yoy": 0.9382014065539428,
      "rev_growth_yoy": 0.09629891135975562,
      "rev_growth_yoy_accel": -0.027655983922073343,
      "op_leverage_ratio": Infinity,
      "fcf_margin_change": -0.052405653486501884
    }
  ],
  "signals": [
    {
      "quarter": "2025-10 (Q4)",
      "signal": "GROSS MARGIN INFLECTION",
      "detail": "GM: +60.0% -> +59.2% -> +61.6% (reversal +2.4%)",
      "severity": "MEDIUM"
    },
    {
      "quarter": "2025-10 (Q4)",
      "signal": "OP MARGIN TURNED POSITIVE (YoY)",
      "detail": "Op margin: -0.6% (year-ago) -> +7.7%",
      "severity": "HIGH"
    },
    {
      "quarter": "2025-10 (Q4)",
      "signal": "OP MARGIN TURNED POSITIVE (QoQ)",
      "detail": "Op margin: -6.2% -> +7.7%",
      "severity": "HIGH"
    },
    {
      "quarter": "2025-04 (Q2)",
      "signal": "FCF TURNED POSITIVE",
      "detail": "FCF margin: -7.3% -> +36.5%",
      "severity": "HIGH"
    },
    {
      "quarter": "2024-10 (Q4)",
      "signal": "GROSS MARGIN INFLECTION",
      "detail": "GM: +60.0% -> +59.3% -> +61.3% (reversal +2.0%)",
      "severity": "MEDIUM"
    },
    {
      "quarter": "2024-04 (Q2)",
      "signal": "FCF MARGIN EXPANSION",
      "detail": "FCF margin: +6.2% -> +42.2% (+36.0%)",
      "severity": "MEDIUM"
    },
    {
      "quarter": "2023-04 (Q2)",
      "signal": "FCF TURNED POSITIVE",
      "detail": "FCF margin: -24.2% -> +26.1%",
      "severity": "HIGH"
    },
    {
      "quarter": "2023-04 (Q2)",
      "signal": "YoY REVENUE GROWTH DECELERATION",
      "detail": "YoY growth: +20.7% vs prior quarter YoY: +45.7% (decel: -25.0%)",
      "severity": "WARNING"
    },
    {
      "quarter": "2022-07 (Q3)",
      "signal": "FCF TURNED POSITIVE",
      "detail": "FCF margin: -3.7% -> +4.9%",
      "severity": "HIGH"
    },
    {
      "quarter": "2022-07 (Q3)",
      "signal": "OPERATING LEVERAGE",
      "detail": "Rev growth +5.7% vs OpEx growth +2.8% (leverage: 2.1x)",
      "severity": "MEDIUM"
    },
    {
      "quarter": "2022-04 (Q2)",
      "signal": "FCF MARGIN EXPANSION",
      "detail": "FCF margin: -30.5% -> -3.7% (+26.9%)",
      "severity": "MEDIUM"
    },
    {
      "quarter": "2022-04 (Q2)",
      "signal": "OPERATING LEVERAGE",
      "detail": "Rev growth +25.7% vs OpEx growth +10.2% (leverage: 2.5x)",
      "severity": "MEDIUM"
    },
    {
      "quarter": "2021-07 (Q3)",
      "signal": "FCF MARGIN EXPANSION",
      "detail": "FCF margin: +11.3% -> +18.9% (+7.6%)",
      "severity": "MEDIUM"
    },
    {
      "quarter": "2021-07 (Q3)",
      "signal": "OPERATING LEVERAGE",
      "detail": "Rev growth +6.7% vs OpEx growth +3.1% (leverage: 2.2x)",
      "severity": "MEDIUM"
    }
  ],
  "data_quality": {
    "n_quarters": 19,
    "coverage": {
      "revenue": [
        19,
        19
      ],
      "gross_profit": [
        19,
        19
      ],
      "op_income": [
        19,
        19
      ],
      "fcf": [
        19,
        19
      ]
    },
    "gaps": [],
    "warnings": []
  },
  "market_cap": null,
  "source": "SEC EDGAR",
  "last_updated": "2026-02-02T21:26:08.884734"
}