{
  "ticker": "NDAQ",
  "name": "Nasdaq, Inc.",
  "quarters": [
    {
      "date": "2020-12-31T00:00:00",
      "quarter_label": "2020-12 (Q4)",
      "revenue": 1462000000,
      "gross_profit": 788000000,
      "operating_income": 318000000,
      "net_income": 225000000,
      "opex": 470000000,
      "cogs": 674000000,
      "rd": null,
      "sga": null,
      "fcf": 375000000,
      "ocf": 435000000,
      "capex": -60000000,
      "gross_margin": 0.5389876880984952,
      "op_margin": 0.21751025991792067,
      "fcf_margin": 0.25649794801641584
    },
    {
      "date": "2021-03-31T00:00:00",
      "quarter_label": "2021-03 (Q1)",
      "revenue": 1652000000,
      "gross_profit": 851000000,
      "operating_income": 365000000,
      "net_income": 298000000,
      "opex": 486000000,
      "cogs": 801000000,
      "rd": null,
      "sga": null,
      "fcf": 352000000,
      "ocf": 394000000,
      "capex": -42000000,
      "gross_margin": 0.5151331719128329,
      "op_margin": 0.22094430992736078,
      "fcf_margin": 0.21307506053268765,
      "op_leverage_ratio": 3.8175444596443233,
      "fcf_margin_change": -0.04342288748372819
    },
    {
      "date": "2021-06-30T00:00:00",
      "quarter_label": "2021-06 (Q2)",
      "revenue": 1412000000,
      "gross_profit": 846000000,
      "operating_income": 376000000,
      "net_income": 341000000,
      "opex": 470000000,
      "cogs": 566000000,
      "rd": null,
      "sga": null,
      "fcf": 34000000,
      "ocf": 73000000,
      "capex": -39000000,
      "gross_margin": 0.5991501416430595,
      "op_margin": 0.26628895184135976,
      "fcf_margin": 0.024079320113314446,
      "fcf_margin_change": -0.1889957404193732
    },
    {
      "date": "2021-09-30T00:00:00",
      "quarter_label": "2021-09 (Q3)",
      "revenue": 1357000000,
      "gross_profit": 838000000,
      "operating_income": 356000000,
      "net_income": 288000000,
      "opex": 482000000,
      "cogs": 519000000,
      "rd": null,
      "sga": null,
      "fcf": 200000000,
      "ocf": 232000000,
      "capex": -32000000,
      "gross_margin": 0.6175386882829772,
      "op_margin": 0.262343404568902,
      "fcf_margin": 0.14738393515106854,
      "fcf_margin_change": 0.1233046150377541
    },
    {
      "date": "2021-12-31T00:00:00",
      "quarter_label": "2021-12 (Q4)",
      "revenue": 1467000000,
      "gross_profit": 886000000,
      "operating_income": 344000000,
      "net_income": 259000000,
      "opex": 542000000,
      "cogs": 581000000,
      "rd": null,
      "sga": null,
      "fcf": 334000000,
      "ocf": 384000000,
      "capex": -50000000,
      "gross_margin": 0.6039536468984322,
      "op_margin": 0.23449216087252897,
      "fcf_margin": 0.2276755282890252,
      "incr_op_margin_yoy": 5.2,
      "rev_growth_yoy": 0.003419972640218878,
      "op_leverage_ratio": 0.6511913534758044,
      "fcf_margin_change": 0.08029159313795667
    },
    {
      "date": "2022-03-31T00:00:00",
      "quarter_label": "2022-03 (Q1)",
      "revenue": 1535000000,
      "gross_profit": 892000000,
      "operating_income": 405000000,
      "net_income": 284000000,
      "opex": 487000000,
      "cogs": 643000000,
      "rd": null,
      "sga": null,
      "fcf": 570000000,
      "ocf": 605000000,
      "capex": -35000000,
      "gross_margin": 0.5811074918566775,
      "op_margin": 0.26384364820846906,
      "fcf_margin": 0.3713355048859935,
      "incr_op_margin_yoy": -0.3418803418803419,
      "rev_growth_yoy": -0.07082324455205811,
      "rev_growth_yoy_accel": -0.074243217192277,
      "op_leverage_ratio": Infinity,
      "fcf_margin_change": 0.14365997659696828
    },
    {
      "date": "2022-06-30T00:00:00",
      "quarter_label": "2022-06 (Q2)",
      "revenue": 1552000000,
      "gross_profit": 893000000,
      "operating_income": 412000000,
      "net_income": 307000000,
      "opex": 481000000,
      "cogs": 659000000,
      "rd": null,
      "sga": null,
      "fcf": 333000000,
      "ocf": 375000000,
      "capex": -42000000,
      "gross_margin": 0.5753865979381443,
      "op_margin": 0.2654639175257732,
      "fcf_margin": 0.21456185567010308,
      "incr_op_margin_yoy": 0.2571428571428571,
      "rev_growth_yoy": 0.09915014164305949,
      "rev_growth_yoy_accel": 0.1699733861951176,
      "op_leverage_ratio": Infinity,
      "fcf_margin_change": -0.1567736492158904
    },
    {
      "date": "2022-09-30T00:00:00",
      "quarter_label": "2022-09 (Q3)",
      "revenue": 1557000000,
      "gross_profit": 890000000,
      "operating_income": 398000000,
      "net_income": 294000000,
      "opex": 492000000,
      "cogs": 667000000,
      "rd": null,
      "sga": null,
      "fcf": 191000000,
      "ocf": 232000000,
      "capex": -41000000,
      "gross_margin": 0.5716120745022479,
      "op_margin": 0.2556197816313423,
      "fcf_margin": 0.12267180475272961,
      "incr_op_margin_yoy": 0.21,
      "rev_growth_yoy": 0.14738393515106854,
      "rev_growth_yoy_accel": 0.04823379350800905,
      "fcf_margin_change": -0.09189005091737347
    },
    {
      "date": "2022-12-31T00:00:00",
      "quarter_label": "2022-12 (Q4)",
      "revenue": 1582000000,
      "gross_profit": 907000000,
      "operating_income": 349000000,
      "net_income": 241000000,
      "opex": 558000000,
      "cogs": 675000000,
      "rd": null,
      "sga": null,
      "fcf": 460000000,
      "ocf": 494000000,
      "capex": -34000000,
      "gross_margin": 0.5733249051833123,
      "op_margin": 0.22060682680151708,
      "fcf_margin": 0.29077117572692796,
      "incr_op_margin_yoy": 0.043478260869565216,
      "rev_growth_yoy": 0.07839127471029311,
      "rev_growth_yoy_accel": -0.06899266044077543,
      "op_leverage_ratio": 0.11969405032988849,
      "fcf_margin_change": 0.16809937097419836
    },
    {
      "date": "2023-03-31T00:00:00",
      "quarter_label": "2023-03 (Q1)",
      "revenue": 1533000000,
      "gross_profit": 914000000,
      "operating_income": 412000000,
      "net_income": 302000000,
      "opex": 502000000,
      "cogs": 619000000,
      "rd": null,
      "sga": null,
      "fcf": 525000000,
      "ocf": 565000000,
      "capex": -40000000,
      "gross_margin": 0.5962165688193085,
      "op_margin": 0.26875407697325504,
      "fcf_margin": 0.3424657534246575,
      "incr_op_margin_yoy": -3.5,
      "rev_growth_yoy": -0.0013029315960912053,
      "rev_growth_yoy_accel": -0.07969420630638432,
      "fcf_margin_change": 0.05169457769772956
    },
    {
      "date": "2023-06-30T00:00:00",
      "quarter_label": "2023-06 (Q2)",
      "revenue": 1433000000,
      "gross_profit": 925000000,
      "operating_income": 382000000,
      "net_income": 267000000,
      "opex": 543000000,
      "cogs": 508000000,
      "rd": null,
      "sga": null,
      "fcf": 375000000,
      "ocf": 414000000,
      "capex": -39000000,
      "gross_margin": 0.6454989532449407,
      "op_margin": 0.2665736217725052,
      "fcf_margin": 0.26168876482903003,
      "incr_op_margin_yoy": 0.25210084033613445,
      "rev_growth_yoy": -0.07667525773195877,
      "rev_growth_yoy_accel": -0.07537232613586756,
      "fcf_margin_change": -0.08077698859562749
    },
    {
      "date": "2023-09-30T00:00:00",
      "quarter_label": "2023-09 (Q3)",
      "revenue": 1451000000,
      "gross_profit": 940000000,
      "operating_income": 431000000,
      "net_income": 294000000,
      "opex": 509000000,
      "cogs": 511000000,
      "rd": null,
      "sga": null,
      "fcf": 263000000,
      "ocf": 300000000,
      "capex": -37000000,
      "gross_margin": 0.647829083390765,
      "op_margin": 0.2970365265334252,
      "fcf_margin": 0.18125430737422468,
      "incr_op_margin_yoy": -0.3113207547169811,
      "rev_growth_yoy": -0.0680796403339756,
      "rev_growth_yoy_accel": 0.008595617397983174,
      "op_leverage_ratio": Infinity,
      "fcf_margin_change": -0.08043445745480535
    },
    {
      "date": "2023-12-31T00:00:00",
      "quarter_label": "2023-12 (Q4)",
      "revenue": 1647000000,
      "gross_profit": 1117000000,
      "operating_income": 353000000,
      "net_income": 197000000,
      "opex": 764000000,
      "cogs": 530000000,
      "rd": null,
      "sga": null,
      "fcf": 375000000,
      "ocf": 417000000,
      "capex": -42000000,
      "gross_margin": 0.6782027929568913,
      "op_margin": 0.2143290831815422,
      "fcf_margin": 0.22768670309653916,
      "incr_op_margin_yoy": 0.06153846153846154,
      "rev_growth_yoy": 0.04108723135271808,
      "rev_growth_yoy_accel": 0.10916687168669367,
      "op_leverage_ratio": 0.26962878880015134,
      "fcf_margin_change": 0.04643239572231447
    },
    {
      "date": "2024-03-31T00:00:00",
      "quarter_label": "2024-03 (Q1)",
      "revenue": 1674000000,
      "gross_profit": 1117000000,
      "operating_income": 410000000,
      "net_income": 234000000,
      "opex": 707000000,
      "cogs": 557000000,
      "rd": null,
      "sga": null,
      "fcf": 491000000,
      "ocf": 530000000,
      "capex": -39000000,
      "gross_margin": 0.6672640382317802,
      "op_margin": 0.24492234169653523,
      "fcf_margin": 0.29330943847072877,
      "incr_op_margin_yoy": -0.014184397163120567,
      "rev_growth_yoy": 0.09197651663405088,
      "rev_growth_yoy_accel": 0.0508892852813328,
      "op_leverage_ratio": Infinity,
      "fcf_margin_change": 0.06562273537418961
    },
    {
      "date": "2024-06-30T00:00:00",
      "quarter_label": "2024-06 (Q2)",
      "revenue": 1792000000,
      "gross_profit": 1159000000,
      "operating_income": 423000000,
      "net_income": 222000000,
      "opex": 736000000,
      "cogs": 633000000,
      "rd": null,
      "sga": null,
      "fcf": 408000000,
      "ocf": 460000000,
      "capex": -52000000,
      "gross_margin": 0.6467633928571429,
      "op_margin": 0.23604910714285715,
      "fcf_margin": 0.22767857142857142,
      "incr_op_margin_yoy": 0.11420612813370473,
      "rev_growth_yoy": 0.2505233775296581,
      "rev_growth_yoy_accel": 0.1585468608956072,
      "op_leverage_ratio": 1.7184937996951346,
      "fcf_margin_change": -0.06563086704215734
    },
    {
      "date": "2024-09-30T00:00:00",
      "quarter_label": "2024-09 (Q3)",
      "revenue": 1902000000,
      "gross_profit": 1146000000,
      "operating_income": 448000000,
      "net_income": 306000000,
      "opex": 698000000,
      "cogs": 756000000,
      "rd": null,
      "sga": null,
      "fcf": 188000000,
      "ocf": 244000000,
      "capex": -56000000,
      "gross_margin": 0.6025236593059937,
      "op_margin": 0.23554153522607782,
      "fcf_margin": 0.09884332281808622,
      "incr_op_margin_yoy": 0.037694013303769404,
      "rev_growth_yoy": 0.3108201240523777,
      "rev_growth_yoy_accel": 0.0602967465227196,
      "op_leverage_ratio": Infinity,
      "fcf_margin_change": -0.1288352486104852
    },
    {
      "date": "2024-12-31T00:00:00",
      "quarter_label": "2024-12 (Q4)",
      "revenue": 2030000000,
      "gross_profit": 1227000000,
      "operating_income": 517000000,
      "net_income": 355000000,
      "opex": 710000000,
      "cogs": 803000000,
      "rd": null,
      "sga": null,
      "fcf": 645000000,
      "ocf": 705000000,
      "capex": -60000000,
      "gross_margin": 0.6044334975369459,
      "op_margin": 0.254679802955665,
      "fcf_margin": 0.31773399014778325,
      "incr_op_margin_yoy": 0.4281984334203655,
      "rev_growth_yoy": 0.23254401942926534,
      "rev_growth_yoy_accel": -0.07827610462311235,
      "op_leverage_ratio": 3.9144759901857693,
      "fcf_margin_change": 0.21889066732969703
    },
    {
      "date": "2025-03-31T00:00:00",
      "quarter_label": "2025-03 (Q1)",
      "revenue": 2090000000,
      "gross_profit": 1237000000,
      "operating_income": 547000000,
      "net_income": 395000000,
      "opex": 690000000,
      "cogs": 853000000,
      "rd": null,
      "sga": null,
      "fcf": 614000000,
      "ocf": 663000000,
      "capex": -49000000,
      "gross_margin": 0.591866028708134,
      "op_margin": 0.2617224880382775,
      "fcf_margin": 0.2937799043062201,
      "incr_op_margin_yoy": 0.3293269230769231,
      "rev_growth_yoy": 0.24850657108721624,
      "rev_growth_yoy_accel": 0.015962551657950907,
      "op_leverage_ratio": Infinity,
      "fcf_margin_change": -0.023954085841563166
    },
    {
      "date": "2025-06-30T00:00:00",
      "quarter_label": "2025-06 (Q2)",
      "revenue": 2090000000,
      "gross_profit": 1306000000,
      "operating_income": 568000000,
      "net_income": 452000000,
      "opex": 738000000,
      "cogs": 784000000,
      "rd": null,
      "sga": null,
      "fcf": 687000000,
      "ocf": 746000000,
      "capex": -59000000,
      "gross_margin": 0.6248803827751196,
      "op_margin": 0.27177033492822966,
      "fcf_margin": 0.3287081339712919,
      "incr_op_margin_yoy": 0.4865771812080537,
      "rev_growth_yoy": 0.16629464285714285,
      "rev_growth_yoy_accel": -0.0822119282300734,
      "fcf_margin_change": 0.03492822966507181
    },
    {
      "date": "2025-09-30T00:00:00",
      "quarter_label": "2025-09 (Q3)",
      "revenue": 1958000000,
      "gross_profit": 1315000000,
      "operating_income": 586000000,
      "net_income": 423000000,
      "opex": 729000000,
      "cogs": 643000000,
      "rd": null,
      "sga": null,
      "fcf": 152000000,
      "ocf": 221000000,
      "capex": -69000000,
      "gross_margin": 0.6716036772216547,
      "op_margin": 0.2992849846782431,
      "fcf_margin": 0.07763023493360573,
      "incr_op_margin_yoy": 2.4642857142857144,
      "rev_growth_yoy": 0.029442691903259727,
      "rev_growth_yoy_accel": -0.1368519509538831,
      "fcf_margin_change": -0.2510778990376862
    }
  ],
  "signals": [
    {
      "quarter": "2025-09 (Q3)",
      "signal": "YoY REVENUE GROWTH DECELERATION",
      "detail": "YoY growth: +2.9% vs prior quarter YoY: +16.6% (decel: -13.7%)",
      "severity": "WARNING"
    },
    {
      "quarter": "2025-09 (Q3)",
      "signal": "INCREMENTAL MARGIN (YoY)",
      "detail": "YoY Incr OPM: +246.4% vs year-ago OPM: +23.6%",
      "severity": "HIGH"
    },
    {
      "quarter": "2025-06 (Q2)",
      "signal": "GROSS MARGIN INFLECTION",
      "detail": "GM: +60.4% -> +59.2% -> +62.5% (reversal +3.3%)",
      "severity": "MEDIUM"
    },
    {
      "quarter": "2025-06 (Q2)",
      "signal": "YoY REVENUE GROWTH DECELERATION",
      "detail": "YoY growth: +16.6% vs prior quarter YoY: +24.9% (decel: -8.2%)",
      "severity": "WARNING"
    },
    {
      "quarter": "2025-06 (Q2)",
      "signal": "INCREMENTAL MARGIN (YoY)",
      "detail": "YoY Incr OPM: +48.7% vs year-ago OPM: +23.6%",
      "severity": "HIGH"
    },
    {
      "quarter": "2024-12 (Q4)",
      "signal": "FCF MARGIN EXPANSION",
      "detail": "FCF margin: +9.9% -> +31.8% (+21.9%)",
      "severity": "MEDIUM"
    },
    {
      "quarter": "2024-12 (Q4)",
      "signal": "OPERATING LEVERAGE",
      "detail": "Rev growth +6.7% vs OpEx growth +1.7% (leverage: 3.9x)",
      "severity": "MEDIUM"
    },
    {
      "quarter": "2024-12 (Q4)",
      "signal": "YoY REVENUE GROWTH DECELERATION",
      "detail": "YoY growth: +23.3% vs prior quarter YoY: +31.1% (decel: -7.8%)",
      "severity": "WARNING"
    },
    {
      "quarter": "2024-12 (Q4)",
      "signal": "INCREMENTAL MARGIN (YoY)",
      "detail": "YoY Incr OPM: +42.8% vs year-ago OPM: +21.4%",
      "severity": "HIGH"
    },
    {
      "quarter": "2024-09 (Q3)",
      "signal": "YoY REVENUE GROWTH ACCELERATION",
      "detail": "YoY growth: +31.1% vs prior quarter YoY: +25.1% (accel: +6.0%)",
      "severity": "MEDIUM"
    },
    {
      "quarter": "2024-06 (Q2)",
      "signal": "OPERATING LEVERAGE",
      "detail": "Rev growth +7.0% vs OpEx growth +4.1% (leverage: 1.7x)",
      "severity": "MEDIUM"
    },
    {
      "quarter": "2024-06 (Q2)",
      "signal": "YoY REVENUE GROWTH ACCELERATION",
      "detail": "YoY growth: +25.1% vs prior quarter YoY: +9.2% (accel: +15.9%)",
      "severity": "HIGH"
    },
    {
      "quarter": "2024-03 (Q1)",
      "signal": "FCF MARGIN EXPANSION",
      "detail": "FCF margin: +22.8% -> +29.3% (+6.6%)",
      "severity": "MEDIUM"
    },
    {
      "quarter": "2024-03 (Q1)",
      "signal": "YoY REVENUE GROWTH ACCELERATION",
      "detail": "YoY growth: +9.2% vs prior quarter YoY: +4.1% (accel: +5.1%)",
      "severity": "MEDIUM"
    },
    {
      "quarter": "2023-12 (Q4)",
      "signal": "YoY REVENUE GROWTH ACCELERATION",
      "detail": "YoY growth: +4.1% vs prior quarter YoY: -6.8% (accel: +10.9%)",
      "severity": "MEDIUM"
    },
    {
      "quarter": "2023-06 (Q2)",
      "signal": "YoY REVENUE GROWTH DECELERATION",
      "detail": "YoY growth: -7.7% vs prior quarter YoY: -0.1% (decel: -7.5%)",
      "severity": "WARNING"
    },
    {
      "quarter": "2023-03 (Q1)",
      "signal": "FCF MARGIN EXPANSION",
      "detail": "FCF margin: +29.1% -> +34.2% (+5.2%)",
      "severity": "MEDIUM"
    },
    {
      "quarter": "2023-03 (Q1)",
      "signal": "YoY REVENUE GROWTH DECELERATION",
      "detail": "YoY growth: -0.1% vs prior quarter YoY: +7.8% (decel: -8.0%)",
      "severity": "WARNING"
    },
    {
      "quarter": "2022-12 (Q4)",
      "signal": "FCF MARGIN EXPANSION",
      "detail": "FCF margin: +12.3% -> +29.1% (+16.8%)",
      "severity": "MEDIUM"
    },
    {
      "quarter": "2022-12 (Q4)",
      "signal": "YoY REVENUE GROWTH DECELERATION",
      "detail": "YoY growth: +7.8% vs prior quarter YoY: +14.7% (decel: -6.9%)",
      "severity": "WARNING"
    },
    {
      "quarter": "2022-06 (Q2)",
      "signal": "YoY REVENUE GROWTH ACCELERATION",
      "detail": "YoY growth: +9.9% vs prior quarter YoY: -7.1% (accel: +17.0%)",
      "severity": "HIGH"
    },
    {
      "quarter": "2022-03 (Q1)",
      "signal": "FCF MARGIN EXPANSION",
      "detail": "FCF margin: +22.8% -> +37.1% (+14.4%)",
      "severity": "MEDIUM"
    },
    {
      "quarter": "2022-03 (Q1)",
      "signal": "YoY REVENUE GROWTH DECELERATION",
      "detail": "YoY growth: -7.1% vs prior quarter YoY: +0.3% (decel: -7.4%)",
      "severity": "WARNING"
    },
    {
      "quarter": "2021-12 (Q4)",
      "signal": "FCF MARGIN EXPANSION",
      "detail": "FCF margin: +14.7% -> +22.8% (+8.0%)",
      "severity": "MEDIUM"
    },
    {
      "quarter": "2021-12 (Q4)",
      "signal": "INCREMENTAL MARGIN (YoY)",
      "detail": "YoY Incr OPM: +520.0% vs year-ago OPM: +21.8%",
      "severity": "HIGH"
    },
    {
      "quarter": "2021-09 (Q3)",
      "signal": "FCF MARGIN EXPANSION",
      "detail": "FCF margin: +2.4% -> +14.7% (+12.3%)",
      "severity": "MEDIUM"
    },
    {
      "quarter": "2021-06 (Q2)",
      "signal": "GROSS MARGIN INFLECTION",
      "detail": "GM: +53.9% -> +51.5% -> +59.9% (reversal +8.4%)",
      "severity": "HIGH"
    },
    {
      "quarter": "2021-03 (Q1)",
      "signal": "OPERATING LEVERAGE",
      "detail": "Rev growth +13.0% vs OpEx growth +3.4% (leverage: 3.8x)",
      "severity": "MEDIUM"
    }
  ],
  "data_quality": {
    "n_quarters": 20,
    "coverage": {
      "revenue": [
        20,
        20
      ],
      "gross_profit": [
        20,
        20
      ],
      "op_income": [
        20,
        20
      ],
      "fcf": [
        20,
        20
      ]
    },
    "gaps": [],
    "warnings": []
  },
  "market_cap": null,
  "source": "SEC EDGAR",
  "last_updated": "2026-02-02T19:58:04.131433"
}