{
  "ticker": "NDSN",
  "name": "NORDSON CORPORATION",
  "quarters": [
    {
      "date": "2021-01-31T00:00:00",
      "quarter_label": "2021-01 (Q1)",
      "revenue": 526566000,
      "gross_profit": 289960000,
      "operating_income": 109025000,
      "net_income": 77582000,
      "opex": 417541000,
      "cogs": 236606000,
      "rd": null,
      "sga": 180935000,
      "fcf": 135372000,
      "ocf": 143289000,
      "capex": -7917000,
      "gross_margin": 0.550662215182902,
      "op_margin": 0.20704906887265795,
      "fcf_margin": 0.25708458198972206
    },
    {
      "date": "2021-04-30T00:00:00",
      "quarter_label": "2021-04 (Q2)",
      "revenue": 589538000,
      "gross_profit": 337699000,
      "operating_income": 166391000,
      "net_income": 124144000,
      "opex": 423147000,
      "cogs": 251839000,
      "rd": null,
      "sga": 171308000,
      "fcf": 93599000,
      "ocf": 104425000,
      "capex": -10826000,
      "gross_margin": 0.5728197334183717,
      "op_margin": 0.28223965206653345,
      "fcf_margin": 0.15876669527664036,
      "op_leverage_ratio": 8.907189802881017,
      "fcf_margin_change": -0.0983178867130817
    },
    {
      "date": "2021-07-31T00:00:00",
      "quarter_label": "2021-07 (Q3)",
      "revenue": 646858000,
      "gross_profit": 365271000,
      "operating_income": 188276000,
      "net_income": 142182000,
      "opex": 458582000,
      "cogs": 281587000,
      "rd": null,
      "sga": 176995000,
      "fcf": 118412000,
      "ocf": 127742000,
      "capex": -9330000,
      "gross_margin": 0.5646849849580589,
      "op_margin": 0.2910623351647502,
      "fcf_margin": 0.18305717792776777,
      "op_leverage_ratio": 1.1610561067742713,
      "fcf_margin_change": 0.024290482651127404
    },
    {
      "date": "2021-10-31T00:00:00",
      "quarter_label": "2021-10 (Q4)",
      "revenue": 599247000,
      "gross_profit": 331150000,
      "operating_income": 151435000,
      "net_income": 110460000,
      "opex": 447812000,
      "cogs": 268097000,
      "rd": null,
      "sga": 179715000,
      "fcf": 160241000,
      "ocf": 170471000,
      "capex": -10230000,
      "gross_margin": 0.5526101924582018,
      "op_margin": 0.25270881623103664,
      "fcf_margin": 0.26740392525953405,
      "fcf_margin_change": 0.08434674733176628
    },
    {
      "date": "2022-01-31T00:00:00",
      "quarter_label": "2022-01 (Q1)",
      "revenue": 609166000,
      "gross_profit": 340134000,
      "operating_income": 155860000,
      "net_income": 120409000,
      "opex": 453306000,
      "cogs": 269032000,
      "rd": null,
      "sga": 184274000,
      "fcf": 105596000,
      "ocf": 118087000,
      "capex": -12491000,
      "gross_margin": 0.5583601185883651,
      "op_margin": 0.255858009146932,
      "fcf_margin": 0.17334519654741073,
      "incr_op_margin_yoy": 0.5670096852300243,
      "rev_growth_yoy": 0.15686542617639573,
      "op_leverage_ratio": 1.34917751215951,
      "fcf_margin_change": -0.09405872871212331
    },
    {
      "date": "2022-04-30T00:00:00",
      "quarter_label": "2022-04 (Q2)",
      "revenue": 635403000,
      "gross_profit": 357635000,
      "operating_income": 183973000,
      "net_income": 109634000,
      "opex": 451430000,
      "cogs": 277768000,
      "rd": null,
      "sga": 173662000,
      "fcf": 84129000,
      "ocf": 96414000,
      "capex": -12285000,
      "gross_margin": 0.5628475156711568,
      "op_margin": 0.28953750611816437,
      "fcf_margin": 0.13240258544577221,
      "incr_op_margin_yoy": 0.3833424179657691,
      "rev_growth_yoy": 0.0777982080883675,
      "rev_growth_yoy_accel": -0.07906721808802823,
      "op_leverage_ratio": Infinity,
      "fcf_margin_change": -0.04094261110163852
    },
    {
      "date": "2022-07-31T00:00:00",
      "quarter_label": "2022-07 (Q3)",
      "revenue": 662128000,
      "gross_profit": 365584000,
      "operating_income": 184918000,
      "net_income": 141811000,
      "opex": 477210000,
      "cogs": 296544000,
      "rd": null,
      "sga": 180666000,
      "fcf": 110593000,
      "ocf": 125190000,
      "capex": -14597000,
      "gross_margin": 0.5521349346349951,
      "op_margin": 0.2792783268491893,
      "fcf_margin": 0.16702661720996545,
      "incr_op_margin_yoy": -0.21990831696136215,
      "rev_growth_yoy": 0.023606417482662345,
      "rev_growth_yoy_accel": -0.054191790605705156,
      "op_leverage_ratio": 0.7365054363456965,
      "fcf_margin_change": 0.034624031764193236
    },
    {
      "date": "2022-10-31T00:00:00",
      "quarter_label": "2022-10 (Q4)",
      "revenue": 683581000,
      "gross_profit": 363183000,
      "operating_income": 177609000,
      "net_income": 141249000,
      "opex": 505972000,
      "cogs": 320398000,
      "rd": null,
      "sga": 185574000,
      "fcf": 161385000,
      "ocf": 173440000,
      "capex": -12055000,
      "gross_margin": 0.5312947551204612,
      "op_margin": 0.25982144032674986,
      "fcf_margin": 0.23608760337107088,
      "incr_op_margin_yoy": 0.3103611829155501,
      "rev_growth_yoy": 0.1407332869417786,
      "rev_growth_yoy_accel": 0.11712686945911627,
      "op_leverage_ratio": 0.5375718675371791,
      "fcf_margin_change": 0.06906098616110543
    },
    {
      "date": "2023-01-31T00:00:00",
      "quarter_label": "2023-01 (Q1)",
      "revenue": 610477000,
      "gross_profit": 328867000,
      "operating_income": 144219000,
      "net_income": 104261000,
      "opex": 466258000,
      "cogs": 281610000,
      "rd": null,
      "sga": 184648000,
      "fcf": 114035000,
      "ocf": 123337000,
      "capex": -9302000,
      "gross_margin": 0.5387049798763918,
      "op_margin": 0.23623985834028144,
      "fcf_margin": 0.18679655416993596,
      "incr_op_margin_yoy": -8.87948131197559,
      "rev_growth_yoy": 0.0021521227383012186,
      "rev_growth_yoy_accel": -0.13858116420347738,
      "fcf_margin_change": -0.04929104920113492
    },
    {
      "date": "2023-04-30T00:00:00",
      "quarter_label": "2023-04 (Q2)",
      "revenue": 650165000,
      "gross_profit": 352125000,
      "operating_income": 172507000,
      "net_income": 127563000,
      "opex": 477658000,
      "cogs": 298040000,
      "rd": null,
      "sga": 179618000,
      "fcf": 158521000,
      "ocf": 164568000,
      "capex": -6047000,
      "gross_margin": 0.5415932878576977,
      "op_margin": 0.2653280321149247,
      "fcf_margin": 0.24381656964001447,
      "incr_op_margin_yoy": -0.7767240211353476,
      "rev_growth_yoy": 0.023232499689173642,
      "rev_growth_yoy_accel": 0.021080376950872424,
      "op_leverage_ratio": 2.6589572370342904,
      "fcf_margin_change": 0.05702001547007851
    },
    {
      "date": "2023-07-31T00:00:00",
      "quarter_label": "2023-07 (Q3)",
      "revenue": 648677000,
      "gross_profit": 360320000,
      "operating_income": 170996000,
      "net_income": 127891000,
      "opex": 477681000,
      "cogs": 288357000,
      "rd": null,
      "sga": 189324000,
      "fcf": 181272000,
      "ocf": 190167000,
      "capex": -8895000,
      "gross_margin": 0.5554690547067339,
      "op_margin": 0.2636073114970933,
      "fcf_margin": 0.2794487857593224,
      "incr_op_margin_yoy": 1.0350159839417143,
      "rev_growth_yoy": -0.02031480318004978,
      "rev_growth_yoy_accel": -0.043547302869223425,
      "fcf_margin_change": 0.03563221611930795
    },
    {
      "date": "2023-10-31T00:00:00",
      "quarter_label": "2023-10 (Q4)",
      "revenue": 719313000,
      "gross_profit": 384093000,
      "operating_income": 185039000,
      "net_income": 127778000,
      "opex": 534274000,
      "cogs": 335220000,
      "rd": null,
      "sga": 199054000,
      "fcf": 152871000,
      "ocf": 163210000,
      "capex": -10339000,
      "gross_margin": 0.5339719982816938,
      "op_margin": 0.257244064822963,
      "fcf_margin": 0.21252361628387087,
      "incr_op_margin_yoy": 0.20793686331579536,
      "rev_growth_yoy": 0.05227178637206125,
      "rev_growth_yoy_accel": 0.07258658955211103,
      "op_leverage_ratio": 0.9191213391248266,
      "fcf_margin_change": -0.06692516947545155
    },
    {
      "date": "2024-01-31T00:00:00",
      "quarter_label": "2024-01 (Q1)",
      "revenue": 633193000,
      "gross_profit": 348427000,
      "operating_income": 159435000,
      "net_income": 109572000,
      "opex": 473758000,
      "cogs": 284766000,
      "rd": null,
      "sga": 188992000,
      "fcf": 164826000,
      "ocf": 172356000,
      "capex": -7530000,
      "gross_margin": 0.5502698229449788,
      "op_margin": 0.25179526621425063,
      "fcf_margin": 0.26030925799874605,
      "incr_op_margin_yoy": 0.6698362387744321,
      "rev_growth_yoy": 0.03721024706909515,
      "rev_growth_yoy_accel": -0.015061539302966102,
      "fcf_margin_change": 0.04778564171487518
    },
    {
      "date": "2024-04-30T00:00:00",
      "quarter_label": "2024-04 (Q2)",
      "revenue": 650642000,
      "gross_profit": 365877000,
      "operating_income": 168616000,
      "net_income": 118217000,
      "opex": 482026000,
      "cogs": 284765000,
      "rd": null,
      "sga": 197261000,
      "fcf": 108231000,
      "ocf": 122608000,
      "capex": -14377000,
      "gross_margin": 0.5623322810393426,
      "op_margin": 0.2591532670808217,
      "fcf_margin": 0.16634493315832669,
      "rev_growth_yoy": 0.0007336599170979675,
      "rev_growth_yoy_accel": -0.036476587151997183,
      "op_leverage_ratio": 1.5790305273134424,
      "fcf_margin_change": -0.09396432484041936
    },
    {
      "date": "2024-07-31T00:00:00",
      "quarter_label": "2024-07 (Q3)",
      "revenue": 661604000,
      "gross_profit": 369001000,
      "operating_income": 167058000,
      "net_income": 117327000,
      "opex": 494546000,
      "cogs": 292603000,
      "rd": null,
      "sga": 201943000,
      "fcf": 142969000,
      "ocf": 164848000,
      "capex": -21879000,
      "gross_margin": 0.5577369544319563,
      "op_margin": 0.2525045193197139,
      "fcf_margin": 0.2160945217985381,
      "incr_op_margin_yoy": -0.30463371238493075,
      "rev_growth_yoy": 0.01992825396923276,
      "rev_growth_yoy_accel": 0.019194594052134792,
      "op_leverage_ratio": 0.6486551027364243,
      "fcf_margin_change": 0.04974958864021142
    },
    {
      "date": "2024-10-31T00:00:00",
      "quarter_label": "2024-10 (Q4)",
      "revenue": 744482000,
      "gross_profit": 402824000,
      "operating_income": 178892000,
      "net_income": 122168000,
      "opex": 565590000,
      "cogs": 341658000,
      "rd": null,
      "sga": 223932000,
      "fcf": 75757000,
      "ocf": 96381000,
      "capex": -20624000,
      "gross_margin": 0.5410795694187368,
      "op_margin": 0.24029056444615182,
      "fcf_margin": 0.10175800086503099,
      "incr_op_margin_yoy": -0.2442290118796933,
      "rev_growth_yoy": 0.034990331051989884,
      "rev_growth_yoy_accel": 0.015062077082757124,
      "op_leverage_ratio": 0.872007916894048,
      "fcf_margin_change": -0.11433652093350712
    },
    {
      "date": "2025-01-31T00:00:00",
      "quarter_label": "2025-01 (Q1)",
      "revenue": 615420000,
      "gross_profit": 335896000,
      "operating_income": 140947000,
      "net_income": 94652000,
      "opex": 474473000,
      "cogs": 279524000,
      "rd": null,
      "sga": 194949000,
      "fcf": 137723000,
      "ocf": 159122000,
      "capex": -21399000,
      "gross_margin": 0.54579961652205,
      "op_margin": 0.22902570602190375,
      "fcf_margin": 0.22378700724708328,
      "incr_op_margin_yoy": 1.0402295616947055,
      "rev_growth_yoy": -0.028068851045415854,
      "rev_growth_yoy_accel": -0.06305918209740574,
      "fcf_margin_change": 0.12202900638205229
    },
    {
      "date": "2025-04-30T00:00:00",
      "quarter_label": "2025-04 (Q2)",
      "revenue": 682938000,
      "gross_profit": 373904000,
      "operating_income": 168750000,
      "net_income": 112404000,
      "opex": 514188000,
      "cogs": 309034000,
      "rd": null,
      "sga": 205154000,
      "fcf": 103130000,
      "ocf": 119170000,
      "capex": -16040000,
      "gross_margin": 0.5474933302876689,
      "op_margin": 0.24709417253103502,
      "fcf_margin": 0.15100931563333714,
      "incr_op_margin_yoy": 0.004149120634134258,
      "rev_growth_yoy": 0.04963712763701083,
      "rev_growth_yoy_accel": 0.07770597868242668,
      "op_leverage_ratio": 1.3107048314443688,
      "fcf_margin_change": -0.07277769161374614
    },
    {
      "date": "2025-07-31T00:00:00",
      "quarter_label": "2025-07 (Q3)",
      "revenue": 741509000,
      "gross_profit": 406517000,
      "operating_income": 187767000,
      "net_income": 125784000,
      "opex": 553742000,
      "cogs": 334992000,
      "rd": null,
      "sga": 206539000,
      "fcf": 226409000,
      "ocf": 237972000,
      "capex": -11563000,
      "gross_margin": 0.548229353925576,
      "op_margin": 0.25322281995228646,
      "fcf_margin": 0.3053354713159247,
      "incr_op_margin_yoy": 0.2591702646893186,
      "rev_growth_yoy": 0.12077466278922135,
      "rev_growth_yoy_accel": 0.07113753515221052,
      "op_leverage_ratio": 1.1148922288690082,
      "fcf_margin_change": 0.15432615568258756
    },
    {
      "date": "2025-10-31T00:00:00",
      "quarter_label": "2025-10 (Q4)",
      "revenue": 751820000,
      "gross_profit": 423467000,
      "operating_income": 214261000,
      "net_income": 151634000,
      "opex": 537559000,
      "cogs": 328353000,
      "rd": null,
      "sga": 208872000,
      "fcf": 193853000,
      "ocf": 202911000,
      "capex": -9058000,
      "gross_margin": 0.5632558325131015,
      "op_margin": 0.28498975818680006,
      "fcf_margin": 0.2578449628900535,
      "incr_op_margin_yoy": 4.81997819569365,
      "rev_growth_yoy": 0.0098565176861227,
      "rev_growth_yoy_accel": -0.11091814510309865,
      "op_leverage_ratio": Infinity,
      "fcf_margin_change": -0.047490508425871214
    }
  ],
  "signals": [
    {
      "quarter": "2025-10 (Q4)",
      "signal": "YoY REVENUE GROWTH DECELERATION",
      "detail": "YoY growth: +1.0% vs prior quarter YoY: +12.1% (decel: -11.1%)",
      "severity": "WARNING"
    },
    {
      "quarter": "2025-10 (Q4)",
      "signal": "INCREMENTAL MARGIN (YoY)",
      "detail": "YoY Incr OPM: +482.0% vs year-ago OPM: +24.0%",
      "severity": "HIGH"
    },
    {
      "quarter": "2025-07 (Q3)",
      "signal": "FCF MARGIN EXPANSION",
      "detail": "FCF margin: +15.1% -> +30.5% (+15.4%)",
      "severity": "MEDIUM"
    },
    {
      "quarter": "2025-07 (Q3)",
      "signal": "YoY REVENUE GROWTH ACCELERATION",
      "detail": "YoY growth: +12.1% vs prior quarter YoY: +5.0% (accel: +7.1%)",
      "severity": "MEDIUM"
    },
    {
      "quarter": "2025-04 (Q2)",
      "signal": "YoY REVENUE GROWTH ACCELERATION",
      "detail": "YoY growth: +5.0% vs prior quarter YoY: -2.8% (accel: +7.8%)",
      "severity": "MEDIUM"
    },
    {
      "quarter": "2025-01 (Q1)",
      "signal": "FCF MARGIN EXPANSION",
      "detail": "FCF margin: +10.2% -> +22.4% (+12.2%)",
      "severity": "MEDIUM"
    },
    {
      "quarter": "2025-01 (Q1)",
      "signal": "YoY REVENUE GROWTH DECELERATION",
      "detail": "YoY growth: -2.8% vs prior quarter YoY: +3.5% (decel: -6.3%)",
      "severity": "WARNING"
    },
    {
      "quarter": "2025-01 (Q1)",
      "signal": "INCREMENTAL MARGIN (YoY)",
      "detail": "YoY Incr OPM: +104.0% vs year-ago OPM: +25.2%",
      "severity": "HIGH"
    },
    {
      "quarter": "2024-04 (Q2)",
      "signal": "OPERATING LEVERAGE",
      "detail": "Rev growth +2.8% vs OpEx growth +1.7% (leverage: 1.6x)",
      "severity": "MEDIUM"
    },
    {
      "quarter": "2024-01 (Q1)",
      "signal": "INCREMENTAL MARGIN (YoY)",
      "detail": "YoY Incr OPM: +67.0% vs year-ago OPM: +23.6%",
      "severity": "HIGH"
    },
    {
      "quarter": "2023-10 (Q4)",
      "signal": "YoY REVENUE GROWTH ACCELERATION",
      "detail": "YoY growth: +5.2% vs prior quarter YoY: -2.0% (accel: +7.3%)",
      "severity": "MEDIUM"
    },
    {
      "quarter": "2023-07 (Q3)",
      "signal": "INCREMENTAL MARGIN (YoY)",
      "detail": "YoY Incr OPM: +103.5% vs year-ago OPM: +27.9%",
      "severity": "HIGH"
    },
    {
      "quarter": "2023-04 (Q2)",
      "signal": "FCF MARGIN EXPANSION",
      "detail": "FCF margin: +18.7% -> +24.4% (+5.7%)",
      "severity": "MEDIUM"
    },
    {
      "quarter": "2023-04 (Q2)",
      "signal": "OPERATING LEVERAGE",
      "detail": "Rev growth +6.5% vs OpEx growth +2.4% (leverage: 2.7x)",
      "severity": "MEDIUM"
    },
    {
      "quarter": "2023-01 (Q1)",
      "signal": "YoY REVENUE GROWTH DECELERATION",
      "detail": "YoY growth: +0.2% vs prior quarter YoY: +14.1% (decel: -13.9%)",
      "severity": "WARNING"
    },
    {
      "quarter": "2022-10 (Q4)",
      "signal": "FCF MARGIN EXPANSION",
      "detail": "FCF margin: +16.7% -> +23.6% (+6.9%)",
      "severity": "MEDIUM"
    },
    {
      "quarter": "2022-10 (Q4)",
      "signal": "YoY REVENUE GROWTH ACCELERATION",
      "detail": "YoY growth: +14.1% vs prior quarter YoY: +2.4% (accel: +11.7%)",
      "severity": "MEDIUM"
    },
    {
      "quarter": "2022-07 (Q3)",
      "signal": "YoY REVENUE GROWTH DECELERATION",
      "detail": "YoY growth: +2.4% vs prior quarter YoY: +7.8% (decel: -5.4%)",
      "severity": "WARNING"
    },
    {
      "quarter": "2022-04 (Q2)",
      "signal": "YoY REVENUE GROWTH DECELERATION",
      "detail": "YoY growth: +7.8% vs prior quarter YoY: +15.7% (decel: -7.9%)",
      "severity": "WARNING"
    },
    {
      "quarter": "2022-04 (Q2)",
      "signal": "INCREMENTAL MARGIN (YoY)",
      "detail": "YoY Incr OPM: +38.3% vs year-ago OPM: +28.2%",
      "severity": "MEDIUM"
    },
    {
      "quarter": "2022-01 (Q1)",
      "signal": "INCREMENTAL MARGIN (YoY)",
      "detail": "YoY Incr OPM: +56.7% vs year-ago OPM: +20.7%",
      "severity": "HIGH"
    },
    {
      "quarter": "2021-10 (Q4)",
      "signal": "FCF MARGIN EXPANSION",
      "detail": "FCF margin: +18.3% -> +26.7% (+8.4%)",
      "severity": "MEDIUM"
    },
    {
      "quarter": "2021-04 (Q2)",
      "signal": "OPERATING LEVERAGE",
      "detail": "Rev growth +12.0% vs OpEx growth +1.3% (leverage: 8.9x)",
      "severity": "MEDIUM"
    }
  ],
  "data_quality": {
    "n_quarters": 20,
    "coverage": {
      "revenue": [
        20,
        20
      ],
      "gross_profit": [
        20,
        20
      ],
      "op_income": [
        20,
        20
      ],
      "fcf": [
        20,
        20
      ]
    },
    "gaps": [],
    "warnings": []
  },
  "market_cap": null,
  "source": "SEC EDGAR",
  "last_updated": "2026-02-02T20:25:42.679452"
}