{
  "ticker": "NEOVW",
  "name": "NeoVolta, Inc",
  "quarters": [
    {
      "date": "2021-09-30T00:00:00",
      "quarter_label": "2021-09 (Q3)",
      "revenue": 1599604,
      "gross_profit": 238610,
      "operating_income": -122201,
      "net_income": -122762,
      "opex": 360811,
      "cogs": 1360994,
      "rd": 4253,
      "sga": null,
      "fcf": -187520,
      "ocf": -187520,
      "capex": null,
      "gross_margin": 0.14916816912185765,
      "op_margin": -0.07639453264683009,
      "fcf_margin": -0.1172290141810098
    },
    {
      "date": "2021-12-31T00:00:00",
      "quarter_label": "2021-12 (Q4)",
      "revenue": 1035127,
      "gross_profit": 173421,
      "operating_income": -4026324,
      "net_income": -4029854,
      "opex": 4199745,
      "cogs": 861706,
      "rd": 62250,
      "sga": null,
      "fcf": -288403,
      "ocf": -288403,
      "capex": null,
      "gross_margin": 0.16753596418603708,
      "op_margin": -3.889690830207308,
      "fcf_margin": -0.2786160538755148,
      "fcf_margin_change": -0.16138703969450502
    },
    {
      "date": "2022-03-31T00:00:00",
      "quarter_label": "2022-03 (Q1)",
      "revenue": 932903,
      "gross_profit": 122340,
      "operating_income": -497874,
      "net_income": -519703,
      "opex": 620214,
      "cogs": 810563,
      "rd": 0,
      "sga": null,
      "fcf": -231769,
      "ocf": -231769,
      "capex": null,
      "gross_margin": 0.13113903589119125,
      "op_margin": -0.533682494321489,
      "fcf_margin": -0.24843847645467965,
      "fcf_margin_change": 0.030177577420835155
    },
    {
      "date": "2022-06-30T00:00:00",
      "quarter_label": "2022-06 (Q2)",
      "revenue": 905880,
      "gross_profit": 132762,
      "operating_income": -1108891,
      "net_income": -1127070,
      "opex": 1241653,
      "cogs": 773118,
      "rd": 2000,
      "sga": null,
      "fcf": -455604,
      "ocf": -455604,
      "capex": null,
      "gross_margin": 0.14655583520996157,
      "op_margin": -1.224103634035413,
      "fcf_margin": -0.5029407868591866,
      "fcf_margin_change": -0.254502310404507
    },
    {
      "date": "2022-09-30T00:00:00",
      "quarter_label": "2022-09 (Q3)",
      "revenue": 1537836,
      "gross_profit": 245876,
      "operating_income": -694452,
      "net_income": -698586,
      "opex": 940328,
      "cogs": 1291960,
      "rd": 20900,
      "sga": null,
      "fcf": -118139,
      "ocf": -118139,
      "capex": null,
      "gross_margin": 0.1598844090006997,
      "op_margin": -0.45157741137546525,
      "fcf_margin": -0.07682158565672803,
      "rev_growth_yoy": -0.03861455710288297,
      "op_leverage_ratio": Infinity,
      "fcf_margin_change": 0.4261192012024586
    },
    {
      "date": "2022-12-31T00:00:00",
      "quarter_label": "2022-12 (Q4)",
      "revenue": 567105,
      "gross_profit": 93946,
      "operating_income": -987529,
      "net_income": -987529,
      "opex": 1081475,
      "cogs": 473159,
      "rd": 7746,
      "sga": null,
      "fcf": -569954,
      "ocf": -569954,
      "capex": null,
      "gross_margin": 0.1656589167790797,
      "op_margin": -1.7413512488868905,
      "fcf_margin": -1.0050237610319077,
      "rev_growth_yoy": -0.4521396891395935,
      "rev_growth_yoy_accel": -0.41352513203671054,
      "fcf_margin_change": -0.9282021753751797
    },
    {
      "date": "2023-03-31T00:00:00",
      "quarter_label": "2023-03 (Q1)",
      "revenue": 629010,
      "gross_profit": 91749,
      "operating_income": -632812,
      "net_income": -632812,
      "opex": 724561,
      "cogs": 537261,
      "rd": 1290,
      "sga": null,
      "fcf": 37493,
      "ocf": 37493,
      "capex": null,
      "gross_margin": 0.14586254590547051,
      "op_margin": -1.006044419007647,
      "fcf_margin": 0.05960636555857617,
      "rev_growth_yoy": -0.32574983679975306,
      "rev_growth_yoy_accel": 0.12638985233984046,
      "op_leverage_ratio": Infinity,
      "fcf_margin_change": 1.0646301265904838
    },
    {
      "date": "2023-06-30T00:00:00",
      "quarter_label": "2023-06 (Q2)",
      "revenue": 721862,
      "gross_profit": 256424,
      "operating_income": -320906,
      "net_income": -320906,
      "opex": 577330,
      "cogs": 465438,
      "rd": 0,
      "sga": null,
      "fcf": -1457401,
      "ocf": -1457401,
      "capex": null,
      "gross_margin": 0.35522579107918134,
      "op_margin": -0.4445531140301055,
      "fcf_margin": -2.01894683471356,
      "rev_growth_yoy": -0.20313728087605423,
      "rev_growth_yoy_accel": 0.12261255592369882,
      "op_leverage_ratio": Infinity,
      "fcf_margin_change": -2.0785532002721365
    },
    {
      "date": "2023-09-30T00:00:00",
      "quarter_label": "2023-09 (Q3)",
      "revenue": 764130,
      "gross_profit": 121172,
      "operating_income": -433988,
      "net_income": -428715,
      "opex": 555160,
      "cogs": 642958,
      "rd": 0,
      "sga": null,
      "fcf": -179089,
      "ocf": -179089,
      "capex": null,
      "gross_margin": 0.1585751115647861,
      "op_margin": -0.5679504796304293,
      "fcf_margin": -0.23436980618481149,
      "rev_growth_yoy": -0.5031134659352493,
      "rev_growth_yoy_accel": -0.2999761850591951,
      "op_leverage_ratio": Infinity,
      "fcf_margin_change": 1.7845770285287488
    },
    {
      "date": "2023-12-31T00:00:00",
      "quarter_label": "2023-12 (Q4)",
      "revenue": 1017828,
      "gross_profit": 205873,
      "operating_income": -568825,
      "net_income": -556044,
      "opex": 774698,
      "cogs": 811955,
      "rd": 0,
      "sga": null,
      "fcf": -324408,
      "ocf": -324408,
      "capex": null,
      "gross_margin": 0.20226698420558287,
      "op_margin": -0.5588616151255419,
      "fcf_margin": -0.31872575720062724,
      "rev_growth_yoy": 0.7947787446769117,
      "rev_growth_yoy_accel": 1.297892210612161,
      "op_leverage_ratio": 0.83957259989179,
      "fcf_margin_change": -0.08435595101581575
    },
    {
      "date": "2024-03-31T00:00:00",
      "quarter_label": "2024-03 (Q1)",
      "revenue": 283900,
      "gross_profit": 166145,
      "operating_income": -600365,
      "net_income": -589473,
      "opex": 766510,
      "cogs": 117755,
      "rd": 10392,
      "sga": null,
      "fcf": -485330,
      "ocf": -485330,
      "capex": null,
      "gross_margin": 0.585223670306446,
      "op_margin": -2.114705882352941,
      "fcf_margin": -1.7095103909827405,
      "rev_growth_yoy": -0.5486558242317292,
      "rev_growth_yoy_accel": -1.3434345689086409,
      "fcf_margin_change": -1.3907846337821133
    },
    {
      "date": "2024-06-30T00:00:00",
      "quarter_label": "2024-06 (Q2)",
      "revenue": 579214,
      "gross_profit": 17157,
      "operating_income": -733776,
      "net_income": -729078,
      "opex": 750933,
      "cogs": 562057,
      "rd": 8762,
      "sga": null,
      "fcf": -27535,
      "ocf": -27535,
      "capex": null,
      "gross_margin": 0.029621176283722423,
      "op_margin": -1.2668478317167748,
      "fcf_margin": -0.04753856087732686,
      "rev_growth_yoy": -0.19761117775973802,
      "rev_growth_yoy_accel": 0.3510446464719912,
      "op_leverage_ratio": Infinity,
      "fcf_margin_change": 1.6619718301054136
    },
    {
      "date": "2024-09-30T00:00:00",
      "quarter_label": "2024-09 (Q3)",
      "revenue": 590236,
      "gross_profit": 92847,
      "operating_income": -965889,
      "net_income": -964494,
      "opex": 1058736,
      "cogs": 497389,
      "rd": 8617,
      "sga": null,
      "fcf": -593031,
      "ocf": -593031,
      "capex": null,
      "gross_margin": 0.15730487466030538,
      "op_margin": -1.6364454218312674,
      "fcf_margin": -1.004735393978002,
      "rev_growth_yoy": -0.22757122479159306,
      "rev_growth_yoy_accel": -0.029960047031855036,
      "op_leverage_ratio": 0.04642476326150648,
      "fcf_margin_change": -0.957196833100675
    },
    {
      "date": "2024-12-31T00:00:00",
      "quarter_label": "2024-12 (Q4)",
      "revenue": 1071581,
      "gross_profit": 323911,
      "operating_income": -946930,
      "net_income": -971137,
      "opex": 1270841,
      "cogs": 747670,
      "rd": 42324,
      "sga": null,
      "fcf": -858299,
      "ocf": -858299,
      "capex": null,
      "gross_margin": 0.3022739298289163,
      "op_margin": -0.8836756157490661,
      "fcf_margin": -0.8009651160294928,
      "rev_growth_yoy": 0.05281147698825342,
      "rev_growth_yoy_accel": 0.2803827017798465,
      "op_leverage_ratio": 4.070685445721393,
      "fcf_margin_change": 0.2037702779485091
    },
    {
      "date": "2025-03-31T00:00:00",
      "quarter_label": "2025-03 (Q1)",
      "revenue": 2014105,
      "gross_profit": 514508,
      "operating_income": -1370970,
      "net_income": -1449331,
      "opex": 1885478,
      "cogs": 1499597,
      "rd": 27947,
      "sga": null,
      "fcf": -2050185,
      "ocf": -2050185,
      "capex": null,
      "gross_margin": 0.2554524217952887,
      "op_margin": -0.6806844727558891,
      "fcf_margin": -1.0179136638854478,
      "incr_op_margin_yoy": -0.445383639510925,
      "rev_growth_yoy": 6.094417048256428,
      "rev_growth_yoy_accel": 6.041605571268175,
      "op_leverage_ratio": 1.818611488563725,
      "fcf_margin_change": -0.21694854785595497
    },
    {
      "date": "2025-06-30T00:00:00",
      "quarter_label": "2025-06 (Q2)",
      "revenue": 4750913,
      "gross_profit": 575439,
      "operating_income": -1432401,
      "net_income": -1649634,
      "opex": 2007840,
      "cogs": 4175474,
      "rd": 78417,
      "sga": null,
      "fcf": -924237,
      "ocf": -924237,
      "capex": null,
      "gross_margin": 0.12112177175208218,
      "op_margin": -0.3015001537599194,
      "fcf_margin": -0.19453881811769655,
      "incr_op_margin_yoy": -0.16746773916334806,
      "rev_growth_yoy": 7.202344901884278,
      "rev_growth_yoy_accel": 1.1079278536278494,
      "op_leverage_ratio": 20.938093052604728,
      "fcf_margin_change": 0.8233748457677512
    },
    {
      "date": "2025-09-30T00:00:00",
      "quarter_label": "2025-09 (Q3)",
      "revenue": 6650258,
      "gross_profit": 1577252,
      "operating_income": -854328,
      "net_income": -1243322,
      "opex": 2431580,
      "cogs": 5073006,
      "rd": 56912,
      "sga": null,
      "fcf": -2494069,
      "ocf": -2494069,
      "capex": null,
      "gross_margin": 0.23717155033684406,
      "op_margin": -0.12846539186900718,
      "fcf_margin": -0.37503341975604554,
      "incr_op_margin_yoy": 0.018409339108009837,
      "rev_growth_yoy": 10.267116882060735,
      "rev_growth_yoy_accel": 3.0647719801764577,
      "op_leverage_ratio": 1.8943334146212127,
      "fcf_margin_change": -0.180494601638349
    }
  ],
  "signals": [
    {
      "quarter": "2025-09 (Q3)",
      "signal": "OPERATING LEVERAGE",
      "detail": "Rev growth +40.0% vs OpEx growth +21.1% (leverage: 1.9x)",
      "severity": "MEDIUM"
    },
    {
      "quarter": "2025-09 (Q3)",
      "signal": "GROSS MARGIN INFLECTION",
      "detail": "GM: +25.5% -> +12.1% -> +23.7% (reversal +11.6%)",
      "severity": "HIGH"
    },
    {
      "quarter": "2025-09 (Q3)",
      "signal": "YoY REVENUE GROWTH ACCELERATION",
      "detail": "YoY growth: +1026.7% vs prior quarter YoY: +720.2% (accel: +306.5%)",
      "severity": "HIGH"
    },
    {
      "quarter": "2025-06 (Q2)",
      "signal": "FCF MARGIN EXPANSION",
      "detail": "FCF margin: -101.8% -> -19.5% (+82.3%)",
      "severity": "MEDIUM"
    },
    {
      "quarter": "2025-06 (Q2)",
      "signal": "OPERATING LEVERAGE",
      "detail": "Rev growth +135.9% vs OpEx growth +6.5% (leverage: 20.9x)",
      "severity": "MEDIUM"
    },
    {
      "quarter": "2025-06 (Q2)",
      "signal": "YoY REVENUE GROWTH ACCELERATION",
      "detail": "YoY growth: +720.2% vs prior quarter YoY: +609.4% (accel: +110.8%)",
      "severity": "HIGH"
    },
    {
      "quarter": "2025-03 (Q1)",
      "signal": "OPERATING LEVERAGE",
      "detail": "Rev growth +88.0% vs OpEx growth +48.4% (leverage: 1.8x)",
      "severity": "MEDIUM"
    },
    {
      "quarter": "2025-03 (Q1)",
      "signal": "YoY REVENUE GROWTH ACCELERATION",
      "detail": "YoY growth: +609.4% vs prior quarter YoY: +5.3% (accel: +604.2%)",
      "severity": "HIGH"
    },
    {
      "quarter": "2024-12 (Q4)",
      "signal": "FCF MARGIN EXPANSION",
      "detail": "FCF margin: -100.5% -> -80.1% (+20.4%)",
      "severity": "MEDIUM"
    },
    {
      "quarter": "2024-12 (Q4)",
      "signal": "OPERATING LEVERAGE",
      "detail": "Rev growth +81.6% vs OpEx growth +20.0% (leverage: 4.1x)",
      "severity": "MEDIUM"
    },
    {
      "quarter": "2024-12 (Q4)",
      "signal": "YoY REVENUE GROWTH ACCELERATION",
      "detail": "YoY growth: +5.3% vs prior quarter YoY: -22.8% (accel: +28.0%)",
      "severity": "HIGH"
    },
    {
      "quarter": "2024-09 (Q3)",
      "signal": "GROSS MARGIN INFLECTION",
      "detail": "GM: +58.5% -> +3.0% -> +15.7% (reversal +12.8%)",
      "severity": "HIGH"
    },
    {
      "quarter": "2024-06 (Q2)",
      "signal": "FCF MARGIN EXPANSION",
      "detail": "FCF margin: -171.0% -> -4.8% (+166.2%)",
      "severity": "MEDIUM"
    },
    {
      "quarter": "2024-06 (Q2)",
      "signal": "YoY REVENUE GROWTH ACCELERATION",
      "detail": "YoY growth: -19.8% vs prior quarter YoY: -54.9% (accel: +35.1%)",
      "severity": "HIGH"
    },
    {
      "quarter": "2024-03 (Q1)",
      "signal": "YoY REVENUE GROWTH DECELERATION",
      "detail": "YoY growth: -54.9% vs prior quarter YoY: +79.5% (decel: -134.3%)",
      "severity": "WARNING"
    },
    {
      "quarter": "2023-12 (Q4)",
      "signal": "GROSS MARGIN INFLECTION",
      "detail": "GM: +35.5% -> +15.9% -> +20.2% (reversal +4.4%)",
      "severity": "MEDIUM"
    },
    {
      "quarter": "2023-12 (Q4)",
      "signal": "YoY REVENUE GROWTH ACCELERATION",
      "detail": "YoY growth: +79.5% vs prior quarter YoY: -50.3% (accel: +129.8%)",
      "severity": "HIGH"
    },
    {
      "quarter": "2023-09 (Q3)",
      "signal": "FCF MARGIN EXPANSION",
      "detail": "FCF margin: -201.9% -> -23.4% (+178.5%)",
      "severity": "MEDIUM"
    },
    {
      "quarter": "2023-09 (Q3)",
      "signal": "YoY REVENUE GROWTH DECELERATION",
      "detail": "YoY growth: -50.3% vs prior quarter YoY: -20.3% (decel: -30.0%)",
      "severity": "WARNING"
    },
    {
      "quarter": "2023-06 (Q2)",
      "signal": "GROSS MARGIN INFLECTION",
      "detail": "GM: +16.6% -> +14.6% -> +35.5% (reversal +20.9%)",
      "severity": "HIGH"
    },
    {
      "quarter": "2023-06 (Q2)",
      "signal": "YoY REVENUE GROWTH ACCELERATION",
      "detail": "YoY growth: -20.3% vs prior quarter YoY: -32.6% (accel: +12.3%)",
      "severity": "MEDIUM"
    },
    {
      "quarter": "2023-03 (Q1)",
      "signal": "FCF TURNED POSITIVE",
      "detail": "FCF margin: -100.5% -> +6.0%",
      "severity": "HIGH"
    },
    {
      "quarter": "2023-03 (Q1)",
      "signal": "YoY REVENUE GROWTH ACCELERATION",
      "detail": "YoY growth: -32.6% vs prior quarter YoY: -45.2% (accel: +12.6%)",
      "severity": "MEDIUM"
    },
    {
      "quarter": "2022-12 (Q4)",
      "signal": "YoY REVENUE GROWTH DECELERATION",
      "detail": "YoY growth: -45.2% vs prior quarter YoY: -3.9% (decel: -41.4%)",
      "severity": "WARNING"
    },
    {
      "quarter": "2022-09 (Q3)",
      "signal": "FCF MARGIN EXPANSION",
      "detail": "FCF margin: -50.3% -> -7.7% (+42.6%)",
      "severity": "MEDIUM"
    }
  ],
  "data_quality": {
    "n_quarters": 17,
    "coverage": {
      "revenue": [
        17,
        17
      ],
      "gross_profit": [
        17,
        17
      ],
      "op_income": [
        17,
        17
      ],
      "fcf": [
        17,
        17
      ]
    },
    "gaps": [],
    "warnings": []
  },
  "market_cap": null,
  "source": "SEC EDGAR",
  "last_updated": "2026-02-03T01:10:40.406265"
}