{
  "ticker": "NET",
  "name": "Cloudflare, Inc.",
  "quarters": [
    {
      "date": "2020-12-31T00:00:00",
      "quarter_label": "2020-12 (Q4)",
      "revenue": 125926000,
      "gross_profit": 96861000,
      "operating_income": -24741000,
      "net_income": -34021000,
      "opex": 121602000,
      "cogs": 29065000,
      "rd": 34757000,
      "sga": null,
      "fcf": -19226000,
      "ocf": -8813000,
      "capex": -10413000,
      "gross_margin": 0.7691898416530343,
      "op_margin": -0.19647253148674618,
      "fcf_margin": -0.15267696901354763
    },
    {
      "date": "2021-03-31T00:00:00",
      "quarter_label": "2021-03 (Q1)",
      "revenue": 138055000,
      "gross_profit": 105971000,
      "operating_income": -31254000,
      "net_income": -39963000,
      "opex": 137225000,
      "cogs": 32084000,
      "rd": 39527000,
      "sga": null,
      "fcf": 1226000,
      "ocf": 23494000,
      "capex": -22268000,
      "gross_margin": 0.7675998696171815,
      "op_margin": -0.226388033754663,
      "fcf_margin": 0.008880518633877803,
      "op_leverage_ratio": 0.7496971723620558,
      "fcf_margin_change": 0.16155748764742545
    },
    {
      "date": "2021-06-30T00:00:00",
      "quarter_label": "2021-06 (Q2)",
      "revenue": 152428000,
      "gross_profit": 117399000,
      "operating_income": -28872000,
      "net_income": -35510000,
      "opex": 146271000,
      "cogs": 35029000,
      "rd": 41349000,
      "sga": null,
      "fcf": -6117000,
      "ocf": 7455000,
      "capex": -13572000,
      "gross_margin": 0.7701931403679114,
      "op_margin": -0.18941401842181227,
      "fcf_margin": -0.04013042223213583,
      "op_leverage_ratio": 1.579326568114473,
      "fcf_margin_change": -0.04901094086601363
    },
    {
      "date": "2021-09-30T00:00:00",
      "quarter_label": "2021-09 (Q3)",
      "revenue": 172347000,
      "gross_profit": 134822000,
      "operating_income": -26494000,
      "net_income": -107335000,
      "opex": 161316000,
      "cogs": 37525000,
      "rd": 46770000,
      "sga": null,
      "fcf": -35730000,
      "ocf": -6918000,
      "capex": -28812000,
      "gross_margin": 0.7822706516504494,
      "op_margin": -0.1537247529693003,
      "fcf_margin": -0.2073143135650751,
      "op_leverage_ratio": 1.2704828844089402,
      "fcf_margin_change": -0.16718389133293926
    },
    {
      "date": "2021-12-31T00:00:00",
      "quarter_label": "2021-12 (Q4)",
      "revenue": 193596000,
      "gross_profit": 151100000,
      "operating_income": -41064000,
      "net_income": -77501000,
      "opex": 192164000,
      "cogs": 42496000,
      "rd": 61762000,
      "sga": null,
      "fcf": 12283000,
      "ocf": 40617000,
      "capex": -28334000,
      "gross_margin": 0.7804913324655468,
      "op_margin": -0.21211182049215893,
      "fcf_margin": 0.06344655881319862,
      "incr_op_margin_yoy": -0.24121471848677406,
      "rev_growth_yoy": 0.5373790956593555,
      "op_leverage_ratio": 0.644740869838079,
      "fcf_margin_change": 0.27076087237827373
    },
    {
      "date": "2022-03-31T00:00:00",
      "quarter_label": "2022-03 (Q1)",
      "revenue": 212167000,
      "gross_profit": 165116000,
      "operating_income": -40024000,
      "net_income": -41381000,
      "opex": 205140000,
      "cogs": 47051000,
      "rd": 67054000,
      "sga": null,
      "fcf": -59948000,
      "ocf": -35467000,
      "capex": -24481000,
      "gross_margin": 0.7782360121979384,
      "op_margin": -0.188643851305811,
      "fcf_margin": -0.2825510093464111,
      "incr_op_margin_yoy": -0.1183344127806563,
      "rev_growth_yoy": 0.5368295244648872,
      "rev_growth_yoy_accel": -0.0005495711944683013,
      "op_leverage_ratio": 1.4205944168909954,
      "fcf_margin_change": -0.3459975681596097
    },
    {
      "date": "2022-06-30T00:00:00",
      "quarter_label": "2022-06 (Q2)",
      "revenue": 234517000,
      "gross_profit": 178713000,
      "operating_income": -64541000,
      "net_income": -63537000,
      "opex": 243254000,
      "cogs": 55804000,
      "rd": 75114000,
      "sga": null,
      "fcf": 1167000,
      "ocf": 38251000,
      "capex": -37084000,
      "gross_margin": 0.762047101063036,
      "op_margin": -0.2752081938622786,
      "fcf_margin": 0.00497618509532358,
      "incr_op_margin_yoy": -0.4345161958362265,
      "rev_growth_yoy": 0.5385427874143858,
      "rev_growth_yoy_accel": 0.001713262949498584,
      "op_leverage_ratio": 0.5669770937007084,
      "fcf_margin_change": 0.2875271944417347
    },
    {
      "date": "2022-09-30T00:00:00",
      "quarter_label": "2022-09 (Q3)",
      "revenue": 253857000,
      "gross_profit": 191890000,
      "operating_income": -45947000,
      "net_income": -42546000,
      "opex": 237837000,
      "cogs": 61967000,
      "rd": 76432000,
      "sga": null,
      "fcf": 792000,
      "ocf": 42688000,
      "capex": -41896000,
      "gross_margin": 0.755898005570065,
      "op_margin": -0.1809955998849746,
      "fcf_margin": 0.0031198666966047815,
      "incr_op_margin_yoy": -0.2386578333946755,
      "rev_growth_yoy": 0.47294121742763146,
      "rev_growth_yoy_accel": -0.06560156998675432,
      "op_leverage_ratio": Infinity,
      "fcf_margin_change": -0.0018563183987187985
    },
    {
      "date": "2022-12-31T00:00:00",
      "quarter_label": "2022-12 (Q4)",
      "revenue": 274700000,
      "gross_profit": 206912000,
      "operating_income": -50691000,
      "net_income": -45917000,
      "opex": 257603000,
      "cogs": 67788000,
      "rd": 79703000,
      "sga": null,
      "fcf": 37978000,
      "ocf": 78123000,
      "capex": -40145000,
      "gross_margin": 0.7532289770658901,
      "op_margin": -0.1845322169639607,
      "fcf_margin": 0.13825263924281034,
      "incr_op_margin_yoy": -0.11869944762280529,
      "rev_growth_yoy": 0.4189342755015599,
      "rev_growth_yoy_accel": -0.05400694192607153,
      "op_leverage_ratio": 0.987942599337215,
      "fcf_margin_change": 0.13513277254620557
    },
    {
      "date": "2023-03-31T00:00:00",
      "quarter_label": "2023-03 (Q1)",
      "revenue": 290175000,
      "gross_profit": 219743000,
      "operating_income": -47272000,
      "net_income": -38082000,
      "opex": 267015000,
      "cogs": 70432000,
      "rd": 81539000,
      "sga": null,
      "fcf": 18873000,
      "ocf": 36414000,
      "capex": -17541000,
      "gross_margin": 0.7572775049539071,
      "op_margin": -0.16290858964418023,
      "fcf_margin": 0.0650400620315327,
      "incr_op_margin_yoy": -0.09291354732847913,
      "rev_growth_yoy": 0.3676726352354513,
      "rev_growth_yoy_accel": -0.05126164026610863,
      "op_leverage_ratio": 1.5418459920964662,
      "fcf_margin_change": -0.07321257721127764
    },
    {
      "date": "2023-06-30T00:00:00",
      "quarter_label": "2023-06 (Q2)",
      "revenue": 308494000,
      "gross_profit": 233273000,
      "operating_income": -56172000,
      "net_income": -94467000,
      "opex": 289445000,
      "cogs": 75221000,
      "rd": 89610000,
      "sga": null,
      "fcf": 25703000,
      "ocf": 64451000,
      "capex": -38748000,
      "gross_margin": 0.7561670567336803,
      "op_margin": -0.18208457863037855,
      "fcf_margin": 0.08331766582170155,
      "incr_op_margin_yoy": 0.11312975654595347,
      "rev_growth_yoy": 0.3154440829449464,
      "rev_growth_yoy_accel": -0.05222855229050488,
      "op_leverage_ratio": 0.7515331728462934,
      "fcf_margin_change": 0.01827760379016885
    },
    {
      "date": "2023-09-30T00:00:00",
      "quarter_label": "2023-09 (Q3)",
      "revenue": 335603000,
      "gross_profit": 257534000,
      "operating_income": -39212000,
      "net_income": -23535000,
      "opex": 296746000,
      "cogs": 78069000,
      "rd": 90593000,
      "sga": null,
      "fcf": 40809000,
      "ocf": 68100000,
      "capex": -27291000,
      "gross_margin": 0.7673769304803593,
      "op_margin": -0.11684043348837764,
      "fcf_margin": 0.12159903218981952,
      "incr_op_margin_yoy": 0.08238935238421452,
      "rev_growth_yoy": 0.32201593810688695,
      "rev_growth_yoy_accel": 0.006571855161940532,
      "op_leverage_ratio": 3.483778055483396,
      "fcf_margin_change": 0.038281366368117964
    },
    {
      "date": "2023-12-31T00:00:00",
      "quarter_label": "2023-12 (Q4)",
      "revenue": 362473000,
      "gross_profit": 279190000,
      "operating_income": -42829000,
      "net_income": -27865000,
      "opex": 322019000,
      "cogs": 83283000,
      "rd": 96401000,
      "sga": null,
      "fcf": 54625000,
      "ocf": 85441000,
      "capex": -30816000,
      "gross_margin": 0.7702366796975223,
      "op_margin": -0.11815776623362292,
      "fcf_margin": 0.1507008797896671,
      "incr_op_margin_yoy": 0.0895719640436125,
      "rev_growth_yoy": 0.31952311612668366,
      "rev_growth_yoy_accel": -0.002492821980203286,
      "op_leverage_ratio": 0.9400910287595442,
      "fcf_margin_change": 0.029101847599847575
    },
    {
      "date": "2024-03-31T00:00:00",
      "quarter_label": "2024-03 (Q1)",
      "revenue": 378602000,
      "gross_profit": 293564000,
      "operating_income": -54550000,
      "net_income": -35543000,
      "opex": 348114000,
      "cogs": 85038000,
      "rd": 87703000,
      "sga": null,
      "fcf": 41523000,
      "ocf": 73579000,
      "capex": -32056000,
      "gross_margin": 0.775389459115377,
      "op_margin": -0.14408270426463674,
      "fcf_margin": 0.10967453949001854,
      "incr_op_margin_yoy": -0.08230517828265123,
      "rev_growth_yoy": 0.3047367967605755,
      "rev_growth_yoy_accel": -0.014786319366108136,
      "op_leverage_ratio": 0.5491057297728853,
      "fcf_margin_change": -0.04102634029964855
    },
    {
      "date": "2024-06-30T00:00:00",
      "quarter_label": "2024-06 (Q2)",
      "revenue": 400996000,
      "gross_profit": 311985000,
      "operating_income": -34698000,
      "net_income": -15078000,
      "opex": 346683000,
      "cogs": 89011000,
      "rd": 102547000,
      "sga": null,
      "fcf": 45190000,
      "ocf": 74815000,
      "capex": -29625000,
      "gross_margin": 0.7780252172091492,
      "op_margin": -0.0865295414418099,
      "fcf_margin": 0.11269439096649343,
      "incr_op_margin_yoy": 0.23214633197120063,
      "rev_growth_yoy": 0.29985024019916107,
      "rev_growth_yoy_accel": -0.004886556561414457,
      "op_leverage_ratio": Infinity,
      "fcf_margin_change": 0.0030198514764748913
    },
    {
      "date": "2024-09-30T00:00:00",
      "quarter_label": "2024-09 (Q3)",
      "revenue": 430082000,
      "gross_profit": 334115000,
      "operating_income": -30794000,
      "net_income": -15331000,
      "opex": 364909000,
      "cogs": 95967000,
      "rd": 110911000,
      "sga": null,
      "fcf": 54524000,
      "ocf": 104727000,
      "capex": -50203000,
      "gross_margin": 0.7768634818476476,
      "op_margin": -0.07160029947777401,
      "fcf_margin": 0.126775824145163,
      "incr_op_margin_yoy": 0.08909916489378591,
      "rev_growth_yoy": 0.28152012943865223,
      "rev_growth_yoy_accel": -0.018330110760508833,
      "op_leverage_ratio": 1.3797015093888838,
      "fcf_margin_change": 0.01408143317866957
    },
    {
      "date": "2024-12-31T00:00:00",
      "quarter_label": "2024-12 (Q4)",
      "revenue": 459946000,
      "gross_profit": 351260000,
      "operating_income": -34719000,
      "net_income": -12848000,
      "opex": 385979000,
      "cogs": 108686000,
      "rd": 120213000,
      "sga": null,
      "fcf": 54155000,
      "ocf": 127308000,
      "capex": -73153000,
      "gross_margin": 0.7636983471972797,
      "op_margin": -0.07548494823305345,
      "fcf_margin": 0.11774208276623778,
      "incr_op_margin_yoy": 0.08320252787951535,
      "rev_growth_yoy": 0.26891106372060813,
      "rev_growth_yoy_accel": -0.012609065718044099,
      "op_leverage_ratio": 1.2025876775274036,
      "fcf_margin_change": -0.009033741378925222
    },
    {
      "date": "2025-03-31T00:00:00",
      "quarter_label": "2025-03 (Q1)",
      "revenue": 479087000,
      "gross_profit": 363511000,
      "operating_income": -53247000,
      "net_income": -38454000,
      "opex": 416758000,
      "cogs": 115576000,
      "rd": 115089000,
      "sga": null,
      "fcf": 59895000,
      "ocf": 145784000,
      "capex": -85889000,
      "gross_margin": 0.7587578039061799,
      "op_margin": -0.1111426525871084,
      "fcf_margin": 0.12501904664497263,
      "incr_op_margin_yoy": 0.012967109518833658,
      "rev_growth_yoy": 0.2654106423103946,
      "rev_growth_yoy_accel": -0.003500421410213561,
      "op_leverage_ratio": 0.5218755468934015,
      "fcf_margin_change": 0.007276963878734846
    },
    {
      "date": "2025-06-30T00:00:00",
      "quarter_label": "2025-06 (Q2)",
      "revenue": 512316000,
      "gross_profit": 383639000,
      "operating_income": -67264000,
      "net_income": -50446000,
      "opex": 450903000,
      "cogs": 128677000,
      "rd": 134557000,
      "sga": null,
      "fcf": 39899000,
      "ocf": 99796000,
      "capex": -59897000,
      "gross_margin": 0.7488327516610842,
      "op_margin": -0.13129396700473928,
      "fcf_margin": 0.07787966801739551,
      "incr_op_margin_yoy": -0.29254401724757456,
      "rev_growth_yoy": 0.2776087542020369,
      "rev_growth_yoy_accel": 0.012198111891642327,
      "op_leverage_ratio": 0.8465638385946838,
      "fcf_margin_change": -0.04713937862757711
    },
    {
      "date": "2025-09-30T00:00:00",
      "quarter_label": "2025-09 (Q3)",
      "revenue": 562027000,
      "gross_profit": 415711000,
      "operating_income": -37460000,
      "net_income": -1290000,
      "opex": 453171000,
      "cogs": 146316000,
      "rd": 120956000,
      "sga": null,
      "fcf": 82482000,
      "ocf": 167123000,
      "capex": -84641000,
      "gross_margin": 0.7396637528090287,
      "op_margin": -0.0666516021472278,
      "fcf_margin": 0.14675807390036422,
      "incr_op_margin_yoy": -0.05052105043768237,
      "rev_growth_yoy": 0.3067903330062639,
      "rev_growth_yoy_accel": 0.029181578804227004,
      "op_leverage_ratio": 19.29099616913437,
      "fcf_margin_change": 0.0688784058829687
    }
  ],
  "signals": [
    {
      "quarter": "2025-09 (Q3)",
      "signal": "FCF MARGIN EXPANSION",
      "detail": "FCF margin: +7.8% -> +14.7% (+6.9%)",
      "severity": "MEDIUM"
    },
    {
      "quarter": "2025-09 (Q3)",
      "signal": "OPERATING LEVERAGE",
      "detail": "Rev growth +9.7% vs OpEx growth +0.5% (leverage: 19.3x)",
      "severity": "MEDIUM"
    },
    {
      "quarter": "2023-09 (Q3)",
      "signal": "OPERATING LEVERAGE",
      "detail": "Rev growth +8.8% vs OpEx growth +2.5% (leverage: 3.5x)",
      "severity": "MEDIUM"
    },
    {
      "quarter": "2023-06 (Q2)",
      "signal": "YoY REVENUE GROWTH DECELERATION",
      "detail": "YoY growth: +31.5% vs prior quarter YoY: +36.8% (decel: -5.2%)",
      "severity": "WARNING"
    },
    {
      "quarter": "2023-03 (Q1)",
      "signal": "OPERATING LEVERAGE",
      "detail": "Rev growth +5.6% vs OpEx growth +3.7% (leverage: 1.5x)",
      "severity": "MEDIUM"
    },
    {
      "quarter": "2023-03 (Q1)",
      "signal": "YoY REVENUE GROWTH DECELERATION",
      "detail": "YoY growth: +36.8% vs prior quarter YoY: +41.9% (decel: -5.1%)",
      "severity": "WARNING"
    },
    {
      "quarter": "2022-12 (Q4)",
      "signal": "FCF MARGIN EXPANSION",
      "detail": "FCF margin: +0.3% -> +13.8% (+13.5%)",
      "severity": "MEDIUM"
    },
    {
      "quarter": "2022-12 (Q4)",
      "signal": "YoY REVENUE GROWTH DECELERATION",
      "detail": "YoY growth: +41.9% vs prior quarter YoY: +47.3% (decel: -5.4%)",
      "severity": "WARNING"
    },
    {
      "quarter": "2022-09 (Q3)",
      "signal": "YoY REVENUE GROWTH DECELERATION",
      "detail": "YoY growth: +47.3% vs prior quarter YoY: +53.9% (decel: -6.6%)",
      "severity": "WARNING"
    },
    {
      "quarter": "2022-06 (Q2)",
      "signal": "FCF TURNED POSITIVE",
      "detail": "FCF margin: -28.3% -> +0.5%",
      "severity": "HIGH"
    },
    {
      "quarter": "2021-12 (Q4)",
      "signal": "FCF TURNED POSITIVE",
      "detail": "FCF margin: -20.7% -> +6.3%",
      "severity": "HIGH"
    },
    {
      "quarter": "2021-06 (Q2)",
      "signal": "OPERATING LEVERAGE",
      "detail": "Rev growth +10.4% vs OpEx growth +6.6% (leverage: 1.6x)",
      "severity": "MEDIUM"
    },
    {
      "quarter": "2021-03 (Q1)",
      "signal": "FCF TURNED POSITIVE",
      "detail": "FCF margin: -15.3% -> +0.9%",
      "severity": "HIGH"
    }
  ],
  "data_quality": {
    "n_quarters": 20,
    "coverage": {
      "revenue": [
        20,
        20
      ],
      "gross_profit": [
        20,
        20
      ],
      "op_income": [
        20,
        20
      ],
      "fcf": [
        20,
        20
      ]
    },
    "gaps": [],
    "warnings": []
  },
  "market_cap": null,
  "source": "SEC EDGAR",
  "last_updated": "2026-02-02T19:54:30.801959"
}