{
  "ticker": "NEU",
  "name": "NEWMARKET CORPORATION",
  "quarters": [
    {
      "date": "2020-12-31T00:00:00",
      "quarter_label": "2020-12 (Q4)",
      "revenue": 527781000,
      "gross_profit": 150780000,
      "operating_income": 75555000,
      "net_income": 66884000,
      "opex": 75225000,
      "cogs": 377001000,
      "rd": 38199000,
      "sga": 37026000,
      "fcf": 34651000,
      "ocf": 67834000,
      "capex": -33183000,
      "gross_margin": 0.28568667686028865,
      "op_margin": 0.1431559681004053,
      "fcf_margin": 0.06565412548007601
    },
    {
      "date": "2021-03-31T00:00:00",
      "quarter_label": "2021-03 (Q1)",
      "revenue": 566615000,
      "gross_profit": 161753000,
      "operating_income": 88501000,
      "net_income": 69712000,
      "opex": 73252000,
      "cogs": 404862000,
      "rd": 36337000,
      "sga": 36915000,
      "fcf": 28847000,
      "ocf": 49371000,
      "capex": -20524000,
      "gross_margin": 0.28547249896314075,
      "op_margin": 0.15619247637284575,
      "fcf_margin": 0.050911112483785284,
      "op_leverage_ratio": Infinity,
      "fcf_margin_change": -0.01474301299629073
    },
    {
      "date": "2021-06-30T00:00:00",
      "quarter_label": "2021-06 (Q2)",
      "revenue": 590721000,
      "gross_profit": 140999000,
      "operating_income": 70747000,
      "net_income": 51952000,
      "opex": 70252000,
      "cogs": 449722000,
      "rd": 35517000,
      "sga": 34735000,
      "fcf": 30813000,
      "ocf": 54683000,
      "capex": -23870000,
      "gross_margin": 0.2386896690654302,
      "op_margin": 0.11976381405096484,
      "fcf_margin": 0.05216168038718786,
      "op_leverage_ratio": Infinity,
      "fcf_margin_change": 0.001250567903402576
    },
    {
      "date": "2021-09-30T00:00:00",
      "quarter_label": "2021-09 (Q3)",
      "revenue": 622207000,
      "gross_profit": 138221000,
      "operating_income": 63105000,
      "net_income": 52038000,
      "opex": 75116000,
      "cogs": 483986000,
      "rd": 35387000,
      "sga": 39729000,
      "fcf": 21333000,
      "ocf": 40964000,
      "capex": -19631000,
      "gross_margin": 0.2221463275083694,
      "op_margin": 0.10142123119797752,
      "fcf_margin": 0.03428601735435313,
      "op_leverage_ratio": 0.7698395293966811,
      "fcf_margin_change": -0.017875663032834728
    },
    {
      "date": "2021-12-31T00:00:00",
      "quarter_label": "2021-12 (Q4)",
      "revenue": 576567000,
      "gross_profit": 106734000,
      "operating_income": 35429000,
      "net_income": 17206000,
      "opex": 71305000,
      "cogs": 469833000,
      "rd": 36711000,
      "sga": 34594000,
      "fcf": 5409000,
      "ocf": 20318000,
      "capex": -14909000,
      "gross_margin": 0.18511985597510783,
      "op_margin": 0.061448192491072154,
      "fcf_margin": 0.009381390194027754,
      "incr_op_margin_yoy": -0.8224900586233755,
      "rev_growth_yoy": 0.09243606723243164,
      "fcf_margin_change": -0.024904627160325377
    },
    {
      "date": "2022-03-31T00:00:00",
      "quarter_label": "2022-03 (Q1)",
      "revenue": 662552000,
      "gross_profit": 155163000,
      "operating_income": 83290000,
      "net_income": 59318000,
      "opex": 71873000,
      "cogs": 507389000,
      "rd": 36251000,
      "sga": 35622000,
      "fcf": -5831000,
      "ocf": 6781000,
      "capex": -12612000,
      "gross_margin": 0.23418992018739662,
      "op_margin": 0.12571088759825644,
      "fcf_margin": -0.008800818652724616,
      "incr_op_margin_yoy": -0.05431689546264736,
      "rev_growth_yoy": 0.16931602587294725,
      "rev_growth_yoy_accel": 0.07687995864051561,
      "op_leverage_ratio": 18.721668987103538,
      "fcf_margin_change": -0.018182208846752368
    },
    {
      "date": "2022-06-30T00:00:00",
      "quarter_label": "2022-06 (Q2)",
      "revenue": 723639000,
      "gross_profit": 157476000,
      "operating_income": 83591000,
      "net_income": 66472000,
      "opex": 73885000,
      "cogs": 566163000,
      "rd": 35396000,
      "sga": 38489000,
      "fcf": 2390000,
      "ocf": 17585000,
      "capex": -15195000,
      "gross_margin": 0.21761679511469117,
      "op_margin": 0.11551478015972053,
      "fcf_margin": 0.0033027517864570592,
      "incr_op_margin_yoy": 0.09663100558238914,
      "rev_growth_yoy": 0.22500977618875917,
      "rev_growth_yoy_accel": 0.05569375031581192,
      "op_leverage_ratio": 3.293567924340361,
      "fcf_margin_change": 0.012103570439181675
    },
    {
      "date": "2022-09-30T00:00:00",
      "quarter_label": "2022-09 (Q3)",
      "revenue": 696049000,
      "gross_profit": 148307000,
      "operating_income": 78727000,
      "net_income": 63226000,
      "opex": 69580000,
      "cogs": 547742000,
      "rd": 34388000,
      "sga": 35192000,
      "fcf": -20999000,
      "ocf": -8404000,
      "capex": -12595000,
      "gross_margin": 0.2130697695133532,
      "op_margin": 0.11310554285689657,
      "fcf_margin": -0.030168853054885505,
      "incr_op_margin_yoy": 0.21155981690636766,
      "rev_growth_yoy": 0.11867754621854142,
      "rev_growth_yoy_accel": -0.10633222997021775,
      "fcf_margin_change": -0.03347160484134257
    },
    {
      "date": "2022-12-31T00:00:00",
      "quarter_label": "2022-12 (Q4)",
      "revenue": 682559000,
      "gross_profit": 179551000,
      "operating_income": 109531000,
      "net_income": 90522000,
      "opex": 70020000,
      "cogs": 503008000,
      "rd": 34217000,
      "sga": 35803000,
      "fcf": 76891000,
      "ocf": 92658000,
      "capex": -15767000,
      "gross_margin": 0.26305564793666186,
      "op_margin": 0.16047110945720444,
      "fcf_margin": 0.11265106752676325,
      "incr_op_margin_yoy": 0.6991282360932901,
      "rev_growth_yoy": 0.1838329283500443,
      "rev_growth_yoy_accel": 0.06515538213150289,
      "fcf_margin_change": 0.14281992058164875
    },
    {
      "date": "2023-03-31T00:00:00",
      "quarter_label": "2023-03 (Q1)",
      "revenue": 702789000,
      "gross_profit": 198044000,
      "operating_income": 125041000,
      "net_income": 97583000,
      "opex": 73003000,
      "cogs": 504745000,
      "rd": 33156000,
      "sga": 39847000,
      "fcf": 98034000,
      "ocf": 109915000,
      "capex": -11881000,
      "gross_margin": 0.28179723928519085,
      "op_margin": 0.17792111145735065,
      "fcf_margin": 0.13949279228900852,
      "incr_op_margin_yoy": 1.0376270596714467,
      "rev_growth_yoy": 0.06073032758183509,
      "rev_growth_yoy_accel": -0.12310260076820922,
      "op_leverage_ratio": 0.6957040608244802,
      "fcf_margin_change": 0.026841724762245264
    },
    {
      "date": "2023-06-30T00:00:00",
      "quarter_label": "2023-06 (Q2)",
      "revenue": 685130000,
      "gross_profit": 195638000,
      "operating_income": 124242000,
      "net_income": 99624000,
      "opex": 71396000,
      "cogs": 489492000,
      "rd": 33958000,
      "sga": 37438000,
      "fcf": 138350000,
      "ocf": 152475000,
      "capex": -14125000,
      "gross_margin": 0.2855487279786318,
      "op_margin": 0.18134076744559427,
      "fcf_margin": 0.20193247996730548,
      "incr_op_margin_yoy": -1.0556233607728063,
      "rev_growth_yoy": -0.05321576089735351,
      "rev_growth_yoy_accel": -0.1139460884791886,
      "fcf_margin_change": 0.06243968767829697
    },
    {
      "date": "2023-09-30T00:00:00",
      "quarter_label": "2023-09 (Q3)",
      "revenue": 667150000,
      "gross_profit": 201705000,
      "operating_income": 132425000,
      "net_income": 111247000,
      "opex": 69280000,
      "cogs": 465445000,
      "rd": 31894000,
      "sga": 37386000,
      "fcf": 134039000,
      "ocf": 142826000,
      "capex": -8787000,
      "gross_margin": 0.3023383047290714,
      "op_margin": 0.19849359214569437,
      "fcf_margin": 0.20091283819231057,
      "incr_op_margin_yoy": -1.858126578774352,
      "rev_growth_yoy": -0.04151862871723112,
      "rev_growth_yoy_accel": 0.011697132180122395,
      "fcf_margin_change": -0.0010196417749949171
    },
    {
      "date": "2023-12-31T00:00:00",
      "quarter_label": "2023-12 (Q4)",
      "revenue": 643350000,
      "gross_profit": 177126000,
      "operating_income": 101337000,
      "net_income": 80410000,
      "opex": 75789000,
      "cogs": 466224000,
      "rd": 38990000,
      "sga": 36799000,
      "fcf": 158107000,
      "ocf": 171607000,
      "capex": -13500000,
      "gross_margin": 0.2753182560037305,
      "op_margin": 0.15751457216134296,
      "fcf_margin": 0.24575580943498873,
      "incr_op_margin_yoy": 0.20898263153867735,
      "rev_growth_yoy": -0.05744411838390527,
      "rev_growth_yoy_accel": -0.015925489666674154,
      "fcf_margin_change": 0.044842971242678165
    },
    {
      "date": "2024-03-31T00:00:00",
      "quarter_label": "2024-03 (Q1)",
      "revenue": 696736000,
      "gross_profit": 216365000,
      "operating_income": 140800000,
      "net_income": 107732000,
      "opex": 75565000,
      "cogs": 480371000,
      "rd": 31200000,
      "sga": 44365000,
      "fcf": 89275000,
      "ocf": 102839000,
      "capex": -13564000,
      "gross_margin": 0.3105408648325908,
      "op_margin": 0.20208515133422128,
      "fcf_margin": 0.12813318100399576,
      "incr_op_margin_yoy": -2.6035023955063603,
      "rev_growth_yoy": -0.008612826893989518,
      "rev_growth_yoy_accel": 0.04883129148991575,
      "op_leverage_ratio": Infinity,
      "fcf_margin_change": -0.11762262843099297
    },
    {
      "date": "2024-06-30T00:00:00",
      "quarter_label": "2024-06 (Q2)",
      "revenue": 710228000,
      "gross_profit": 218455000,
      "operating_income": 146952000,
      "net_income": 111620000,
      "opex": 71503000,
      "cogs": 491773000,
      "rd": 28663000,
      "sga": 42840000,
      "fcf": 99995000,
      "ocf": 114964000,
      "capex": -14969000,
      "gross_margin": 0.3075843250336512,
      "op_margin": 0.20690820412599897,
      "fcf_margin": 0.1407928158281566,
      "incr_op_margin_yoy": 0.9048529763327755,
      "rev_growth_yoy": 0.03663246391195831,
      "rev_growth_yoy_accel": 0.04524529080594783,
      "op_leverage_ratio": Infinity,
      "fcf_margin_change": 0.012659634824160826
    },
    {
      "date": "2024-09-30T00:00:00",
      "quarter_label": "2024-09 (Q3)",
      "revenue": 724947000,
      "gross_profit": 243840000,
      "operating_income": 169523000,
      "net_income": 132322000,
      "opex": 74317000,
      "cogs": 481107000,
      "rd": 32193000,
      "sga": 42124000,
      "fcf": 102385000,
      "ocf": 116552000,
      "capex": -14167000,
      "gross_margin": 0.33635562323866436,
      "op_margin": 0.2338419222370739,
      "fcf_margin": 0.14123101412930877,
      "incr_op_margin_yoy": 0.6418672249424711,
      "rev_growth_yoy": 0.08663269129880836,
      "rev_growth_yoy_accel": 0.05000022738685005,
      "op_leverage_ratio": 0.5265997951811416,
      "fcf_margin_change": 0.0004381983011521873
    },
    {
      "date": "2024-12-31T00:00:00",
      "quarter_label": "2024-12 (Q4)",
      "revenue": 654647000,
      "gross_profit": 207686000,
      "operating_income": 132761000,
      "net_income": 110739000,
      "opex": 74925000,
      "cogs": 446961000,
      "rd": 32842000,
      "sga": 42083000,
      "fcf": 170618000,
      "ocf": 185237000,
      "capex": -14619000,
      "gross_margin": 0.31724883792333886,
      "op_margin": 0.20279784372341125,
      "fcf_margin": 0.260625955667711,
      "incr_op_margin_yoy": 2.781623439851288,
      "rev_growth_yoy": 0.017559648713763892,
      "rev_growth_yoy_accel": -0.06907304258504447,
      "fcf_margin_change": 0.11939494153840224
    },
    {
      "date": "2025-03-31T00:00:00",
      "quarter_label": "2025-03 (Q1)",
      "revenue": 700946000,
      "gross_profit": 236023000,
      "operating_income": 159869000,
      "net_income": 125949000,
      "opex": 76154000,
      "cogs": 464923000,
      "rd": 33176000,
      "sga": 42978000,
      "fcf": 107297000,
      "ocf": 120313000,
      "capex": -13016000,
      "gross_margin": 0.3367206603647071,
      "op_margin": 0.22807605721410779,
      "fcf_margin": 0.15307455923851482,
      "incr_op_margin_yoy": 4.529453681710214,
      "rev_growth_yoy": 0.006042460846001929,
      "rev_growth_yoy_accel": -0.011517187867761965,
      "op_leverage_ratio": 4.311608283533317,
      "fcf_margin_change": -0.1075513964291962
    },
    {
      "date": "2025-06-30T00:00:00",
      "quarter_label": "2025-06 (Q2)",
      "revenue": 698509000,
      "gross_profit": 220954000,
      "operating_income": 143152000,
      "net_income": 111244000,
      "opex": 77802000,
      "cogs": 477555000,
      "rd": 32374000,
      "sga": 45428000,
      "fcf": 144798000,
      "ocf": 161077000,
      "capex": -16279000,
      "gross_margin": 0.3163223380085296,
      "op_margin": 0.20493937801803555,
      "fcf_margin": 0.20729582582328931,
      "incr_op_margin_yoy": 0.324259749125352,
      "rev_growth_yoy": -0.016500335103656855,
      "rev_growth_yoy_accel": -0.022542795949658783,
      "fcf_margin_change": 0.0542212665847745
    },
    {
      "date": "2025-09-30T00:00:00",
      "quarter_label": "2025-09 (Q3)",
      "revenue": 690311000,
      "gross_profit": 209644000,
      "operating_income": 130676000,
      "net_income": 100269000,
      "opex": 78968000,
      "cogs": 480667000,
      "rd": 35024000,
      "sga": 43944000,
      "fcf": 122065000,
      "ocf": 142409000,
      "capex": -20344000,
      "gross_margin": 0.3036950012385722,
      "op_margin": 0.18930018498908463,
      "fcf_margin": 0.17682609722284592,
      "incr_op_margin_yoy": 1.1215787042383647,
      "rev_growth_yoy": -0.04777728578778862,
      "rev_growth_yoy_accel": -0.03127695068413176,
      "fcf_margin_change": -0.03046972860044339
    }
  ],
  "signals": [
    {
      "quarter": "2025-09 (Q3)",
      "signal": "INCREMENTAL MARGIN (YoY)",
      "detail": "YoY Incr OPM: +112.2% vs year-ago OPM: +23.4%",
      "severity": "HIGH"
    },
    {
      "quarter": "2025-06 (Q2)",
      "signal": "FCF MARGIN EXPANSION",
      "detail": "FCF margin: +15.3% -> +20.7% (+5.4%)",
      "severity": "MEDIUM"
    },
    {
      "quarter": "2025-06 (Q2)",
      "signal": "INCREMENTAL MARGIN (YoY)",
      "detail": "YoY Incr OPM: +32.4% vs year-ago OPM: +20.7%",
      "severity": "MEDIUM"
    },
    {
      "quarter": "2025-03 (Q1)",
      "signal": "OPERATING LEVERAGE",
      "detail": "Rev growth +7.1% vs OpEx growth +1.6% (leverage: 4.3x)",
      "severity": "MEDIUM"
    },
    {
      "quarter": "2025-03 (Q1)",
      "signal": "INCREMENTAL MARGIN (YoY)",
      "detail": "YoY Incr OPM: +452.9% vs year-ago OPM: +20.2%",
      "severity": "HIGH"
    },
    {
      "quarter": "2024-12 (Q4)",
      "signal": "FCF MARGIN EXPANSION",
      "detail": "FCF margin: +14.1% -> +26.1% (+11.9%)",
      "severity": "MEDIUM"
    },
    {
      "quarter": "2024-12 (Q4)",
      "signal": "YoY REVENUE GROWTH DECELERATION",
      "detail": "YoY growth: +1.8% vs prior quarter YoY: +8.7% (decel: -6.9%)",
      "severity": "WARNING"
    },
    {
      "quarter": "2024-12 (Q4)",
      "signal": "INCREMENTAL MARGIN (YoY)",
      "detail": "YoY Incr OPM: +278.2% vs year-ago OPM: +15.8%",
      "severity": "HIGH"
    },
    {
      "quarter": "2024-09 (Q3)",
      "signal": "GROSS MARGIN INFLECTION",
      "detail": "GM: +31.1% -> +30.8% -> +33.6% (reversal +2.9%)",
      "severity": "MEDIUM"
    },
    {
      "quarter": "2024-09 (Q3)",
      "signal": "YoY REVENUE GROWTH ACCELERATION",
      "detail": "YoY growth: +8.7% vs prior quarter YoY: +3.7% (accel: +5.0%)",
      "severity": "MEDIUM"
    },
    {
      "quarter": "2024-09 (Q3)",
      "signal": "INCREMENTAL MARGIN (YoY)",
      "detail": "YoY Incr OPM: +64.2% vs year-ago OPM: +19.8%",
      "severity": "HIGH"
    },
    {
      "quarter": "2024-06 (Q2)",
      "signal": "INCREMENTAL MARGIN (YoY)",
      "detail": "YoY Incr OPM: +90.5% vs year-ago OPM: +18.1%",
      "severity": "HIGH"
    },
    {
      "quarter": "2024-03 (Q1)",
      "signal": "GROSS MARGIN INFLECTION",
      "detail": "GM: +30.2% -> +27.5% -> +31.1% (reversal +3.5%)",
      "severity": "MEDIUM"
    },
    {
      "quarter": "2023-06 (Q2)",
      "signal": "FCF MARGIN EXPANSION",
      "detail": "FCF margin: +13.9% -> +20.2% (+6.2%)",
      "severity": "MEDIUM"
    },
    {
      "quarter": "2023-06 (Q2)",
      "signal": "YoY REVENUE GROWTH DECELERATION",
      "detail": "YoY growth: -5.3% vs prior quarter YoY: +6.1% (decel: -11.4%)",
      "severity": "WARNING"
    },
    {
      "quarter": "2023-03 (Q1)",
      "signal": "YoY REVENUE GROWTH DECELERATION",
      "detail": "YoY growth: +6.1% vs prior quarter YoY: +18.4% (decel: -12.3%)",
      "severity": "WARNING"
    },
    {
      "quarter": "2023-03 (Q1)",
      "signal": "INCREMENTAL MARGIN (YoY)",
      "detail": "YoY Incr OPM: +103.8% vs year-ago OPM: +12.6%",
      "severity": "HIGH"
    },
    {
      "quarter": "2022-12 (Q4)",
      "signal": "FCF TURNED POSITIVE",
      "detail": "FCF margin: -3.0% -> +11.3%",
      "severity": "HIGH"
    },
    {
      "quarter": "2022-12 (Q4)",
      "signal": "GROSS MARGIN INFLECTION",
      "detail": "GM: +21.8% -> +21.3% -> +26.3% (reversal +5.0%)",
      "severity": "MEDIUM"
    },
    {
      "quarter": "2022-12 (Q4)",
      "signal": "YoY REVENUE GROWTH ACCELERATION",
      "detail": "YoY growth: +18.4% vs prior quarter YoY: +11.9% (accel: +6.5%)",
      "severity": "MEDIUM"
    },
    {
      "quarter": "2022-12 (Q4)",
      "signal": "INCREMENTAL MARGIN (YoY)",
      "detail": "YoY Incr OPM: +69.9% vs year-ago OPM: +6.1%",
      "severity": "HIGH"
    },
    {
      "quarter": "2022-09 (Q3)",
      "signal": "YoY REVENUE GROWTH DECELERATION",
      "detail": "YoY growth: +11.9% vs prior quarter YoY: +22.5% (decel: -10.6%)",
      "severity": "WARNING"
    },
    {
      "quarter": "2022-09 (Q3)",
      "signal": "INCREMENTAL MARGIN (YoY)",
      "detail": "YoY Incr OPM: +21.2% vs year-ago OPM: +10.1%",
      "severity": "MEDIUM"
    },
    {
      "quarter": "2022-06 (Q2)",
      "signal": "FCF TURNED POSITIVE",
      "detail": "FCF margin: -0.9% -> +0.3%",
      "severity": "HIGH"
    },
    {
      "quarter": "2022-06 (Q2)",
      "signal": "OPERATING LEVERAGE",
      "detail": "Rev growth +9.2% vs OpEx growth +2.8% (leverage: 3.3x)",
      "severity": "MEDIUM"
    },
    {
      "quarter": "2022-06 (Q2)",
      "signal": "YoY REVENUE GROWTH ACCELERATION",
      "detail": "YoY growth: +22.5% vs prior quarter YoY: +16.9% (accel: +5.6%)",
      "severity": "MEDIUM"
    },
    {
      "quarter": "2022-03 (Q1)",
      "signal": "OPERATING LEVERAGE",
      "detail": "Rev growth +14.9% vs OpEx growth +0.8% (leverage: 18.7x)",
      "severity": "MEDIUM"
    },
    {
      "quarter": "2022-03 (Q1)",
      "signal": "GROSS MARGIN INFLECTION",
      "detail": "GM: +22.2% -> +18.5% -> +23.4% (reversal +4.9%)",
      "severity": "MEDIUM"
    },
    {
      "quarter": "2022-03 (Q1)",
      "signal": "YoY REVENUE GROWTH ACCELERATION",
      "detail": "YoY growth: +16.9% vs prior quarter YoY: +9.2% (accel: +7.7%)",
      "severity": "MEDIUM"
    }
  ],
  "data_quality": {
    "n_quarters": 20,
    "coverage": {
      "revenue": [
        20,
        20
      ],
      "gross_profit": [
        20,
        20
      ],
      "op_income": [
        20,
        20
      ],
      "fcf": [
        20,
        20
      ]
    },
    "gaps": [],
    "warnings": []
  },
  "market_cap": null,
  "source": "SEC EDGAR",
  "last_updated": "2026-02-02T20:55:40.427634"
}