{
  "ticker": "NFE",
  "name": "New Fortress Energy Inc.",
  "quarters": [
    {
      "date": "2020-12-31T00:00:00",
      "quarter_label": "2020-12 (Q4)",
      "revenue": 145696000,
      "gross_profit": 76709000,
      "operating_income": 18031000,
      "net_income": 170000,
      "opex": 127665000,
      "cogs": 68987000,
      "rd": null,
      "sga": 32869000,
      "fcf": -51010000,
      "ocf": -9856000,
      "capex": -41154000,
      "gross_margin": 0.5265003843619591,
      "op_margin": 0.12375768723918296,
      "fcf_margin": -0.350112563145179
    },
    {
      "date": "2021-03-31T00:00:00",
      "quarter_label": "2021-03 (Q1)",
      "revenue": 145684000,
      "gross_profit": 49013000,
      "operating_income": -22310000,
      "net_income": -37903000,
      "opex": 167994000,
      "cogs": 96671000,
      "rd": null,
      "sga": 45181000,
      "fcf": -192796000,
      "ocf": -111986000,
      "capex": -80810000,
      "gross_margin": 0.3364336509156805,
      "op_margin": -0.15313967216715632,
      "fcf_margin": -1.3233848603827463,
      "fcf_margin_change": -0.9732722972375673
    },
    {
      "date": "2021-06-30T00:00:00",
      "quarter_label": "2021-06 (Q2)",
      "revenue": 223839000,
      "gross_profit": 122409000,
      "operating_income": -12241000,
      "net_income": -6044000,
      "opex": 236080000,
      "cogs": 101430000,
      "rd": null,
      "sga": 44536000,
      "fcf": -153880000,
      "ocf": 634000,
      "capex": -154514000,
      "gross_margin": 0.5468618069237264,
      "op_margin": -0.0546866274420454,
      "fcf_margin": -0.6874583964367246,
      "op_leverage_ratio": 1.3236734582472771,
      "fcf_margin_change": 0.6359264639460217
    },
    {
      "date": "2021-09-30T00:00:00",
      "quarter_label": "2021-09 (Q3)",
      "revenue": 304656000,
      "gross_profit": 169224000,
      "operating_income": 53935000,
      "net_income": -9806000,
      "opex": 250721000,
      "cogs": 135432000,
      "rd": null,
      "sga": 46802000,
      "fcf": -223560000,
      "ocf": -28335000,
      "capex": -195225000,
      "gross_margin": 0.5554592720970537,
      "op_margin": 0.17703573866918754,
      "fcf_margin": -0.7338112494091696,
      "op_leverage_ratio": 5.8217750952792695,
      "fcf_margin_change": -0.04635285297244507
    },
    {
      "date": "2021-12-31T00:00:00",
      "quarter_label": "2021-12 (Q4)",
      "revenue": 648631000,
      "gross_profit": 366154000,
      "operating_income": 219491000,
      "net_income": 150857000,
      "opex": 429140000,
      "cogs": 282477000,
      "rd": null,
      "sga": 74927000,
      "fcf": -14342000,
      "ocf": 224457000,
      "capex": -238799000,
      "gross_margin": 0.5645027758463594,
      "op_margin": 0.3383911653929584,
      "fcf_margin": -0.022111184941823625,
      "incr_op_margin_yoy": 0.4005686619543281,
      "rev_growth_yoy": 3.45194789150011,
      "op_leverage_ratio": 1.5865974576209159,
      "fcf_margin_change": 0.711700064467346
    },
    {
      "date": "2022-03-31T00:00:00",
      "quarter_label": "2022-03 (Q1)",
      "revenue": 505118000,
      "gross_profit": 296820000,
      "operating_income": 166456000,
      "net_income": 238269000,
      "opex": 338662000,
      "cogs": 208298000,
      "rd": null,
      "sga": 48041000,
      "fcf": -74839000,
      "ocf": 114382000,
      "capex": -189221000,
      "gross_margin": 0.5876250697856739,
      "op_margin": 0.32953884042936504,
      "fcf_margin": -0.14816141970787025,
      "incr_op_margin_yoy": 0.5251756928949404,
      "rev_growth_yoy": 2.467216715631092,
      "rev_growth_yoy_accel": -0.984731175869018,
      "fcf_margin_change": -0.12605023476604663
    },
    {
      "date": "2022-06-30T00:00:00",
      "quarter_label": "2022-06 (Q2)",
      "revenue": 584855000,
      "gross_profit": 312454000,
      "operating_income": 133695000,
      "net_income": -169765000,
      "opex": 451160000,
      "cogs": 272401000,
      "rd": null,
      "sga": 50310000,
      "fcf": -195936000,
      "ocf": 56551000,
      "capex": -252487000,
      "gross_margin": 0.5342418206222055,
      "op_margin": 0.2285951218678134,
      "fcf_margin": -0.3350163715792803,
      "incr_op_margin_yoy": 0.4042369313271434,
      "rev_growth_yoy": 1.6128377985963125,
      "rev_growth_yoy_accel": -0.8543789170347793,
      "op_leverage_ratio": 0.47521343917832964,
      "fcf_margin_change": -0.18685495187141007
    },
    {
      "date": "2022-09-30T00:00:00",
      "quarter_label": "2022-09 (Q3)",
      "revenue": 731930000,
      "gross_profit": 338100000,
      "operating_income": 186735000,
      "net_income": 61848000,
      "opex": 545195000,
      "cogs": 393830000,
      "rd": null,
      "sga": 67601000,
      "fcf": -425286000,
      "ocf": -79828000,
      "capex": -345458000,
      "gross_margin": 0.46192941948000493,
      "op_margin": 0.25512685639337096,
      "fcf_margin": -0.5810473679176971,
      "incr_op_margin_yoy": 0.3108075848284707,
      "rev_growth_yoy": 1.4024801743605904,
      "rev_growth_yoy_accel": -0.21035762423572213,
      "op_leverage_ratio": 1.2065121757993444,
      "fcf_margin_change": -0.24603099633841674
    },
    {
      "date": "2022-12-31T00:00:00",
      "quarter_label": "2022-12 (Q4)",
      "revenue": 546369000,
      "gross_profit": 410470000,
      "operating_income": 250494000,
      "net_income": 64127000,
      "opex": 295875000,
      "cogs": 135899000,
      "rd": null,
      "sga": 70099000,
      "fcf": -122836000,
      "ocf": 264006000,
      "capex": -386842000,
      "gross_margin": 0.7512688311379306,
      "op_margin": 0.45847037441728944,
      "fcf_margin": -0.22482241854863655,
      "incr_op_margin_yoy": -0.30317224384424324,
      "rev_growth_yoy": -0.15765820628369598,
      "rev_growth_yoy_accel": -1.5601383806442863,
      "fcf_margin_change": 0.3562249493690605
    },
    {
      "date": "2023-03-31T00:00:00",
      "quarter_label": "2023-03 (Q1)",
      "revenue": 579131000,
      "gross_profit": 394193000,
      "operating_income": 267224000,
      "net_income": 150206000,
      "opex": 311907000,
      "cogs": 184938000,
      "rd": null,
      "sga": 52138000,
      "fcf": -363128000,
      "ocf": 200140000,
      "capex": -563268000,
      "gross_margin": 0.6806629242779267,
      "op_margin": 0.46142237248567247,
      "fcf_margin": -0.6270222108642086,
      "incr_op_margin_yoy": 1.3614905489576155,
      "rev_growth_yoy": 0.14652615824421225,
      "rev_growth_yoy_accel": 0.3041843645279082,
      "op_leverage_ratio": 1.106636326929938,
      "fcf_margin_change": -0.40219979231557207
    },
    {
      "date": "2023-06-30T00:00:00",
      "quarter_label": "2023-06 (Q2)",
      "revenue": 561345000,
      "gross_profit": 335577000,
      "operating_income": 190965000,
      "net_income": 119248000,
      "opex": 370380000,
      "cogs": 225768000,
      "rd": null,
      "sga": 55803000,
      "fcf": -598637000,
      "ocf": 303737000,
      "capex": -902374000,
      "gross_margin": 0.597808834139433,
      "op_margin": 0.340191860620474,
      "fcf_margin": -1.066433298595338,
      "incr_op_margin_yoy": -2.435984687367078,
      "rev_growth_yoy": -0.04019799779432509,
      "rev_growth_yoy_accel": -0.18672415603853734,
      "fcf_margin_change": -0.43941108773112936
    },
    {
      "date": "2023-09-30T00:00:00",
      "quarter_label": "2023-09 (Q3)",
      "revenue": 514462000,
      "gross_profit": 322542000,
      "operating_income": 149594000,
      "net_income": 61221000,
      "opex": 364868000,
      "cogs": 191920000,
      "rd": null,
      "sga": 49107000,
      "fcf": -692656000,
      "ocf": 33307000,
      "capex": -725963000,
      "gross_margin": 0.6269500954395076,
      "op_margin": 0.29077755013975765,
      "fcf_margin": -1.3463696055296601,
      "incr_op_margin_yoy": 0.1707883458715765,
      "rev_growth_yoy": -0.2971158444113508,
      "rev_growth_yoy_accel": -0.2569178466170257,
      "fcf_margin_change": -0.27993630693432214
    },
    {
      "date": "2023-12-31T00:00:00",
      "quarter_label": "2023-12 (Q4)",
      "revenue": 758358000,
      "gross_profit": 483533000,
      "operating_income": 334884000,
      "net_income": 217207000,
      "opex": 423474000,
      "cogs": 274825000,
      "rd": null,
      "sga": 48056000,
      "fcf": -550657000,
      "ocf": 287572000,
      "capex": -838229000,
      "gross_margin": 0.6376051943804905,
      "op_margin": 0.4415909108890524,
      "fcf_margin": -0.7261174801347121,
      "incr_op_margin_yoy": 0.3980866931774762,
      "rev_growth_yoy": 0.3879960246646497,
      "rev_growth_yoy_accel": 0.6851118690760005,
      "op_leverage_ratio": 2.9515155211260566,
      "fcf_margin_change": 0.620252125394948
    },
    {
      "date": "2024-03-31T00:00:00",
      "quarter_label": "2024-03 (Q1)",
      "revenue": 690321000,
      "gross_profit": 461204000,
      "operating_income": 184504000,
      "net_income": 54081000,
      "opex": 505817000,
      "cogs": 229117000,
      "rd": null,
      "sga": 70754000,
      "fcf": -613399000,
      "ocf": 70050000,
      "capex": -683449000,
      "gross_margin": 0.6681007820999216,
      "op_margin": 0.26727276151239787,
      "fcf_margin": -0.888570679437537,
      "incr_op_margin_yoy": -0.7439517942260995,
      "rev_growth_yoy": 0.19199455736266924,
      "rev_growth_yoy_accel": -0.19600146730198048,
      "fcf_margin_change": -0.16245319930282487
    },
    {
      "date": "2024-06-30T00:00:00",
      "quarter_label": "2024-06 (Q2)",
      "revenue": 428006000,
      "gross_profit": 206146000,
      "operating_income": 44328000,
      "net_income": -88854000,
      "opex": 383678000,
      "cogs": 221860000,
      "rd": null,
      "sga": 70578000,
      "fcf": -570018000,
      "ocf": 92918000,
      "capex": -662936000,
      "gross_margin": 0.48164278070868166,
      "op_margin": 0.10356864156109961,
      "fcf_margin": -1.331799086928688,
      "incr_op_margin_yoy": 1.0997307614426386,
      "rev_growth_yoy": -0.23753484933507915,
      "rev_growth_yoy_accel": -0.4295294066977484,
      "fcf_margin_change": -0.443228407491151
    },
    {
      "date": "2024-09-30T00:00:00",
      "quarter_label": "2024-09 (Q3)",
      "revenue": 567535000,
      "gross_profit": 242243000,
      "operating_income": 79537000,
      "net_income": 9299000,
      "opex": 487998000,
      "cogs": 325292000,
      "rd": null,
      "sga": 82388000,
      "fcf": -451661000,
      "ocf": -16768000,
      "capex": -434893000,
      "gross_margin": 0.4268335873558459,
      "op_margin": 0.14014466068172007,
      "fcf_margin": -0.795829332111676,
      "incr_op_margin_yoy": -1.3200120588623216,
      "rev_growth_yoy": 0.10316213831147879,
      "rev_growth_yoy_accel": 0.3406969876465579,
      "op_leverage_ratio": 1.1989855350040388,
      "fcf_margin_change": 0.535969754817012
    },
    {
      "date": "2024-12-31T00:00:00",
      "quarter_label": "2024-12 (Q4)",
      "revenue": 678998000,
      "gross_profit": 390600000,
      "operating_income": 230270000,
      "net_income": null,
      "opex": 448728000,
      "cogs": 288398000,
      "rd": null,
      "sga": 61800000,
      "fcf": -399414000,
      "ocf": 440542000,
      "capex": -839956000,
      "gross_margin": 0.575259426390063,
      "op_margin": 0.3391320740267276,
      "fcf_margin": -0.5882403188227359,
      "incr_op_margin_yoy": 1.3182207661290322,
      "rev_growth_yoy": -0.10464714554339771,
      "rev_growth_yoy_accel": -0.20780928385487651,
      "op_leverage_ratio": Infinity,
      "fcf_margin_change": 0.20758901328894008
    },
    {
      "date": "2025-03-31T00:00:00",
      "quarter_label": "2025-03 (Q1)",
      "revenue": 470536000,
      "gross_profit": 168159000,
      "operating_income": -18479000,
      "net_income": null,
      "opex": 489015000,
      "cogs": 302377000,
      "rd": null,
      "sga": 59271000,
      "fcf": -372175000,
      "ocf": -31705000,
      "capex": -340470000,
      "gross_margin": 0.3573775439073737,
      "op_margin": -0.0392722342179982,
      "fcf_margin": -0.7909596715235391,
      "incr_op_margin_yoy": 0.9235525627317606,
      "rev_growth_yoy": -0.31838086918984065,
      "rev_growth_yoy_accel": -0.21373372364644294,
      "fcf_margin_change": -0.2027193527008032
    },
    {
      "date": "2025-06-30T00:00:00",
      "quarter_label": "2025-06 (Q2)",
      "revenue": 301692000,
      "gross_profit": 92840000,
      "operating_income": -387328000,
      "net_income": null,
      "opex": 689020000,
      "cogs": 208852000,
      "rd": null,
      "sga": 57256000,
      "fcf": -664779000,
      "ocf": -352451000,
      "capex": -312328000,
      "gross_margin": 0.30773106346870316,
      "op_margin": -1.2838524057648197,
      "fcf_margin": -2.2035022473250865,
      "incr_op_margin_yoy": 3.4173250787719494,
      "rev_growth_yoy": -0.2951220309995654,
      "rev_growth_yoy_accel": 0.023258838190275244,
      "fcf_margin_change": -1.4125425758015475
    },
    {
      "date": "2025-09-30T00:00:00",
      "quarter_label": "2025-09 (Q3)",
      "revenue": 327367000,
      "gross_profit": 130459000,
      "operating_income": -103589000,
      "net_income": null,
      "opex": 430956000,
      "cogs": 196908000,
      "rd": null,
      "sga": 86050000,
      "fcf": -296690000,
      "ocf": -191031000,
      "capex": -105659000,
      "gross_margin": 0.3985099292231654,
      "op_margin": -0.31643079479605457,
      "fcf_margin": -0.9062917154141987,
      "incr_op_margin_yoy": 0.7624912561207154,
      "rev_growth_yoy": -0.42317742518082585,
      "rev_growth_yoy_accel": -0.12805539418126044,
      "op_leverage_ratio": Infinity,
      "fcf_margin_change": 1.2972105319108878
    }
  ],
  "signals": [
    {
      "quarter": "2025-09 (Q3)",
      "signal": "FCF MARGIN EXPANSION",
      "detail": "FCF margin: -220.4% -> -90.6% (+129.7%)",
      "severity": "MEDIUM"
    },
    {
      "quarter": "2025-09 (Q3)",
      "signal": "GROSS MARGIN INFLECTION",
      "detail": "GM: +35.7% -> +30.8% -> +39.9% (reversal +9.1%)",
      "severity": "HIGH"
    },
    {
      "quarter": "2025-09 (Q3)",
      "signal": "YoY REVENUE GROWTH DECELERATION",
      "detail": "YoY growth: -42.3% vs prior quarter YoY: -29.5% (decel: -12.8%)",
      "severity": "WARNING"
    },
    {
      "quarter": "2025-03 (Q1)",
      "signal": "YoY REVENUE GROWTH DECELERATION",
      "detail": "YoY growth: -31.8% vs prior quarter YoY: -10.5% (decel: -21.4%)",
      "severity": "WARNING"
    },
    {
      "quarter": "2024-12 (Q4)",
      "signal": "FCF MARGIN EXPANSION",
      "detail": "FCF margin: -79.6% -> -58.8% (+20.8%)",
      "severity": "MEDIUM"
    },
    {
      "quarter": "2024-12 (Q4)",
      "signal": "GROSS MARGIN INFLECTION",
      "detail": "GM: +48.2% -> +42.7% -> +57.5% (reversal +14.8%)",
      "severity": "HIGH"
    },
    {
      "quarter": "2024-12 (Q4)",
      "signal": "YoY REVENUE GROWTH DECELERATION",
      "detail": "YoY growth: -10.5% vs prior quarter YoY: +10.3% (decel: -20.8%)",
      "severity": "WARNING"
    },
    {
      "quarter": "2024-12 (Q4)",
      "signal": "INCREMENTAL MARGIN (YoY)",
      "detail": "YoY Incr OPM: +131.8% vs year-ago OPM: +44.2%",
      "severity": "HIGH"
    },
    {
      "quarter": "2024-09 (Q3)",
      "signal": "FCF MARGIN EXPANSION",
      "detail": "FCF margin: -133.2% -> -79.6% (+53.6%)",
      "severity": "MEDIUM"
    },
    {
      "quarter": "2024-09 (Q3)",
      "signal": "YoY REVENUE GROWTH ACCELERATION",
      "detail": "YoY growth: +10.3% vs prior quarter YoY: -23.8% (accel: +34.1%)",
      "severity": "HIGH"
    },
    {
      "quarter": "2024-06 (Q2)",
      "signal": "YoY REVENUE GROWTH DECELERATION",
      "detail": "YoY growth: -23.8% vs prior quarter YoY: +19.2% (decel: -43.0%)",
      "severity": "WARNING"
    },
    {
      "quarter": "2024-06 (Q2)",
      "signal": "INCREMENTAL MARGIN (YoY)",
      "detail": "YoY Incr OPM: +110.0% vs year-ago OPM: +34.0%",
      "severity": "HIGH"
    },
    {
      "quarter": "2024-03 (Q1)",
      "signal": "YoY REVENUE GROWTH DECELERATION",
      "detail": "YoY growth: +19.2% vs prior quarter YoY: +38.8% (decel: -19.6%)",
      "severity": "WARNING"
    },
    {
      "quarter": "2023-12 (Q4)",
      "signal": "FCF MARGIN EXPANSION",
      "detail": "FCF margin: -134.6% -> -72.6% (+62.0%)",
      "severity": "MEDIUM"
    },
    {
      "quarter": "2023-12 (Q4)",
      "signal": "OPERATING LEVERAGE",
      "detail": "Rev growth +47.4% vs OpEx growth +16.1% (leverage: 3.0x)",
      "severity": "MEDIUM"
    },
    {
      "quarter": "2023-12 (Q4)",
      "signal": "YoY REVENUE GROWTH ACCELERATION",
      "detail": "YoY growth: +38.8% vs prior quarter YoY: -29.7% (accel: +68.5%)",
      "severity": "HIGH"
    },
    {
      "quarter": "2023-09 (Q3)",
      "signal": "GROSS MARGIN INFLECTION",
      "detail": "GM: +68.1% -> +59.8% -> +62.7% (reversal +2.9%)",
      "severity": "MEDIUM"
    },
    {
      "quarter": "2023-09 (Q3)",
      "signal": "YoY REVENUE GROWTH DECELERATION",
      "detail": "YoY growth: -29.7% vs prior quarter YoY: -4.0% (decel: -25.7%)",
      "severity": "WARNING"
    },
    {
      "quarter": "2023-06 (Q2)",
      "signal": "YoY REVENUE GROWTH DECELERATION",
      "detail": "YoY growth: -4.0% vs prior quarter YoY: +14.7% (decel: -18.7%)",
      "severity": "WARNING"
    },
    {
      "quarter": "2023-03 (Q1)",
      "signal": "YoY REVENUE GROWTH ACCELERATION",
      "detail": "YoY growth: +14.7% vs prior quarter YoY: -15.8% (accel: +30.4%)",
      "severity": "HIGH"
    },
    {
      "quarter": "2023-03 (Q1)",
      "signal": "INCREMENTAL MARGIN (YoY)",
      "detail": "YoY Incr OPM: +136.1% vs year-ago OPM: +33.0%",
      "severity": "HIGH"
    },
    {
      "quarter": "2022-12 (Q4)",
      "signal": "FCF MARGIN EXPANSION",
      "detail": "FCF margin: -58.1% -> -22.5% (+35.6%)",
      "severity": "MEDIUM"
    },
    {
      "quarter": "2022-12 (Q4)",
      "signal": "GROSS MARGIN INFLECTION",
      "detail": "GM: +53.4% -> +46.2% -> +75.1% (reversal +28.9%)",
      "severity": "HIGH"
    },
    {
      "quarter": "2022-12 (Q4)",
      "signal": "YoY REVENUE GROWTH DECELERATION",
      "detail": "YoY growth: -15.8% vs prior quarter YoY: +140.2% (decel: -156.0%)",
      "severity": "WARNING"
    },
    {
      "quarter": "2022-09 (Q3)",
      "signal": "YoY REVENUE GROWTH DECELERATION",
      "detail": "YoY growth: +140.2% vs prior quarter YoY: +161.3% (decel: -21.0%)",
      "severity": "WARNING"
    },
    {
      "quarter": "2022-09 (Q3)",
      "signal": "INCREMENTAL MARGIN (YoY)",
      "detail": "YoY Incr OPM: +31.1% vs year-ago OPM: +17.7%",
      "severity": "MEDIUM"
    },
    {
      "quarter": "2022-06 (Q2)",
      "signal": "YoY REVENUE GROWTH DECELERATION",
      "detail": "YoY growth: +161.3% vs prior quarter YoY: +246.7% (decel: -85.4%)",
      "severity": "WARNING"
    },
    {
      "quarter": "2022-06 (Q2)",
      "signal": "OP MARGIN TURNED POSITIVE (YoY)",
      "detail": "Op margin: -5.5% (year-ago) -> +22.9%",
      "severity": "HIGH"
    },
    {
      "quarter": "2022-03 (Q1)",
      "signal": "YoY REVENUE GROWTH DECELERATION",
      "detail": "YoY growth: +246.7% vs prior quarter YoY: +345.2% (decel: -98.5%)",
      "severity": "WARNING"
    },
    {
      "quarter": "2022-03 (Q1)",
      "signal": "OP MARGIN TURNED POSITIVE (YoY)",
      "detail": "Op margin: -15.3% (year-ago) -> +33.0%",
      "severity": "HIGH"
    },
    {
      "quarter": "2021-12 (Q4)",
      "signal": "FCF MARGIN EXPANSION",
      "detail": "FCF margin: -73.4% -> -2.2% (+71.2%)",
      "severity": "MEDIUM"
    },
    {
      "quarter": "2021-12 (Q4)",
      "signal": "OPERATING LEVERAGE",
      "detail": "Rev growth +112.9% vs OpEx growth +71.2% (leverage: 1.6x)",
      "severity": "MEDIUM"
    },
    {
      "quarter": "2021-12 (Q4)",
      "signal": "INCREMENTAL MARGIN (YoY)",
      "detail": "YoY Incr OPM: +40.1% vs year-ago OPM: +12.4%",
      "severity": "HIGH"
    },
    {
      "quarter": "2021-09 (Q3)",
      "signal": "OPERATING LEVERAGE",
      "detail": "Rev growth +36.1% vs OpEx growth +6.2% (leverage: 5.8x)",
      "severity": "MEDIUM"
    },
    {
      "quarter": "2021-09 (Q3)",
      "signal": "OP MARGIN TURNED POSITIVE (QoQ)",
      "detail": "Op margin: -5.5% -> +17.7%",
      "severity": "HIGH"
    },
    {
      "quarter": "2021-06 (Q2)",
      "signal": "FCF MARGIN EXPANSION",
      "detail": "FCF margin: -132.3% -> -68.7% (+63.6%)",
      "severity": "MEDIUM"
    },
    {
      "quarter": "2021-06 (Q2)",
      "signal": "GROSS MARGIN INFLECTION",
      "detail": "GM: +52.7% -> +33.6% -> +54.7% (reversal +21.0%)",
      "severity": "HIGH"
    }
  ],
  "data_quality": {
    "n_quarters": 20,
    "coverage": {
      "revenue": [
        20,
        20
      ],
      "gross_profit": [
        20,
        20
      ],
      "op_income": [
        20,
        20
      ],
      "fcf": [
        20,
        20
      ]
    },
    "gaps": [],
    "warnings": []
  },
  "market_cap": null,
  "source": "SEC EDGAR",
  "last_updated": "2026-02-02T22:34:43.400042"
}