{
  "ticker": "NFG",
  "name": "NATIONAL FUEL GAS COMPANY",
  "quarters": [
    {
      "date": "2021-03-31T00:00:00",
      "quarter_label": "2021-03 (Q1)",
      "revenue": 551115000,
      "gross_profit": 444454000,
      "operating_income": 214039000,
      "net_income": 112436000,
      "opex": 337076000,
      "cogs": 106661000,
      "rd": null,
      "sga": null,
      "fcf": 56824000,
      "ocf": 212390000,
      "capex": -155566000,
      "gross_margin": 0.8064632608439255,
      "op_margin": 0.3883744771962295,
      "fcf_margin": 0.10310733694419495
    },
    {
      "date": "2021-06-30T00:00:00",
      "quarter_label": "2021-06 (Q2)",
      "revenue": 394397000,
      "gross_profit": 375660000,
      "operating_income": 150070000,
      "net_income": 86475000,
      "opex": 244327000,
      "cogs": 18737000,
      "rd": null,
      "sga": null,
      "fcf": 80769000,
      "ocf": 254677000,
      "capex": -173908000,
      "gross_margin": 0.952492032140204,
      "op_margin": 0.3805049227047873,
      "fcf_margin": 0.2047911114942558,
      "fcf_margin_change": 0.10168377455006085
    },
    {
      "date": "2021-09-30T00:00:00",
      "quarter_label": "2021-09 (Q3)",
      "revenue": 355988000,
      "gross_profit": 361179000,
      "operating_income": 132273000,
      "net_income": 86962000,
      "opex": 223715000,
      "cogs": -5191000,
      "rd": null,
      "sga": null,
      "fcf": -119216000,
      "ocf": 119743000,
      "capex": -238959000,
      "gross_margin": 1.014581952200636,
      "op_margin": 0.37156589547962293,
      "fcf_margin": -0.334887692843579,
      "fcf_margin_change": -0.5396788043378348
    },
    {
      "date": "2021-12-31T00:00:00",
      "quarter_label": "2021-12 (Q4)",
      "revenue": 546557000,
      "gross_profit": 444929000,
      "operating_income": 209659000,
      "net_income": 132392000,
      "opex": 336898000,
      "cogs": 101628000,
      "rd": null,
      "sga": null,
      "fcf": -42008000,
      "ocf": 171483000,
      "capex": -213491000,
      "gross_margin": 0.8140578201358687,
      "op_margin": 0.3835995147807091,
      "fcf_margin": -0.07685932116869787,
      "op_leverage_ratio": 1.0581099534766152,
      "fcf_margin_change": 0.25802837167488113
    },
    {
      "date": "2022-03-31T00:00:00",
      "quarter_label": "2022-03 (Q1)",
      "revenue": 701720000,
      "gross_profit": 502128000,
      "operating_income": 246366000,
      "net_income": 167328000,
      "opex": 455354000,
      "cogs": 199592000,
      "rd": null,
      "sga": null,
      "fcf": 52212000,
      "ocf": 254136000,
      "capex": -201924000,
      "gross_margin": 0.7155674628056775,
      "op_margin": 0.3510887533489141,
      "fcf_margin": 0.07440574588154819,
      "incr_op_margin_yoy": 0.21464758806148534,
      "rev_growth_yoy": 0.2732732732732733,
      "op_leverage_ratio": 0.8074099115965493,
      "fcf_margin_change": 0.15126506705024606
    },
    {
      "date": "2022-06-30T00:00:00",
      "quarter_label": "2022-06 (Q2)",
      "revenue": 502624000,
      "gross_profit": 434676000,
      "operating_income": 180697000,
      "net_income": 108158000,
      "opex": 334663000,
      "cogs": 67948000,
      "rd": null,
      "sga": null,
      "fcf": 51325000,
      "ocf": 228397000,
      "capex": -177072000,
      "gross_margin": 0.8648134589673394,
      "op_margin": 0.35950730565989686,
      "fcf_margin": 0.10211410517603617,
      "incr_op_margin_yoy": 0.28298853336043683,
      "rev_growth_yoy": 0.27441131651609924,
      "rev_growth_yoy_accel": 0.001138043242825959,
      "fcf_margin_change": 0.027708359294487978
    },
    {
      "date": "2022-09-30T00:00:00",
      "quarter_label": "2022-09 (Q3)",
      "revenue": 435146000,
      "gross_profit": 412221000,
      "operating_income": 177795000,
      "net_income": 158142000,
      "opex": 257351000,
      "cogs": 22925000,
      "rd": null,
      "sga": null,
      "fcf": -60834000,
      "ocf": 158505000,
      "capex": -219339000,
      "gross_margin": 0.9473165328418508,
      "op_margin": 0.4085870029829069,
      "fcf_margin": -0.13980135402830315,
      "incr_op_margin_yoy": 0.5750776927158342,
      "rev_growth_yoy": 0.22236142791330044,
      "rev_growth_yoy_accel": -0.0520498886027988,
      "fcf_margin_change": -0.24191545920433932
    },
    {
      "date": "2022-12-31T00:00:00",
      "quarter_label": "2022-12 (Q4)",
      "revenue": 658859000,
      "gross_profit": 487662000,
      "operating_income": 254370000,
      "net_income": 169689000,
      "opex": 404489000,
      "cogs": 171197000,
      "rd": null,
      "sga": null,
      "fcf": 93866000,
      "ocf": 327339000,
      "capex": -233473000,
      "gross_margin": 0.7401614002388979,
      "op_margin": 0.3860765353436775,
      "fcf_margin": 0.1424675082225484,
      "incr_op_margin_yoy": 0.39813182311980194,
      "rev_growth_yoy": 0.20547170743399132,
      "rev_growth_yoy_accel": -0.016889720479309117,
      "op_leverage_ratio": 0.8992019451242027,
      "fcf_margin_change": 0.28226886225085157
    },
    {
      "date": "2023-03-31T00:00:00",
      "quarter_label": "2023-03 (Q1)",
      "revenue": 717261000,
      "gross_profit": 473422000,
      "operating_income": 221377000,
      "net_income": 140880000,
      "opex": 495884000,
      "cogs": 243839000,
      "rd": null,
      "sga": null,
      "fcf": 120981000,
      "ocf": 383870000,
      "capex": -262889000,
      "gross_margin": 0.6600414632888167,
      "op_margin": 0.30864218185569825,
      "fcf_margin": 0.16867081857231886,
      "incr_op_margin_yoy": -1.6079402869828197,
      "rev_growth_yoy": 0.022147010203499972,
      "rev_growth_yoy_accel": -0.18332469723049136,
      "op_leverage_ratio": 0.39230109068175006,
      "fcf_margin_change": 0.02620331034977047
    },
    {
      "date": "2023-06-30T00:00:00",
      "quarter_label": "2023-06 (Q2)",
      "revenue": 428704000,
      "gross_profit": 393279000,
      "operating_income": 154096000,
      "net_income": 92620000,
      "opex": 274608000,
      "cogs": 35425000,
      "rd": null,
      "sga": null,
      "fcf": 112527000,
      "ocf": 343903000,
      "capex": -231376000,
      "gross_margin": 0.9173672277375532,
      "op_margin": 0.35944614465925206,
      "fcf_margin": 0.2624818056281257,
      "incr_op_margin_yoy": 0.359862012987013,
      "rev_growth_yoy": -0.14706818615903738,
      "rev_growth_yoy_accel": -0.16921519636253735,
      "fcf_margin_change": 0.09381098705580682
    },
    {
      "date": "2023-09-30T00:00:00",
      "quarter_label": "2023-09 (Q3)",
      "revenue": 368947000,
      "gross_profit": 381813000,
      "operating_income": 125303000,
      "net_income": 73677000,
      "opex": 243644000,
      "cogs": -12866000,
      "rd": null,
      "sga": null,
      "fcf": -100167000,
      "ocf": 181963000,
      "capex": -282130000,
      "gross_margin": 1.0348722174187621,
      "op_margin": 0.33962330632855126,
      "fcf_margin": -0.2714942796661851,
      "incr_op_margin_yoy": 0.7929424915784227,
      "rev_growth_yoy": -0.152130549286906,
      "rev_growth_yoy_accel": -0.005062363127868619,
      "fcf_margin_change": -0.5339760852943107
    },
    {
      "date": "2023-12-31T00:00:00",
      "quarter_label": "2023-12 (Q4)",
      "revenue": 525361000,
      "gross_profit": 468809000,
      "operating_income": 207110000,
      "net_income": 133020000,
      "opex": 318251000,
      "cogs": 56552000,
      "rd": null,
      "sga": null,
      "fcf": 24006000,
      "ocf": 270944000,
      "capex": -246938000,
      "gross_margin": 0.892355922879696,
      "op_margin": 0.3942241620523792,
      "fcf_margin": 0.04569429401877947,
      "incr_op_margin_yoy": 0.35401279419916404,
      "rev_growth_yoy": -0.20261998394193598,
      "rev_growth_yoy_accel": -0.050489434655029974,
      "op_leverage_ratio": 1.3844834957031644,
      "fcf_margin_change": 0.31718857368496456
    },
    {
      "date": "2024-03-31T00:00:00",
      "quarter_label": "2024-03 (Q1)",
      "revenue": 629939000,
      "gross_profit": 523999000,
      "operating_income": 250623000,
      "net_income": 166272000,
      "opex": 379316000,
      "cogs": 105940000,
      "rd": null,
      "sga": null,
      "fcf": 80297000,
      "ocf": 315317000,
      "capex": -235020000,
      "gross_margin": 0.8318249862288253,
      "op_margin": 0.39785280797029554,
      "fcf_margin": 0.12746789768533143,
      "incr_op_margin_yoy": -0.3349213256682165,
      "rev_growth_yoy": -0.12174368883851207,
      "rev_growth_yoy_accel": 0.08087629510342391,
      "op_leverage_ratio": 1.037432663242222,
      "fcf_margin_change": 0.08177360366655195
    },
    {
      "date": "2024-06-30T00:00:00",
      "quarter_label": "2024-06 (Q2)",
      "revenue": 417442000,
      "gross_profit": 412490000,
      "operating_income": -51440000,
      "net_income": -54158000,
      "opex": 468882000,
      "cogs": 4952000,
      "rd": null,
      "sga": null,
      "fcf": 79512000,
      "ocf": 281754000,
      "capex": -202242000,
      "gross_margin": 0.9881372741602427,
      "op_margin": -0.12322669975709201,
      "fcf_margin": 0.1904743653010478,
      "incr_op_margin_yoy": 18.25039957378796,
      "rev_growth_yoy": -0.026269873852355005,
      "rev_growth_yoy_accel": 0.09547381498615706,
      "fcf_margin_change": 0.06300646761571638
    },
    {
      "date": "2024-09-30T00:00:00",
      "quarter_label": "2024-09 (Q3)",
      "revenue": 372068000,
      "gross_profit": 389450000,
      "operating_income": -196570000,
      "net_income": -167621000,
      "opex": 568638000,
      "cogs": -17382000,
      "rd": null,
      "sga": null,
      "fcf": -49090000,
      "ocf": 197946000,
      "capex": -247036000,
      "gross_margin": 1.046717266736188,
      "op_margin": -0.5283174043454423,
      "fcf_margin": -0.13193824784716773,
      "incr_op_margin_yoy": -103.13136815123357,
      "rev_growth_yoy": 0.00845920958836906,
      "rev_growth_yoy_accel": 0.03472908344072406,
      "fcf_margin_change": -0.32241261314821557
    },
    {
      "date": "2024-12-31T00:00:00",
      "quarter_label": "2024-12 (Q4)",
      "revenue": 549482000,
      "gross_profit": 484145000,
      "operating_income": 86191000,
      "net_income": 44986000,
      "opex": 463291000,
      "cogs": 65337000,
      "rd": null,
      "sga": null,
      "fcf": -20339000,
      "ocf": 220088000,
      "capex": -240427000,
      "gross_margin": 0.8810934662099942,
      "op_margin": 0.1568586414113656,
      "fcf_margin": -0.03701486126934094,
      "incr_op_margin_yoy": -5.013017702416981,
      "rev_growth_yoy": 0.04591319112001081,
      "rev_growth_yoy_accel": 0.037453981531641756,
      "op_leverage_ratio": Infinity,
      "fcf_margin_change": 0.09492338657782678
    },
    {
      "date": "2025-03-31T00:00:00",
      "quarter_label": "2025-03 (Q1)",
      "revenue": 729950000,
      "gross_profit": 594612000,
      "operating_income": 317252000,
      "net_income": 216358000,
      "opex": 412698000,
      "cogs": 135338000,
      "rd": null,
      "sga": null,
      "fcf": 59949000,
      "ocf": 253782000,
      "capex": -193833000,
      "gross_margin": 0.8145927803274197,
      "op_margin": 0.43462154942119324,
      "fcf_margin": 0.08212754298239605,
      "incr_op_margin_yoy": 0.6662167161612222,
      "rev_growth_yoy": 0.15876299133725646,
      "rev_growth_yoy_accel": 0.11284980021724565,
      "op_leverage_ratio": Infinity,
      "fcf_margin_change": 0.119142404251737
    },
    {
      "date": "2025-06-30T00:00:00",
      "quarter_label": "2025-06 (Q2)",
      "revenue": 531830000,
      "gross_profit": 503844000,
      "operating_income": 230252000,
      "net_income": 149818000,
      "opex": 301578000,
      "cogs": 27986000,
      "rd": null,
      "sga": null,
      "fcf": 195350000,
      "ocf": 388406000,
      "capex": -193056000,
      "gross_margin": 0.947377921516274,
      "op_margin": 0.4329428576800857,
      "fcf_margin": 0.36731662373314783,
      "incr_op_margin_yoy": 2.4626009721299438,
      "rev_growth_yoy": 0.27402130116279627,
      "rev_growth_yoy_accel": 0.1152583098255398,
      "fcf_margin_change": 0.2851890807507518
    },
    {
      "date": "2025-09-30T00:00:00",
      "quarter_label": "2025-09 (Q3)",
      "revenue": 466279000,
      "gross_profit": 481499000,
      "operating_income": 179765000,
      "net_income": 107342000,
      "opex": 286514000,
      "cogs": -15220000,
      "rd": null,
      "sga": null,
      "fcf": -47754000,
      "ocf": 237751000,
      "capex": -285505000,
      "gross_margin": 1.0326414013927283,
      "op_margin": 0.3855309803787003,
      "fcf_margin": -0.10241507766809142,
      "incr_op_margin_yoy": 3.9945972338686566,
      "rev_growth_yoy": 0.25320909081135706,
      "rev_growth_yoy_accel": -0.02081221035143921,
      "fcf_margin_change": -0.46973170140123927
    },
    {
      "date": "2025-12-31T00:00:00",
      "quarter_label": "2025-12 (Q4)",
      "revenue": 651507000,
      "gross_profit": 565901000,
      "operating_income": 276123000,
      "net_income": 181645000,
      "opex": 375384000,
      "cogs": 85606000,
      "rd": null,
      "sga": null,
      "fcf": -2710000,
      "ocf": 274921000,
      "capex": -277631000,
      "gross_margin": 0.868603100196928,
      "op_margin": 0.4238220003775861,
      "fcf_margin": -0.004159586926924807,
      "incr_op_margin_yoy": 1.861622151433472,
      "rev_growth_yoy": 0.18567487197032842,
      "rev_growth_yoy_accel": -0.06753421884102864,
      "op_leverage_ratio": 1.2807119114033318,
      "fcf_margin_change": 0.09825549074116662
    }
  ],
  "signals": [
    {
      "quarter": "2025-12 (Q4)",
      "signal": "FCF MARGIN EXPANSION",
      "detail": "FCF margin: -10.2% -> -0.4% (+9.8%)",
      "severity": "MEDIUM"
    },
    {
      "quarter": "2025-12 (Q4)",
      "signal": "YoY REVENUE GROWTH DECELERATION",
      "detail": "YoY growth: +18.6% vs prior quarter YoY: +25.3% (decel: -6.8%)",
      "severity": "WARNING"
    },
    {
      "quarter": "2025-12 (Q4)",
      "signal": "INCREMENTAL MARGIN (YoY)",
      "detail": "YoY Incr OPM: +186.2% vs year-ago OPM: +15.7%",
      "severity": "HIGH"
    },
    {
      "quarter": "2025-09 (Q3)",
      "signal": "OP MARGIN TURNED POSITIVE (YoY)",
      "detail": "Op margin: -52.8% (year-ago) -> +38.6%",
      "severity": "HIGH"
    },
    {
      "quarter": "2025-06 (Q2)",
      "signal": "FCF MARGIN EXPANSION",
      "detail": "FCF margin: +8.2% -> +36.7% (+28.5%)",
      "severity": "MEDIUM"
    },
    {
      "quarter": "2025-06 (Q2)",
      "signal": "GROSS MARGIN INFLECTION",
      "detail": "GM: +88.1% -> +81.5% -> +94.7% (reversal +13.3%)",
      "severity": "HIGH"
    },
    {
      "quarter": "2025-06 (Q2)",
      "signal": "YoY REVENUE GROWTH ACCELERATION",
      "detail": "YoY growth: +27.4% vs prior quarter YoY: +15.9% (accel: +11.5%)",
      "severity": "MEDIUM"
    },
    {
      "quarter": "2025-06 (Q2)",
      "signal": "OP MARGIN TURNED POSITIVE (YoY)",
      "detail": "Op margin: -12.3% (year-ago) -> +43.3%",
      "severity": "HIGH"
    },
    {
      "quarter": "2025-03 (Q1)",
      "signal": "FCF TURNED POSITIVE",
      "detail": "FCF margin: -3.7% -> +8.2%",
      "severity": "HIGH"
    },
    {
      "quarter": "2025-03 (Q1)",
      "signal": "YoY REVENUE GROWTH ACCELERATION",
      "detail": "YoY growth: +15.9% vs prior quarter YoY: +4.6% (accel: +11.3%)",
      "severity": "MEDIUM"
    },
    {
      "quarter": "2025-03 (Q1)",
      "signal": "INCREMENTAL MARGIN (YoY)",
      "detail": "YoY Incr OPM: +66.6% vs year-ago OPM: +39.8%",
      "severity": "HIGH"
    },
    {
      "quarter": "2024-12 (Q4)",
      "signal": "FCF MARGIN EXPANSION",
      "detail": "FCF margin: -13.2% -> -3.7% (+9.5%)",
      "severity": "MEDIUM"
    },
    {
      "quarter": "2024-12 (Q4)",
      "signal": "OP MARGIN TURNED POSITIVE (QoQ)",
      "detail": "Op margin: -52.8% -> +15.7%",
      "severity": "HIGH"
    },
    {
      "quarter": "2024-06 (Q2)",
      "signal": "FCF MARGIN EXPANSION",
      "detail": "FCF margin: +12.7% -> +19.0% (+6.3%)",
      "severity": "MEDIUM"
    },
    {
      "quarter": "2024-06 (Q2)",
      "signal": "GROSS MARGIN INFLECTION",
      "detail": "GM: +89.2% -> +83.2% -> +98.8% (reversal +15.6%)",
      "severity": "HIGH"
    },
    {
      "quarter": "2024-06 (Q2)",
      "signal": "YoY REVENUE GROWTH ACCELERATION",
      "detail": "YoY growth: -2.6% vs prior quarter YoY: -12.2% (accel: +9.5%)",
      "severity": "MEDIUM"
    },
    {
      "quarter": "2024-03 (Q1)",
      "signal": "FCF MARGIN EXPANSION",
      "detail": "FCF margin: +4.6% -> +12.7% (+8.2%)",
      "severity": "MEDIUM"
    },
    {
      "quarter": "2024-03 (Q1)",
      "signal": "YoY REVENUE GROWTH ACCELERATION",
      "detail": "YoY growth: -12.2% vs prior quarter YoY: -20.3% (accel: +8.1%)",
      "severity": "MEDIUM"
    },
    {
      "quarter": "2023-12 (Q4)",
      "signal": "FCF TURNED POSITIVE",
      "detail": "FCF margin: -27.1% -> +4.6%",
      "severity": "HIGH"
    },
    {
      "quarter": "2023-12 (Q4)",
      "signal": "YoY REVENUE GROWTH DECELERATION",
      "detail": "YoY growth: -20.3% vs prior quarter YoY: -15.2% (decel: -5.0%)",
      "severity": "WARNING"
    },
    {
      "quarter": "2023-09 (Q3)",
      "signal": "INCREMENTAL MARGIN (YoY)",
      "detail": "YoY Incr OPM: +79.3% vs year-ago OPM: +40.9%",
      "severity": "HIGH"
    },
    {
      "quarter": "2023-06 (Q2)",
      "signal": "FCF MARGIN EXPANSION",
      "detail": "FCF margin: +16.9% -> +26.2% (+9.4%)",
      "severity": "MEDIUM"
    },
    {
      "quarter": "2023-06 (Q2)",
      "signal": "GROSS MARGIN INFLECTION",
      "detail": "GM: +74.0% -> +66.0% -> +91.7% (reversal +25.7%)",
      "severity": "HIGH"
    },
    {
      "quarter": "2023-06 (Q2)",
      "signal": "YoY REVENUE GROWTH DECELERATION",
      "detail": "YoY growth: -14.7% vs prior quarter YoY: +2.2% (decel: -16.9%)",
      "severity": "WARNING"
    },
    {
      "quarter": "2023-03 (Q1)",
      "signal": "YoY REVENUE GROWTH DECELERATION",
      "detail": "YoY growth: +2.2% vs prior quarter YoY: +20.5% (decel: -18.3%)",
      "severity": "WARNING"
    },
    {
      "quarter": "2022-12 (Q4)",
      "signal": "FCF TURNED POSITIVE",
      "detail": "FCF margin: -14.0% -> +14.2%",
      "severity": "HIGH"
    },
    {
      "quarter": "2022-09 (Q3)",
      "signal": "YoY REVENUE GROWTH DECELERATION",
      "detail": "YoY growth: +22.2% vs prior quarter YoY: +27.4% (decel: -5.2%)",
      "severity": "WARNING"
    },
    {
      "quarter": "2022-09 (Q3)",
      "signal": "INCREMENTAL MARGIN (YoY)",
      "detail": "YoY Incr OPM: +57.5% vs year-ago OPM: +37.2%",
      "severity": "HIGH"
    },
    {
      "quarter": "2022-06 (Q2)",
      "signal": "GROSS MARGIN INFLECTION",
      "detail": "GM: +81.4% -> +71.6% -> +86.5% (reversal +14.9%)",
      "severity": "HIGH"
    },
    {
      "quarter": "2022-03 (Q1)",
      "signal": "FCF TURNED POSITIVE",
      "detail": "FCF margin: -7.7% -> +7.4%",
      "severity": "HIGH"
    },
    {
      "quarter": "2021-12 (Q4)",
      "signal": "FCF MARGIN EXPANSION",
      "detail": "FCF margin: -33.5% -> -7.7% (+25.8%)",
      "severity": "MEDIUM"
    },
    {
      "quarter": "2021-06 (Q2)",
      "signal": "FCF MARGIN EXPANSION",
      "detail": "FCF margin: +10.3% -> +20.5% (+10.2%)",
      "severity": "MEDIUM"
    }
  ],
  "data_quality": {
    "n_quarters": 20,
    "coverage": {
      "revenue": [
        20,
        20
      ],
      "gross_profit": [
        20,
        20
      ],
      "op_income": [
        20,
        20
      ],
      "fcf": [
        20,
        20
      ]
    },
    "gaps": [],
    "warnings": []
  },
  "market_cap": null,
  "source": "SEC EDGAR",
  "last_updated": "2026-02-02T20:46:09.693315",
  "sector": "Energy",
  "industry": "Oil & Gas Integrated"
}