{
  "ticker": "NFLX",
  "name": "Netflix, Inc.",
  "quarters": [
    {
      "date": "2021-03-31T00:00:00",
      "quarter_label": "2021-03 (Q1)",
      "revenue": 7163282000,
      "gross_profit": 3294771000,
      "operating_income": 1959856000,
      "net_income": 1706715000,
      "opex": 1334915000,
      "cogs": 3868511000,
      "rd": 525207000,
      "sga": null,
      "fcf": 696265000,
      "ocf": 777266000,
      "capex": -81001000,
      "gross_margin": 0.4599527144121926,
      "op_margin": 0.2735974934394597,
      "fcf_margin": 0.09719916094326594
    },
    {
      "date": "2021-06-30T00:00:00",
      "quarter_label": "2021-06 (Q2)",
      "revenue": 7341777000,
      "gross_profit": 3323769000,
      "operating_income": 1847630000,
      "net_income": 1353013000,
      "opex": 1476139000,
      "cogs": 4018008000,
      "rd": 537321000,
      "sga": null,
      "fcf": -174039000,
      "ocf": -63761000,
      "capex": -110278000,
      "gross_margin": 0.45271996139354276,
      "op_margin": 0.25165978209362666,
      "fcf_margin": -0.023705296415295642,
      "op_leverage_ratio": 0.23553698498504472,
      "fcf_margin_change": -0.12090445735856159
    },
    {
      "date": "2021-09-30T00:00:00",
      "quarter_label": "2021-09 (Q3)",
      "revenue": 7483467000,
      "gross_profit": 3276878000,
      "operating_income": 1755253000,
      "net_income": 1449071000,
      "opex": 1521625000,
      "cogs": 4206589000,
      "rd": 563887000,
      "sga": null,
      "fcf": -84948000,
      "ocf": 82379000,
      "capex": -167327000,
      "gross_margin": 0.43788233448480496,
      "op_margin": 0.2345507770662983,
      "fcf_margin": -0.011351423077031008,
      "op_leverage_ratio": 0.626307365013523,
      "fcf_margin_change": 0.012353873338264635
    },
    {
      "date": "2021-12-31T00:00:00",
      "quarter_label": "2021-12 (Q4)",
      "revenue": 7709318000,
      "gross_profit": 2469743000,
      "operating_income": 631770000,
      "net_income": 607429000,
      "opex": 1837973000,
      "cogs": 5239575000,
      "rd": 647470000,
      "sga": null,
      "fcf": -569253000,
      "ocf": -403274000,
      "capex": -165979000,
      "gross_margin": 0.320358169166196,
      "op_margin": 0.08194888315672022,
      "fcf_margin": -0.07383960552671455,
      "op_leverage_ratio": 0.14516493094480495,
      "fcf_margin_change": -0.062488182449683544
    },
    {
      "date": "2022-03-31T00:00:00",
      "quarter_label": "2022-03 (Q1)",
      "revenue": 7867767000,
      "gross_profit": 3583062000,
      "operating_income": 1971626000,
      "net_income": 1597447000,
      "opex": 1611436000,
      "cogs": 4284705000,
      "rd": 657530000,
      "sga": null,
      "fcf": 801681000,
      "ocf": 922839000,
      "capex": -121158000,
      "gross_margin": 0.45541028350229484,
      "op_margin": 0.250595372232045,
      "fcf_margin": 0.10189434943866538,
      "incr_op_margin_yoy": 0.01670724004059703,
      "rev_growth_yoy": 0.09834667963651299,
      "op_leverage_ratio": Infinity,
      "fcf_margin_change": 0.1757339549653799
    },
    {
      "date": "2022-06-30T00:00:00",
      "quarter_label": "2022-06 (Q2)",
      "revenue": 7970141000,
      "gross_profit": 3279386000,
      "operating_income": 1578283000,
      "net_income": 1440951000,
      "opex": 1701103000,
      "cogs": 4690755000,
      "rd": 716846000,
      "sga": null,
      "fcf": 12732000,
      "ocf": 102750000,
      "capex": -90018000,
      "gross_margin": 0.4114589691700561,
      "op_margin": 0.19802447660587183,
      "fcf_margin": 0.001597462328458179,
      "incr_op_margin_yoy": -0.428648044763863,
      "rev_growth_yoy": 0.08558745382759514,
      "rev_growth_yoy_accel": -0.012759225808917848,
      "op_leverage_ratio": 0.23383989345445438,
      "fcf_margin_change": -0.10029688711020719
    },
    {
      "date": "2022-09-30T00:00:00",
      "quarter_label": "2022-09 (Q3)",
      "revenue": 7925589000,
      "gross_profit": 3136924000,
      "operating_income": 1533018000,
      "net_income": 1398242000,
      "opex": 1603906000,
      "cogs": 4788665000,
      "rd": 662739000,
      "sga": null,
      "fcf": 471850000,
      "ocf": 556810000,
      "capex": -84960000,
      "gross_margin": 0.3957969559107847,
      "op_margin": 0.19342638130743342,
      "fcf_margin": 0.05953500742973172,
      "incr_op_margin_yoy": -0.5026553756655403,
      "rev_growth_yoy": 0.05907983558957366,
      "rev_growth_yoy_accel": -0.02650761823802148,
      "fcf_margin_change": 0.057937545101273545
    },
    {
      "date": "2022-12-31T00:00:00",
      "quarter_label": "2022-12 (Q4)",
      "revenue": 7852053000,
      "gross_profit": 2447893000,
      "operating_income": 549904000,
      "net_income": 55284000,
      "opex": 1897989000,
      "cogs": 5404160000,
      "rd": 673926000,
      "sga": null,
      "fcf": 332265000,
      "ocf": 443858000,
      "capex": -111593000,
      "gross_margin": 0.3117519711087024,
      "op_margin": 0.07003314929229336,
      "fcf_margin": 0.042315684827904244,
      "incr_op_margin_yoy": -0.5735523872911339,
      "rev_growth_yoy": 0.018514607906951044,
      "rev_growth_yoy_accel": -0.040565227682622614,
      "fcf_margin_change": -0.01721932260182748
    },
    {
      "date": "2023-03-31T00:00:00",
      "quarter_label": "2023-03 (Q1)",
      "revenue": 8161503000,
      "gross_profit": 3357878000,
      "operating_income": 1714317000,
      "net_income": 1305120000,
      "opex": 1643561000,
      "cogs": 4803625000,
      "rd": 687275000,
      "sga": null,
      "fcf": 2116721000,
      "ocf": 2178740000,
      "capex": -62019000,
      "gross_margin": 0.4114288752941707,
      "op_margin": 0.21004917844176496,
      "fcf_margin": 0.2593543125573807,
      "incr_op_margin_yoy": -0.8759872810959501,
      "rev_growth_yoy": 0.03733410000575767,
      "rev_growth_yoy_accel": 0.018819492098806623,
      "op_leverage_ratio": Infinity,
      "fcf_margin_change": 0.21703862772947644
    },
    {
      "date": "2023-06-30T00:00:00",
      "quarter_label": "2023-06 (Q2)",
      "revenue": 8187301000,
      "gross_profit": 3513831000,
      "operating_income": 1827183000,
      "net_income": 1487610000,
      "opex": 1686648000,
      "cogs": 4673470000,
      "rd": 657983000,
      "sga": null,
      "fcf": 1339260000,
      "ocf": 1440232000,
      "capex": -100972000,
      "gross_margin": 0.42918062985591954,
      "op_margin": 0.22317281360487418,
      "fcf_margin": 0.16357771627060005,
      "incr_op_margin_yoy": 1.1461595137226008,
      "rev_growth_yoy": 0.02724669488281324,
      "rev_growth_yoy_accel": -0.010087405122944426,
      "fcf_margin_change": -0.09577659628678062
    },
    {
      "date": "2023-09-30T00:00:00",
      "quarter_label": "2023-09 (Q3)",
      "revenue": 8541668000,
      "gross_profit": 3610880000,
      "operating_income": 1916394000,
      "net_income": 1677422000,
      "opex": 1694486000,
      "cogs": 4930788000,
      "rd": 657159000,
      "sga": null,
      "fcf": 1888386000,
      "ocf": 1992315000,
      "capex": -103929000,
      "gross_margin": 0.4227371047434763,
      "op_margin": 0.22435828692943813,
      "fcf_margin": 0.221079302075426,
      "incr_op_margin_yoy": 0.622283830482779,
      "rev_growth_yoy": 0.07773289783257749,
      "rev_growth_yoy_accel": 0.05048620294976425,
      "op_leverage_ratio": 9.313903013706838,
      "fcf_margin_change": 0.05750158580482595
    },
    {
      "date": "2023-12-31T00:00:00",
      "quarter_label": "2023-12 (Q4)",
      "revenue": 8832825000,
      "gross_profit": 3525340000,
      "operating_income": 1496109000,
      "net_income": 937838000,
      "opex": 2029231000,
      "cogs": 5307485000,
      "rd": 673341000,
      "sga": null,
      "fcf": 1581382000,
      "ocf": 1663014000,
      "capex": -81632000,
      "gross_margin": 0.39911806245453746,
      "op_margin": 0.16938057756153893,
      "fcf_margin": 0.17903468029763978,
      "incr_op_margin_yoy": 0.9647553152006787,
      "rev_growth_yoy": 0.12490644166563827,
      "rev_growth_yoy_accel": 0.047173543833060785,
      "op_leverage_ratio": 0.17254740610997005,
      "fcf_margin_change": -0.04204462177778623
    },
    {
      "date": "2024-03-31T00:00:00",
      "quarter_label": "2024-03 (Q1)",
      "revenue": 9370440000,
      "gross_profit": 4393367000,
      "operating_income": 2632534000,
      "net_income": 2332209000,
      "opex": 1760833000,
      "cogs": 4977073000,
      "rd": 702473000,
      "sga": null,
      "fcf": 2136808000,
      "ocf": 2212522000,
      "capex": -75714000,
      "gross_margin": 0.4688538638527113,
      "op_margin": 0.2809402760169213,
      "fcf_margin": 0.22803710391401044,
      "incr_op_margin_yoy": 0.7595242762856956,
      "rev_growth_yoy": 0.14812676047536832,
      "rev_growth_yoy_accel": 0.02322031880973005,
      "op_leverage_ratio": Infinity,
      "fcf_margin_change": 0.049002423616370666
    },
    {
      "date": "2024-06-30T00:00:00",
      "quarter_label": "2024-06 (Q2)",
      "revenue": 9559310000,
      "gross_profit": 4385167000,
      "operating_income": 2602837000,
      "net_income": 2147306000,
      "opex": 1782330000,
      "cogs": 5174143000,
      "rd": 711254000,
      "sga": null,
      "fcf": 1212560000,
      "ocf": 1290847000,
      "capex": -78287000,
      "gross_margin": 0.45873258634775943,
      "op_margin": 0.27228293673915793,
      "fcf_margin": 0.12684597528482705,
      "incr_op_margin_yoy": 0.565341772539393,
      "rev_growth_yoy": 0.16757769135396391,
      "rev_growth_yoy_accel": 0.01945093087859559,
      "op_leverage_ratio": 1.6509856879818419,
      "fcf_margin_change": -0.10119112862918339
    },
    {
      "date": "2024-09-30T00:00:00",
      "quarter_label": "2024-09 (Q3)",
      "revenue": 9824703000,
      "gross_profit": 4704819000,
      "operating_income": 2909477000,
      "net_income": 2363509000,
      "opex": 1795342000,
      "cogs": 5119884000,
      "rd": 735063000,
      "sga": null,
      "fcf": 2194238000,
      "ocf": 2321101000,
      "capex": -126863000,
      "gross_margin": 0.47887646069301026,
      "op_margin": 0.2961389265405784,
      "fcf_margin": 0.22333886327149025,
      "incr_op_margin_yoy": 0.7740108414813314,
      "rev_growth_yoy": 0.15020895216250502,
      "rev_growth_yoy_accel": -0.0173687391914589,
      "op_leverage_ratio": 3.8028306070224076,
      "fcf_margin_change": 0.0964928879866632
    },
    {
      "date": "2024-12-31T00:00:00",
      "quarter_label": "2024-12 (Q4)",
      "revenue": 10246513000,
      "gross_profit": 4479149000,
      "operating_income": 2272766000,
      "net_income": 1868607000,
      "opex": 2206383000,
      "cogs": 5767364000,
      "rd": 776505000,
      "sga": null,
      "fcf": 1378220000,
      "ocf": 1536894000,
      "capex": -158674000,
      "gross_margin": 0.4371388588488591,
      "op_margin": 0.22180872653945785,
      "fcf_margin": 0.1345062461736983,
      "incr_op_margin_yoy": 0.5493835980782181,
      "rev_growth_yoy": 0.16004936133117095,
      "rev_growth_yoy_accel": 0.009840409168665937,
      "op_leverage_ratio": 0.18752513564543996,
      "fcf_margin_change": -0.08883261709779194
    },
    {
      "date": "2025-03-31T00:00:00",
      "quarter_label": "2025-03 (Q1)",
      "revenue": 10542801000,
      "gross_profit": 5279654000,
      "operating_income": 3346999000,
      "net_income": 2890351000,
      "opex": 1932655000,
      "cogs": 5263147000,
      "rd": 822823000,
      "sga": null,
      "fcf": 2660922000,
      "ocf": 2789199000,
      "capex": -128277000,
      "gross_margin": 0.5007828564723928,
      "op_margin": 0.31746772039043514,
      "fcf_margin": 0.25239231965015746,
      "incr_op_margin_yoy": 0.6094240596539803,
      "rev_growth_yoy": 0.1251126948147579,
      "rev_growth_yoy_accel": -0.034936666516413056,
      "op_leverage_ratio": Infinity,
      "fcf_margin_change": 0.11788607347645916
    },
    {
      "date": "2025-06-30T00:00:00",
      "quarter_label": "2025-06 (Q2)",
      "revenue": 11079166000,
      "gross_profit": 5753855000,
      "operating_income": 3774694000,
      "net_income": 3125413000,
      "opex": 1979161000,
      "cogs": 5325311000,
      "rd": 824683000,
      "sga": null,
      "fcf": 2267369000,
      "ocf": 2423258000,
      "capex": -155889000,
      "gross_margin": 0.5193400839016222,
      "op_margin": 0.34070199868834894,
      "fcf_margin": 0.20465159561649315,
      "incr_op_margin_yoy": 0.7710315977303113,
      "rev_growth_yoy": 0.15899222851858555,
      "rev_growth_yoy_accel": 0.03387953370382765,
      "op_leverage_ratio": 2.1142180141185922,
      "fcf_margin_change": -0.047740724033664306
    },
    {
      "date": "2025-09-30T00:00:00",
      "quarter_label": "2025-09 (Q3)",
      "revenue": 11510307000,
      "gross_profit": 5346057000,
      "operating_income": 3248247000,
      "net_income": 2546916000,
      "opex": 2097810000,
      "cogs": 6164250000,
      "rd": 853584000,
      "sga": null,
      "fcf": 2660455000,
      "ocf": 2825174000,
      "capex": -164719000,
      "gross_margin": 0.46445824598770474,
      "op_margin": 0.28220333306487827,
      "fcf_margin": 0.2311367542151569,
      "incr_op_margin_yoy": 0.200978402993823,
      "rev_growth_yoy": 0.17156793442000232,
      "rev_growth_yoy_accel": 0.012575705901416767,
      "op_leverage_ratio": 0.6491264376179812,
      "fcf_margin_change": 0.02648515859866374
    },
    {
      "date": "2025-12-31T00:00:00",
      "quarter_label": "2025-12 (Q4)",
      "revenue": 12050762000,
      "gross_profit": 5528141000,
      "operating_income": 2956663000,
      "net_income": 2418521000,
      "opex": 2571478000,
      "cogs": 6522621000,
      "rd": 890300000,
      "sga": null,
      "fcf": 1872307000,
      "ocf": 2111642000,
      "capex": -239335000,
      "gross_margin": 0.45873787898225854,
      "op_margin": 0.2453507089427208,
      "fcf_margin": 0.1553683493209807,
      "incr_op_margin_yoy": 0.3790480138827845,
      "rev_growth_yoy": 0.17608419566734557,
      "rev_growth_yoy_accel": 0.004516261247343251,
      "op_leverage_ratio": 0.2079527833075196,
      "fcf_margin_change": -0.07576840489417619
    }
  ],
  "signals": [
    {
      "quarter": "2025-12 (Q4)",
      "signal": "INCREMENTAL MARGIN (YoY)",
      "detail": "YoY Incr OPM: +37.9% vs year-ago OPM: +22.2%",
      "severity": "MEDIUM"
    },
    {
      "quarter": "2025-06 (Q2)",
      "signal": "OPERATING LEVERAGE",
      "detail": "Rev growth +5.1% vs OpEx growth +2.4% (leverage: 2.1x)",
      "severity": "MEDIUM"
    },
    {
      "quarter": "2025-06 (Q2)",
      "signal": "INCREMENTAL MARGIN (YoY)",
      "detail": "YoY Incr OPM: +77.1% vs year-ago OPM: +27.2%",
      "severity": "HIGH"
    },
    {
      "quarter": "2025-03 (Q1)",
      "signal": "FCF MARGIN EXPANSION",
      "detail": "FCF margin: +13.5% -> +25.2% (+11.8%)",
      "severity": "MEDIUM"
    },
    {
      "quarter": "2025-03 (Q1)",
      "signal": "GROSS MARGIN INFLECTION",
      "detail": "GM: +47.9% -> +43.7% -> +50.1% (reversal +6.4%)",
      "severity": "HIGH"
    },
    {
      "quarter": "2025-03 (Q1)",
      "signal": "INCREMENTAL MARGIN (YoY)",
      "detail": "YoY Incr OPM: +60.9% vs year-ago OPM: +28.1%",
      "severity": "HIGH"
    },
    {
      "quarter": "2024-12 (Q4)",
      "signal": "INCREMENTAL MARGIN (YoY)",
      "detail": "YoY Incr OPM: +54.9% vs year-ago OPM: +16.9%",
      "severity": "HIGH"
    },
    {
      "quarter": "2024-09 (Q3)",
      "signal": "FCF MARGIN EXPANSION",
      "detail": "FCF margin: +12.7% -> +22.3% (+9.6%)",
      "severity": "MEDIUM"
    },
    {
      "quarter": "2024-09 (Q3)",
      "signal": "OPERATING LEVERAGE",
      "detail": "Rev growth +2.8% vs OpEx growth +0.7% (leverage: 3.8x)",
      "severity": "MEDIUM"
    },
    {
      "quarter": "2024-09 (Q3)",
      "signal": "GROSS MARGIN INFLECTION",
      "detail": "GM: +46.9% -> +45.9% -> +47.9% (reversal +2.0%)",
      "severity": "MEDIUM"
    },
    {
      "quarter": "2024-09 (Q3)",
      "signal": "INCREMENTAL MARGIN (YoY)",
      "detail": "YoY Incr OPM: +77.4% vs year-ago OPM: +22.4%",
      "severity": "HIGH"
    },
    {
      "quarter": "2024-06 (Q2)",
      "signal": "OPERATING LEVERAGE",
      "detail": "Rev growth +2.0% vs OpEx growth +1.2% (leverage: 1.7x)",
      "severity": "MEDIUM"
    },
    {
      "quarter": "2024-06 (Q2)",
      "signal": "INCREMENTAL MARGIN (YoY)",
      "detail": "YoY Incr OPM: +56.5% vs year-ago OPM: +22.3%",
      "severity": "HIGH"
    },
    {
      "quarter": "2024-03 (Q1)",
      "signal": "GROSS MARGIN INFLECTION",
      "detail": "GM: +42.3% -> +39.9% -> +46.9% (reversal +7.0%)",
      "severity": "HIGH"
    },
    {
      "quarter": "2024-03 (Q1)",
      "signal": "INCREMENTAL MARGIN (YoY)",
      "detail": "YoY Incr OPM: +76.0% vs year-ago OPM: +21.0%",
      "severity": "HIGH"
    },
    {
      "quarter": "2023-12 (Q4)",
      "signal": "INCREMENTAL MARGIN (YoY)",
      "detail": "YoY Incr OPM: +96.5% vs year-ago OPM: +7.0%",
      "severity": "HIGH"
    },
    {
      "quarter": "2023-09 (Q3)",
      "signal": "FCF MARGIN EXPANSION",
      "detail": "FCF margin: +16.4% -> +22.1% (+5.8%)",
      "severity": "MEDIUM"
    },
    {
      "quarter": "2023-09 (Q3)",
      "signal": "OPERATING LEVERAGE",
      "detail": "Rev growth +4.3% vs OpEx growth +0.5% (leverage: 9.3x)",
      "severity": "MEDIUM"
    },
    {
      "quarter": "2023-09 (Q3)",
      "signal": "YoY REVENUE GROWTH ACCELERATION",
      "detail": "YoY growth: +7.8% vs prior quarter YoY: +2.7% (accel: +5.0%)",
      "severity": "MEDIUM"
    },
    {
      "quarter": "2023-09 (Q3)",
      "signal": "INCREMENTAL MARGIN (YoY)",
      "detail": "YoY Incr OPM: +62.2% vs year-ago OPM: +19.3%",
      "severity": "HIGH"
    },
    {
      "quarter": "2023-06 (Q2)",
      "signal": "INCREMENTAL MARGIN (YoY)",
      "detail": "YoY Incr OPM: +114.6% vs year-ago OPM: +19.8%",
      "severity": "HIGH"
    },
    {
      "quarter": "2023-03 (Q1)",
      "signal": "FCF MARGIN EXPANSION",
      "detail": "FCF margin: +4.2% -> +25.9% (+21.7%)",
      "severity": "MEDIUM"
    },
    {
      "quarter": "2023-03 (Q1)",
      "signal": "GROSS MARGIN INFLECTION",
      "detail": "GM: +39.6% -> +31.2% -> +41.1% (reversal +10.0%)",
      "severity": "HIGH"
    },
    {
      "quarter": "2022-09 (Q3)",
      "signal": "FCF MARGIN EXPANSION",
      "detail": "FCF margin: +0.2% -> +6.0% (+5.8%)",
      "severity": "MEDIUM"
    },
    {
      "quarter": "2022-03 (Q1)",
      "signal": "FCF TURNED POSITIVE",
      "detail": "FCF margin: -7.4% -> +10.2%",
      "severity": "HIGH"
    },
    {
      "quarter": "2022-03 (Q1)",
      "signal": "GROSS MARGIN INFLECTION",
      "detail": "GM: +43.8% -> +32.0% -> +45.5% (reversal +13.5%)",
      "severity": "HIGH"
    }
  ],
  "data_quality": {
    "n_quarters": 20,
    "coverage": {
      "revenue": [
        20,
        20
      ],
      "gross_profit": [
        20,
        20
      ],
      "op_income": [
        20,
        20
      ],
      "fcf": [
        20,
        20
      ]
    },
    "gaps": [],
    "warnings": []
  },
  "market_cap": null,
  "source": "SEC EDGAR",
  "last_updated": "2026-02-02T19:46:05.469554",
  "sector": "Communication Services",
  "industry": "Entertainment"
}