{
  "ticker": "NGL",
  "name": "NGL Energy Partners LP",
  "quarters": [
    {
      "date": "2020-12-31T00:00:00",
      "quarter_label": "2020-12 (Q4)",
      "revenue": 1462019000,
      "gross_profit": 183140000,
      "operating_income": -346307000,
      "net_income": -380496000,
      "opex": 529447000,
      "cogs": 1278879000,
      "rd": null,
      "sga": null,
      "fcf": 41940000,
      "ocf": 41940000,
      "capex": null,
      "gross_margin": 0.12526512993333191,
      "op_margin": -0.2368690146981674,
      "fcf_margin": 0.028686357701233706
    },
    {
      "date": "2021-03-31T00:00:00",
      "quarter_label": "2021-03 (Q1)",
      "revenue": 1752431000,
      "gross_profit": 179425000,
      "operating_income": -69977000,
      "net_income": -229687000,
      "opex": 249402000,
      "cogs": 1573006000,
      "rd": null,
      "sga": null,
      "fcf": 118394000,
      "ocf": 118394000,
      "capex": null,
      "gross_margin": 0.10238634217267327,
      "op_margin": -0.03993138674218842,
      "fcf_margin": 0.06755986398323244,
      "op_leverage_ratio": Infinity,
      "fcf_margin_change": 0.03887350628199873
    },
    {
      "date": "2021-06-30T00:00:00",
      "quarter_label": "2021-06 (Q2)",
      "revenue": 1488655000,
      "gross_profit": 163862000,
      "operating_income": -69334000,
      "net_income": -134940000,
      "opex": 233196000,
      "cogs": 1324793000,
      "rd": null,
      "sga": null,
      "fcf": -5163000,
      "ocf": -5163000,
      "capex": null,
      "gross_margin": 0.11007385861734251,
      "op_margin": -0.04657492837494248,
      "fcf_margin": -0.0034682313900803075,
      "fcf_margin_change": -0.07102809537331274
    },
    {
      "date": "2021-09-30T00:00:00",
      "quarter_label": "2021-09 (Q3)",
      "revenue": 1754137000,
      "gross_profit": 228544000,
      "operating_income": 64818000,
      "net_income": -1537000,
      "opex": 163726000,
      "cogs": 1525593000,
      "rd": null,
      "sga": null,
      "fcf": -2682000,
      "ocf": -2682000,
      "capex": null,
      "gross_margin": 0.13028856925086238,
      "op_margin": 0.03695150378790254,
      "fcf_margin": -0.0015289569742842207,
      "op_leverage_ratio": Infinity,
      "fcf_margin_change": 0.0019392744157960867
    },
    {
      "date": "2021-12-31T00:00:00",
      "quarter_label": "2021-12 (Q4)",
      "revenue": 2171876000,
      "gross_profit": 221555000,
      "operating_income": 49110000,
      "net_income": -18919000,
      "opex": 172445000,
      "cogs": 1950321000,
      "rd": null,
      "sga": null,
      "fcf": 34756000,
      "ocf": 34756000,
      "capex": null,
      "gross_margin": 0.10201088828275648,
      "op_margin": 0.022611788149968046,
      "fcf_margin": 0.01600275522175299,
      "incr_op_margin_yoy": 0.5570375441814337,
      "rev_growth_yoy": 0.4855319937702588,
      "op_leverage_ratio": 4.471904162109345,
      "fcf_margin_change": 0.017531712196037212
    },
    {
      "date": "2022-03-31T00:00:00",
      "quarter_label": "2022-03 (Q1)",
      "revenue": 2533247000,
      "gross_profit": 194642000,
      "operating_income": 38449000,
      "net_income": -29360000,
      "opex": 156193000,
      "cogs": 2338605000,
      "rd": null,
      "sga": null,
      "fcf": 178935000,
      "ocf": 178935000,
      "capex": null,
      "gross_margin": 0.07683498687652646,
      "op_margin": 0.015177754083987862,
      "fcf_margin": 0.0706346439964204,
      "incr_op_margin_yoy": 0.1388624208520317,
      "rev_growth_yoy": 0.44556162268300437,
      "rev_growth_yoy_accel": -0.03997037108725443,
      "op_leverage_ratio": Infinity,
      "fcf_margin_change": 0.05463188877466741
    },
    {
      "date": "2022-06-30T00:00:00",
      "quarter_label": "2022-06 (Q2)",
      "revenue": 2497383000,
      "gross_profit": 242372000,
      "operating_income": 87263000,
      "net_income": 22861000,
      "opex": 155109000,
      "cogs": 2255011000,
      "rd": null,
      "sga": null,
      "fcf": 2486000,
      "ocf": 2486000,
      "capex": null,
      "gross_margin": 0.09705039235071272,
      "op_margin": 0.034941777052218265,
      "fcf_margin": 0.0009954420287156597,
      "incr_op_margin_yoy": 0.15524204741020375,
      "rev_growth_yoy": 0.6776103260997344,
      "rev_growth_yoy_accel": 0.23204870341673,
      "fcf_margin_change": -0.06963920196770475
    },
    {
      "date": "2022-09-30T00:00:00",
      "quarter_label": "2022-09 (Q3)",
      "revenue": 2009447000,
      "gross_profit": 245327000,
      "operating_income": 68770000,
      "net_income": 3510000,
      "opex": 176557000,
      "cogs": 1764120000,
      "rd": null,
      "sga": null,
      "fcf": -34158000,
      "ocf": -34158000,
      "capex": null,
      "gross_margin": 0.1220868228920693,
      "op_margin": 0.03422334602505067,
      "fcf_margin": -0.016998706609330824,
      "incr_op_margin_yoy": 0.01547922133876464,
      "rev_growth_yoy": 0.14554735462509485,
      "rev_growth_yoy_accel": -0.5320629714746395,
      "fcf_margin_change": -0.017994148638046485
    },
    {
      "date": "2022-12-31T00:00:00",
      "quarter_label": "2022-12 (Q4)",
      "revenue": 2139240000,
      "gross_profit": 278872000,
      "operating_income": 102670000,
      "net_income": 58534000,
      "opex": 176202000,
      "cogs": 1860368000,
      "rd": null,
      "sga": null,
      "fcf": 238537000,
      "ocf": 238537000,
      "capex": null,
      "gross_margin": 0.13036031487818103,
      "op_margin": 0.047993679998504145,
      "fcf_margin": 0.111505487930293,
      "incr_op_margin_yoy": -1.6411324917269272,
      "rev_growth_yoy": -0.01502664056327341,
      "rev_growth_yoy_accel": -0.16057399518836826,
      "op_leverage_ratio": Infinity,
      "fcf_margin_change": 0.1285041945396238
    },
    {
      "date": "2023-03-31T00:00:00",
      "quarter_label": "2023-03 (Q1)",
      "revenue": 2048834000,
      "gross_profit": 278309000,
      "operating_income": 30460000,
      "net_income": -33519000,
      "opex": 247849000,
      "cogs": 1770525000,
      "rd": null,
      "sga": null,
      "fcf": 238321000,
      "ocf": 238321000,
      "capex": null,
      "gross_margin": 0.1358377496663956,
      "op_margin": 0.014866992640692219,
      "fcf_margin": 0.11632030706245601,
      "incr_op_margin_yoy": 0.016492125520991385,
      "rev_growth_yoy": -0.19122217454515883,
      "rev_growth_yoy_accel": -0.17619553398188542,
      "fcf_margin_change": 0.004814819132163015
    },
    {
      "date": "2023-06-30T00:00:00",
      "quarter_label": "2023-06 (Q2)",
      "revenue": 1616104000,
      "gross_profit": 236775000,
      "operating_income": 72020000,
      "net_income": 19301000,
      "opex": 164755000,
      "cogs": 1379329000,
      "rd": null,
      "sga": null,
      "fcf": 55111000,
      "ocf": 55111000,
      "capex": null,
      "gross_margin": 0.1465097543227416,
      "op_margin": 0.044563963705306096,
      "fcf_margin": 0.03410114695588898,
      "incr_op_margin_yoy": 0.017296452088385178,
      "rev_growth_yoy": -0.3528809958264311,
      "rev_growth_yoy_accel": -0.1616588212812723,
      "fcf_margin_change": -0.08221916010656703
    },
    {
      "date": "2023-09-30T00:00:00",
      "quarter_label": "2023-09 (Q3)",
      "revenue": 1841096000,
      "gross_profit": 262648000,
      "operating_income": 86030000,
      "net_income": 28028000,
      "opex": 176618000,
      "cogs": 1578448000,
      "rd": null,
      "sga": null,
      "fcf": 75989000,
      "ocf": 75989000,
      "capex": null,
      "gross_margin": 0.1426585034131843,
      "op_margin": 0.04672760138526182,
      "fcf_margin": 0.04127378474560805,
      "incr_op_margin_yoy": -0.10252389353196595,
      "rev_growth_yoy": -0.08377976627400474,
      "rev_growth_yoy_accel": 0.2691012295524264,
      "op_leverage_ratio": 1.933489616673527,
      "fcf_margin_change": 0.0071726377897190705
    },
    {
      "date": "2023-12-31T00:00:00",
      "quarter_label": "2023-12 (Q4)",
      "revenue": 1869777000,
      "gross_profit": 263645000,
      "operating_income": 101789000,
      "net_income": 45682000,
      "opex": 161856000,
      "cogs": 1606132000,
      "rd": null,
      "sga": null,
      "fcf": 92841000,
      "ocf": 92841000,
      "capex": null,
      "gross_margin": 0.1410034458654695,
      "op_margin": 0.05443911225777191,
      "fcf_margin": 0.049653514830912994,
      "incr_op_margin_yoy": 0.00326946556670118,
      "rev_growth_yoy": -0.125962023896337,
      "rev_growth_yoy_accel": -0.04218225762233227,
      "op_leverage_ratio": Infinity,
      "fcf_margin_change": 0.008379730085304946
    },
    {
      "date": "2024-03-31T00:00:00",
      "quarter_label": "2024-03 (Q1)",
      "revenue": 1039162000,
      "gross_profit": 227022000,
      "operating_income": -82267000,
      "net_income": -236766000,
      "opex": 309289000,
      "cogs": 812140000,
      "rd": null,
      "sga": null,
      "fcf": 152223000,
      "ocf": 152223000,
      "capex": null,
      "gross_margin": 0.2184664181330726,
      "op_margin": -0.07916667468594887,
      "fcf_margin": 0.1464863033867674,
      "incr_op_margin_yoy": 0.11164714877702858,
      "rev_growth_yoy": -0.49280322368722895,
      "rev_growth_yoy_accel": -0.3668411997908919,
      "fcf_margin_change": 0.09683278855585442
    },
    {
      "date": "2024-06-30T00:00:00",
      "quarter_label": "2024-06 (Q2)",
      "revenue": 1387259000,
      "gross_profit": 214051000,
      "operating_income": 74951000,
      "net_income": 9683000,
      "opex": 139100000,
      "cogs": 1173208000,
      "rd": null,
      "sga": null,
      "fcf": -18059000,
      "ocf": -18059000,
      "capex": null,
      "gross_margin": 0.1542977915443331,
      "op_margin": 0.05402812308300036,
      "fcf_margin": -0.013017756597722559,
      "incr_op_margin_yoy": -0.012807795669557998,
      "rev_growth_yoy": -0.141602891893096,
      "rev_growth_yoy_accel": 0.35120033179413296,
      "op_leverage_ratio": Infinity,
      "fcf_margin_change": -0.15950405998448997
    },
    {
      "date": "2024-09-30T00:00:00",
      "quarter_label": "2024-09 (Q3)",
      "revenue": 1352675000,
      "gross_profit": 231480000,
      "operating_income": 77729000,
      "net_income": 2454000,
      "opex": 153751000,
      "cogs": 1121195000,
      "rd": null,
      "sga": null,
      "fcf": 6718000,
      "ocf": 6718000,
      "capex": null,
      "gross_margin": 0.1711275805348661,
      "op_margin": 0.05746317482026355,
      "fcf_margin": 0.00496645535697784,
      "incr_op_margin_yoy": 0.016995583727972385,
      "rev_growth_yoy": -0.26528817617332284,
      "rev_growth_yoy_accel": -0.12368528428022685,
      "fcf_margin_change": 0.0179842119547004
    },
    {
      "date": "2024-12-31T00:00:00",
      "quarter_label": "2024-12 (Q4)",
      "revenue": 1549073000,
      "gross_profit": 239121000,
      "operating_income": 75497000,
      "net_income": 13507000,
      "opex": 163624000,
      "cogs": 1309952000,
      "rd": null,
      "sga": null,
      "fcf": 153792000,
      "ocf": 153792000,
      "capex": null,
      "gross_margin": 0.1543639324938205,
      "op_margin": 0.04873688973986378,
      "fcf_margin": 0.09928002101902235,
      "incr_op_margin_yoy": 0.08198213929355418,
      "rev_growth_yoy": -0.17151991922031343,
      "rev_growth_yoy_accel": 0.09376825695300942,
      "op_leverage_ratio": 2.261061678672795,
      "fcf_margin_change": 0.0943135656620445
    },
    {
      "date": "2025-03-31T00:00:00",
      "quarter_label": "2025-03 (Q1)",
      "revenue": 971066000,
      "gross_profit": 261630000,
      "operating_income": 101178000,
      "net_income": 13724000,
      "opex": 160452000,
      "cogs": 709436000,
      "rd": null,
      "sga": null,
      "fcf": 155012000,
      "ocf": 155012000,
      "capex": null,
      "gross_margin": 0.26942555912780386,
      "op_margin": 0.10419271192689271,
      "fcf_margin": 0.15963075630286716,
      "incr_op_margin_yoy": -2.6939174107142856,
      "rev_growth_yoy": -0.0655297249129587,
      "rev_growth_yoy_accel": 0.10599019430735472,
      "fcf_margin_change": 0.06035073528384481
    },
    {
      "date": "2025-06-30T00:00:00",
      "quarter_label": "2025-06 (Q2)",
      "revenue": 622156000,
      "gross_profit": 239344000,
      "operating_income": 97450000,
      "net_income": 68922000,
      "opex": 141894000,
      "cogs": 382812000,
      "rd": null,
      "sga": null,
      "fcf": 33202000,
      "ocf": 33202000,
      "capex": null,
      "gross_margin": 0.384700943171809,
      "op_margin": 0.1566327416275018,
      "fcf_margin": 0.05336603681391805,
      "incr_op_margin_yoy": -0.029406498210044922,
      "rev_growth_yoy": -0.551521381371467,
      "rev_growth_yoy_accel": -0.4859916564585083,
      "fcf_margin_change": -0.10626471948894911
    },
    {
      "date": "2025-09-30T00:00:00",
      "quarter_label": "2025-09 (Q3)",
      "revenue": 674677000,
      "gross_profit": 253657000,
      "operating_income": 94251000,
      "net_income": 29284000,
      "opex": 159406000,
      "cogs": 421020000,
      "rd": null,
      "sga": null,
      "fcf": 40451000,
      "ocf": 40451000,
      "capex": null,
      "gross_margin": 0.3759680558252319,
      "op_margin": 0.13969795917157396,
      "fcf_margin": 0.059956097510364216,
      "incr_op_margin_yoy": -0.02436880344779778,
      "rev_growth_yoy": -0.5012275675975382,
      "rev_growth_yoy_accel": 0.05029381377392883,
      "op_leverage_ratio": 0.6840092515594197,
      "fcf_margin_change": 0.006590060696446166
    }
  ],
  "signals": [
    {
      "quarter": "2025-09 (Q3)",
      "signal": "YoY REVENUE GROWTH ACCELERATION",
      "detail": "YoY growth: -50.1% vs prior quarter YoY: -55.2% (accel: +5.0%)",
      "severity": "MEDIUM"
    },
    {
      "quarter": "2025-06 (Q2)",
      "signal": "YoY REVENUE GROWTH DECELERATION",
      "detail": "YoY growth: -55.2% vs prior quarter YoY: -6.6% (decel: -48.6%)",
      "severity": "WARNING"
    },
    {
      "quarter": "2025-03 (Q1)",
      "signal": "FCF MARGIN EXPANSION",
      "detail": "FCF margin: +9.9% -> +16.0% (+6.0%)",
      "severity": "MEDIUM"
    },
    {
      "quarter": "2025-03 (Q1)",
      "signal": "GROSS MARGIN INFLECTION",
      "detail": "GM: +17.1% -> +15.4% -> +26.9% (reversal +11.5%)",
      "severity": "HIGH"
    },
    {
      "quarter": "2025-03 (Q1)",
      "signal": "YoY REVENUE GROWTH ACCELERATION",
      "detail": "YoY growth: -6.6% vs prior quarter YoY: -17.2% (accel: +10.6%)",
      "severity": "MEDIUM"
    },
    {
      "quarter": "2025-03 (Q1)",
      "signal": "OP MARGIN TURNED POSITIVE (YoY)",
      "detail": "Op margin: -7.9% (year-ago) -> +10.4%",
      "severity": "HIGH"
    },
    {
      "quarter": "2024-12 (Q4)",
      "signal": "FCF MARGIN EXPANSION",
      "detail": "FCF margin: +0.5% -> +9.9% (+9.4%)",
      "severity": "MEDIUM"
    },
    {
      "quarter": "2024-12 (Q4)",
      "signal": "OPERATING LEVERAGE",
      "detail": "Rev growth +14.5% vs OpEx growth +6.4% (leverage: 2.3x)",
      "severity": "MEDIUM"
    },
    {
      "quarter": "2024-12 (Q4)",
      "signal": "YoY REVENUE GROWTH ACCELERATION",
      "detail": "YoY growth: -17.2% vs prior quarter YoY: -26.5% (accel: +9.4%)",
      "severity": "MEDIUM"
    },
    {
      "quarter": "2024-09 (Q3)",
      "signal": "FCF TURNED POSITIVE",
      "detail": "FCF margin: -1.3% -> +0.5%",
      "severity": "HIGH"
    },
    {
      "quarter": "2024-09 (Q3)",
      "signal": "YoY REVENUE GROWTH DECELERATION",
      "detail": "YoY growth: -26.5% vs prior quarter YoY: -14.2% (decel: -12.4%)",
      "severity": "WARNING"
    },
    {
      "quarter": "2024-06 (Q2)",
      "signal": "YoY REVENUE GROWTH ACCELERATION",
      "detail": "YoY growth: -14.2% vs prior quarter YoY: -49.3% (accel: +35.1%)",
      "severity": "HIGH"
    },
    {
      "quarter": "2024-06 (Q2)",
      "signal": "OP MARGIN TURNED POSITIVE (QoQ)",
      "detail": "Op margin: -7.9% -> +5.4%",
      "severity": "HIGH"
    },
    {
      "quarter": "2024-03 (Q1)",
      "signal": "FCF MARGIN EXPANSION",
      "detail": "FCF margin: +5.0% -> +14.6% (+9.7%)",
      "severity": "MEDIUM"
    },
    {
      "quarter": "2024-03 (Q1)",
      "signal": "GROSS MARGIN INFLECTION",
      "detail": "GM: +14.3% -> +14.1% -> +21.8% (reversal +7.7%)",
      "severity": "HIGH"
    },
    {
      "quarter": "2024-03 (Q1)",
      "signal": "YoY REVENUE GROWTH DECELERATION",
      "detail": "YoY growth: -49.3% vs prior quarter YoY: -12.6% (decel: -36.7%)",
      "severity": "WARNING"
    },
    {
      "quarter": "2023-09 (Q3)",
      "signal": "OPERATING LEVERAGE",
      "detail": "Rev growth +13.9% vs OpEx growth +7.2% (leverage: 1.9x)",
      "severity": "MEDIUM"
    },
    {
      "quarter": "2023-09 (Q3)",
      "signal": "YoY REVENUE GROWTH ACCELERATION",
      "detail": "YoY growth: -8.4% vs prior quarter YoY: -35.3% (accel: +26.9%)",
      "severity": "HIGH"
    },
    {
      "quarter": "2023-06 (Q2)",
      "signal": "YoY REVENUE GROWTH DECELERATION",
      "detail": "YoY growth: -35.3% vs prior quarter YoY: -19.1% (decel: -16.2%)",
      "severity": "WARNING"
    },
    {
      "quarter": "2023-03 (Q1)",
      "signal": "YoY REVENUE GROWTH DECELERATION",
      "detail": "YoY growth: -19.1% vs prior quarter YoY: -1.5% (decel: -17.6%)",
      "severity": "WARNING"
    },
    {
      "quarter": "2022-12 (Q4)",
      "signal": "FCF TURNED POSITIVE",
      "detail": "FCF margin: -1.7% -> +11.2%",
      "severity": "HIGH"
    },
    {
      "quarter": "2022-12 (Q4)",
      "signal": "YoY REVENUE GROWTH DECELERATION",
      "detail": "YoY growth: -1.5% vs prior quarter YoY: +14.6% (decel: -16.1%)",
      "severity": "WARNING"
    },
    {
      "quarter": "2022-09 (Q3)",
      "signal": "YoY REVENUE GROWTH DECELERATION",
      "detail": "YoY growth: +14.6% vs prior quarter YoY: +67.8% (decel: -53.2%)",
      "severity": "WARNING"
    },
    {
      "quarter": "2022-06 (Q2)",
      "signal": "GROSS MARGIN INFLECTION",
      "detail": "GM: +10.2% -> +7.7% -> +9.7% (reversal +2.0%)",
      "severity": "MEDIUM"
    },
    {
      "quarter": "2022-06 (Q2)",
      "signal": "YoY REVENUE GROWTH ACCELERATION",
      "detail": "YoY growth: +67.8% vs prior quarter YoY: +44.6% (accel: +23.2%)",
      "severity": "HIGH"
    },
    {
      "quarter": "2022-06 (Q2)",
      "signal": "OP MARGIN TURNED POSITIVE (YoY)",
      "detail": "Op margin: -4.7% (year-ago) -> +3.5%",
      "severity": "HIGH"
    },
    {
      "quarter": "2022-03 (Q1)",
      "signal": "FCF MARGIN EXPANSION",
      "detail": "FCF margin: +1.6% -> +7.1% (+5.5%)",
      "severity": "MEDIUM"
    },
    {
      "quarter": "2022-03 (Q1)",
      "signal": "OP MARGIN TURNED POSITIVE (YoY)",
      "detail": "Op margin: -4.0% (year-ago) -> +1.5%",
      "severity": "HIGH"
    },
    {
      "quarter": "2021-12 (Q4)",
      "signal": "FCF TURNED POSITIVE",
      "detail": "FCF margin: -0.2% -> +1.6%",
      "severity": "HIGH"
    },
    {
      "quarter": "2021-12 (Q4)",
      "signal": "OPERATING LEVERAGE",
      "detail": "Rev growth +23.8% vs OpEx growth +5.3% (leverage: 4.5x)",
      "severity": "MEDIUM"
    },
    {
      "quarter": "2021-12 (Q4)",
      "signal": "OP MARGIN TURNED POSITIVE (YoY)",
      "detail": "Op margin: -23.7% (year-ago) -> +2.3%",
      "severity": "HIGH"
    },
    {
      "quarter": "2021-09 (Q3)",
      "signal": "OP MARGIN TURNED POSITIVE (QoQ)",
      "detail": "Op margin: -4.7% -> +3.7%",
      "severity": "HIGH"
    }
  ],
  "data_quality": {
    "n_quarters": 20,
    "coverage": {
      "revenue": [
        20,
        20
      ],
      "gross_profit": [
        20,
        20
      ],
      "op_income": [
        20,
        20
      ],
      "fcf": [
        20,
        20
      ]
    },
    "gaps": [],
    "warnings": []
  },
  "market_cap": null,
  "source": "SEC EDGAR",
  "last_updated": "2026-02-02T21:50:08.990467"
}