{
  "ticker": "NGVT",
  "name": "INGEVITY CORPORATION",
  "quarters": [
    {
      "date": "2020-12-31T00:00:00",
      "quarter_label": "2020-12 (Q4)",
      "revenue": 325600000,
      "gross_profit": 127400000,
      "operating_income": 110900000,
      "net_income": 46000000,
      "opex": 16500000,
      "cogs": 198200000,
      "rd": 5800000,
      "sga": 41500000,
      "fcf": 153300000,
      "ocf": 153300000,
      "capex": null,
      "gross_margin": 0.39127764127764125,
      "op_margin": 0.3406019656019656,
      "fcf_margin": 0.47082309582309584
    },
    {
      "date": "2021-03-31T00:00:00",
      "quarter_label": "2021-03 (Q1)",
      "revenue": 320300000,
      "gross_profit": 126200000,
      "operating_income": 105400000,
      "net_income": 48700000,
      "opex": 20800000,
      "cogs": 194100000,
      "rd": 6600000,
      "sga": 40000000,
      "fcf": 51100000,
      "ocf": 51100000,
      "capex": null,
      "gross_margin": 0.3940056197315017,
      "op_margin": 0.32906650015610367,
      "fcf_margin": 0.1595379331876366,
      "fcf_margin_change": -0.31128516263545924
    },
    {
      "date": "2021-06-30T00:00:00",
      "quarter_label": "2021-06 (Q2)",
      "revenue": 358400000,
      "gross_profit": 139800000,
      "operating_income": 117700000,
      "net_income": 44300000,
      "opex": 22100000,
      "cogs": 218600000,
      "rd": 5900000,
      "sga": 47500000,
      "fcf": 65800000,
      "ocf": 65800000,
      "capex": null,
      "gross_margin": 0.3900669642857143,
      "op_margin": 0.32840401785714285,
      "fcf_margin": 0.18359375,
      "op_leverage_ratio": 1.9032157352482049,
      "fcf_margin_change": 0.024055816812363406
    },
    {
      "date": "2021-09-30T00:00:00",
      "quarter_label": "2021-09 (Q3)",
      "revenue": 376800000,
      "gross_profit": 141800000,
      "operating_income": 119500000,
      "net_income": -4200000,
      "opex": 22300000,
      "cogs": 235000000,
      "rd": 6800000,
      "sga": 43500000,
      "fcf": 100100000,
      "ocf": 100100000,
      "capex": null,
      "gross_margin": 0.37632696390658177,
      "op_margin": 0.3171443736730361,
      "fcf_margin": 0.26565817409766457,
      "op_leverage_ratio": 5.67299107142857,
      "fcf_margin_change": 0.08206442409766457
    },
    {
      "date": "2021-12-31T00:00:00",
      "quarter_label": "2021-12 (Q4)",
      "revenue": 336000000,
      "gross_profit": 105000000,
      "operating_income": 79600000,
      "net_income": 29300000,
      "opex": 25400000,
      "cogs": 231000000,
      "rd": 7000000,
      "sga": 48300000,
      "fcf": 76300000,
      "ocf": 76300000,
      "capex": null,
      "gross_margin": 0.3125,
      "op_margin": 0.2369047619047619,
      "fcf_margin": 0.22708333333333333,
      "incr_op_margin_yoy": -3.0096153846153846,
      "rev_growth_yoy": 0.03194103194103194,
      "fcf_margin_change": -0.038574840764331236
    },
    {
      "date": "2022-03-31T00:00:00",
      "quarter_label": "2022-03 (Q1)",
      "revenue": 382800000,
      "gross_profit": 137800000,
      "operating_income": 119000000,
      "net_income": 60800000,
      "opex": 18800000,
      "cogs": 245000000,
      "rd": 7300000,
      "sga": 40000000,
      "fcf": 24300000,
      "ocf": 24300000,
      "capex": null,
      "gross_margin": 0.3599791013584117,
      "op_margin": 0.3108672936259143,
      "fcf_margin": 0.06347962382445141,
      "incr_op_margin_yoy": 0.2176,
      "rev_growth_yoy": 0.19512956603184514,
      "rev_growth_yoy_accel": 0.1631885340908132,
      "op_leverage_ratio": Infinity,
      "fcf_margin_change": -0.16360370950888192
    },
    {
      "date": "2022-06-30T00:00:00",
      "quarter_label": "2022-06 (Q2)",
      "revenue": 419900000,
      "gross_profit": 150600000,
      "operating_income": 121100000,
      "net_income": 59800000,
      "opex": 29500000,
      "cogs": 269300000,
      "rd": 8200000,
      "sga": 48700000,
      "fcf": 90500000,
      "ocf": 90500000,
      "capex": null,
      "gross_margin": 0.35865682305310786,
      "op_margin": 0.2884020004763039,
      "fcf_margin": 0.21552750654917838,
      "incr_op_margin_yoy": 0.055284552845528454,
      "rev_growth_yoy": 0.17159598214285715,
      "rev_growth_yoy_accel": -0.02353358388898799,
      "op_leverage_ratio": 0.17028486606314513,
      "fcf_margin_change": 0.15204788272472697
    },
    {
      "date": "2022-09-30T00:00:00",
      "quarter_label": "2022-09 (Q3)",
      "revenue": 482000000,
      "gross_profit": 176300000,
      "operating_income": 138200000,
      "net_income": 75400000,
      "opex": 38100000,
      "cogs": 305700000,
      "rd": 7600000,
      "sga": 54200000,
      "fcf": 100100000,
      "ocf": 100100000,
      "capex": null,
      "gross_margin": 0.36576763485477176,
      "op_margin": 0.2867219917012448,
      "fcf_margin": 0.20767634854771785,
      "incr_op_margin_yoy": 0.17775665399239543,
      "rev_growth_yoy": 0.2791932059447983,
      "rev_growth_yoy_accel": 0.10759722380194114,
      "op_leverage_ratio": 0.5073051723278521,
      "fcf_margin_change": -0.007851158001460523
    },
    {
      "date": "2022-12-31T00:00:00",
      "quarter_label": "2022-12 (Q4)",
      "revenue": 383600000,
      "gross_profit": 105400000,
      "operating_income": 74300000,
      "net_income": 15600000,
      "opex": 31100000,
      "cogs": 278200000,
      "rd": 7200000,
      "sga": 55900000,
      "fcf": 98500000,
      "ocf": 98500000,
      "capex": null,
      "gross_margin": 0.27476538060479666,
      "op_margin": 0.19369134515119918,
      "fcf_margin": 0.2567778936392075,
      "incr_op_margin_yoy": -0.11134453781512606,
      "rev_growth_yoy": 0.14166666666666666,
      "rev_growth_yoy_accel": -0.13752653927813163,
      "fcf_margin_change": 0.049101545091489646
    },
    {
      "date": "2023-03-31T00:00:00",
      "quarter_label": "2023-03 (Q1)",
      "revenue": 392600000,
      "gross_profit": 130400000,
      "operating_income": 103900000,
      "net_income": 50700000,
      "opex": 26500000,
      "cogs": 262200000,
      "rd": 8800000,
      "sga": 48600000,
      "fcf": 5300000,
      "ocf": 5300000,
      "capex": null,
      "gross_margin": 0.3321446765155374,
      "op_margin": 0.26464595007641367,
      "fcf_margin": 0.013499745287824758,
      "incr_op_margin_yoy": -1.5408163265306123,
      "rev_growth_yoy": 0.025600835945663532,
      "rev_growth_yoy_accel": -0.11606583072100313,
      "op_leverage_ratio": Infinity,
      "fcf_margin_change": -0.24327814835138273
    },
    {
      "date": "2023-06-30T00:00:00",
      "quarter_label": "2023-06 (Q2)",
      "revenue": 481800000,
      "gross_profit": 153000000,
      "operating_income": 120700000,
      "net_income": 35500000,
      "opex": 32300000,
      "cogs": 328800000,
      "rd": 8000000,
      "sga": 51700000,
      "fcf": 48400000,
      "ocf": 48400000,
      "capex": null,
      "gross_margin": 0.3175591531755915,
      "op_margin": 0.25051888750518886,
      "fcf_margin": 0.1004566210045662,
      "incr_op_margin_yoy": -0.006462035541195477,
      "rev_growth_yoy": 0.14741605144081923,
      "rev_growth_yoy_accel": 0.1218152154951557,
      "op_leverage_ratio": 1.0380838617879038,
      "fcf_margin_change": 0.08695687571674145
    },
    {
      "date": "2023-09-30T00:00:00",
      "quarter_label": "2023-09 (Q3)",
      "revenue": 446000000,
      "gross_profit": 129000000,
      "operating_income": 110400000,
      "net_income": 25200000,
      "opex": 18600000,
      "cogs": 317000000,
      "rd": 7800000,
      "sga": 40000000,
      "fcf": 105200000,
      "ocf": 105200000,
      "capex": null,
      "gross_margin": 0.289237668161435,
      "op_margin": 0.24753363228699551,
      "fcf_margin": 0.2358744394618834,
      "incr_op_margin_yoy": 0.7722222222222223,
      "rev_growth_yoy": -0.07468879668049792,
      "rev_growth_yoy_accel": -0.22210484812131714,
      "fcf_margin_change": 0.1354178184573172
    },
    {
      "date": "2023-12-31T00:00:00",
      "quarter_label": "2023-12 (Q4)",
      "revenue": 371700000,
      "gross_profit": 59500000,
      "operating_income": 61800000,
      "net_income": -116800000,
      "opex": -2300000,
      "cogs": 312200000,
      "rd": 7200000,
      "sga": 43400000,
      "fcf": 46200000,
      "ocf": 46200000,
      "capex": null,
      "gross_margin": 0.160075329566855,
      "op_margin": 0.16626311541565778,
      "fcf_margin": 0.12429378531073447,
      "incr_op_margin_yoy": 1.050420168067227,
      "rev_growth_yoy": -0.03102189781021898,
      "rev_growth_yoy_accel": 0.04366689887027894,
      "fcf_margin_change": -0.11158065415114894
    },
    {
      "date": "2024-03-31T00:00:00",
      "quarter_label": "2024-03 (Q1)",
      "revenue": 340100000,
      "gross_profit": 99700000,
      "operating_income": 76900000,
      "net_income": -56000000,
      "opex": 22800000,
      "cogs": 240400000,
      "rd": 6800000,
      "sga": 47200000,
      "fcf": -12100000,
      "ocf": -12100000,
      "capex": null,
      "gross_margin": 0.293149073801823,
      "op_margin": 0.2261099676565716,
      "fcf_margin": -0.03557777124375184,
      "incr_op_margin_yoy": 0.5142857142857142,
      "rev_growth_yoy": -0.1337238920020377,
      "rev_growth_yoy_accel": -0.1027019941918187,
      "fcf_margin_change": -0.15987155655448632
    },
    {
      "date": "2024-06-30T00:00:00",
      "quarter_label": "2024-06 (Q2)",
      "revenue": 390600000,
      "gross_profit": 123200000,
      "operating_income": 101300000,
      "net_income": -283700000,
      "opex": 21900000,
      "cogs": 267400000,
      "rd": 7300000,
      "sga": 41400000,
      "fcf": 29700000,
      "ocf": 29700000,
      "capex": null,
      "gross_margin": 0.3154121863799283,
      "op_margin": 0.25934459805427545,
      "fcf_margin": 0.07603686635944701,
      "incr_op_margin_yoy": 0.21271929824561403,
      "rev_growth_yoy": -0.18929016189290163,
      "rev_growth_yoy_accel": -0.05556626989086394,
      "op_leverage_ratio": Infinity,
      "fcf_margin_change": 0.11161463760319884
    },
    {
      "date": "2024-09-30T00:00:00",
      "quarter_label": "2024-09 (Q3)",
      "revenue": 376900000,
      "gross_profit": 129900000,
      "operating_income": 110200000,
      "net_income": -107200000,
      "opex": 19700000,
      "cogs": 247000000,
      "rd": 6700000,
      "sga": 38700000,
      "fcf": 46500000,
      "ocf": 46500000,
      "capex": null,
      "gross_margin": 0.3446537543114885,
      "op_margin": 0.29238524807641286,
      "fcf_margin": 0.1233749005041125,
      "incr_op_margin_yoy": 0.002894356005788712,
      "rev_growth_yoy": -0.15493273542600897,
      "rev_growth_yoy_accel": 0.03435742646689266,
      "fcf_margin_change": 0.04733803414466549
    },
    {
      "date": "2024-12-31T00:00:00",
      "quarter_label": "2024-12 (Q4)",
      "revenue": 298800000,
      "gross_profit": 101900000,
      "operating_income": 80600000,
      "net_income": 16600000,
      "opex": 21300000,
      "cogs": 196900000,
      "rd": 7300000,
      "sga": 39400000,
      "fcf": 64500000,
      "ocf": 64500000,
      "capex": null,
      "gross_margin": 0.34103078982597057,
      "op_margin": 0.2697456492637216,
      "fcf_margin": 0.21586345381526104,
      "incr_op_margin_yoy": -0.2578875171467764,
      "rev_growth_yoy": -0.19612590799031476,
      "rev_growth_yoy_accel": -0.0411931725643058,
      "fcf_margin_change": 0.09248855331114854
    },
    {
      "date": "2025-03-31T00:00:00",
      "quarter_label": "2025-03 (Q1)",
      "revenue": 284000000,
      "gross_profit": 113400000,
      "operating_income": null,
      "net_income": 20500000,
      "opex": null,
      "cogs": 170600000,
      "rd": 7700000,
      "sga": 43100000,
      "fcf": 25400000,
      "ocf": 25400000,
      "capex": null,
      "gross_margin": 0.39929577464788735,
      "op_margin": null,
      "fcf_margin": 0.08943661971830986,
      "rev_growth_yoy": -0.1649514848573949,
      "rev_growth_yoy_accel": 0.031174423132919876,
      "fcf_margin_change": -0.12642683409695116
    },
    {
      "date": "2025-06-30T00:00:00",
      "quarter_label": "2025-06 (Q2)",
      "revenue": 365100000,
      "gross_profit": 137900000,
      "operating_income": null,
      "net_income": -146500000,
      "opex": null,
      "cogs": 227200000,
      "rd": 7800000,
      "sga": 44200000,
      "fcf": 79000000,
      "ocf": 79000000,
      "capex": null,
      "gross_margin": 0.377704738427828,
      "op_margin": null,
      "fcf_margin": 0.2163790742262394,
      "rev_growth_yoy": -0.065284178187404,
      "rev_growth_yoy_accel": 0.0996673066699909,
      "fcf_margin_change": 0.12694245450792951
    },
    {
      "date": "2025-09-30T00:00:00",
      "quarter_label": "2025-09 (Q3)",
      "revenue": 333100000,
      "gross_profit": 133900000,
      "operating_income": null,
      "net_income": 43500000,
      "opex": null,
      "cogs": 199200000,
      "rd": 7000000,
      "sga": 44100000,
      "fcf": 129700000,
      "ocf": 129700000,
      "capex": null,
      "gross_margin": 0.4019813869708796,
      "op_margin": null,
      "fcf_margin": 0.3893725607925548,
      "rev_growth_yoy": -0.1162111966038737,
      "rev_growth_yoy_accel": -0.05092701841646971,
      "fcf_margin_change": 0.17299348656631539
    }
  ],
  "signals": [
    {
      "quarter": "2025-09 (Q3)",
      "signal": "FCF MARGIN EXPANSION",
      "detail": "FCF margin: +21.6% -> +38.9% (+17.3%)",
      "severity": "MEDIUM"
    },
    {
      "quarter": "2025-09 (Q3)",
      "signal": "GROSS MARGIN INFLECTION",
      "detail": "GM: +39.9% -> +37.8% -> +40.2% (reversal +2.4%)",
      "severity": "MEDIUM"
    },
    {
      "quarter": "2025-09 (Q3)",
      "signal": "YoY REVENUE GROWTH DECELERATION",
      "detail": "YoY growth: -11.6% vs prior quarter YoY: -6.5% (decel: -5.1%)",
      "severity": "WARNING"
    },
    {
      "quarter": "2025-06 (Q2)",
      "signal": "FCF MARGIN EXPANSION",
      "detail": "FCF margin: +8.9% -> +21.6% (+12.7%)",
      "severity": "MEDIUM"
    },
    {
      "quarter": "2025-06 (Q2)",
      "signal": "YoY REVENUE GROWTH ACCELERATION",
      "detail": "YoY growth: -6.5% vs prior quarter YoY: -16.5% (accel: +10.0%)",
      "severity": "MEDIUM"
    },
    {
      "quarter": "2025-03 (Q1)",
      "signal": "GROSS MARGIN INFLECTION",
      "detail": "GM: +34.5% -> +34.1% -> +39.9% (reversal +5.8%)",
      "severity": "HIGH"
    },
    {
      "quarter": "2024-12 (Q4)",
      "signal": "FCF MARGIN EXPANSION",
      "detail": "FCF margin: +12.3% -> +21.6% (+9.2%)",
      "severity": "MEDIUM"
    },
    {
      "quarter": "2024-06 (Q2)",
      "signal": "FCF TURNED POSITIVE",
      "detail": "FCF margin: -3.6% -> +7.6%",
      "severity": "HIGH"
    },
    {
      "quarter": "2024-06 (Q2)",
      "signal": "YoY REVENUE GROWTH DECELERATION",
      "detail": "YoY growth: -18.9% vs prior quarter YoY: -13.4% (decel: -5.6%)",
      "severity": "WARNING"
    },
    {
      "quarter": "2024-03 (Q1)",
      "signal": "GROSS MARGIN INFLECTION",
      "detail": "GM: +28.9% -> +16.0% -> +29.3% (reversal +13.3%)",
      "severity": "HIGH"
    },
    {
      "quarter": "2024-03 (Q1)",
      "signal": "YoY REVENUE GROWTH DECELERATION",
      "detail": "YoY growth: -13.4% vs prior quarter YoY: -3.1% (decel: -10.3%)",
      "severity": "WARNING"
    },
    {
      "quarter": "2024-03 (Q1)",
      "signal": "INCREMENTAL MARGIN (YoY)",
      "detail": "YoY Incr OPM: +51.4% vs year-ago OPM: +26.5%",
      "severity": "HIGH"
    },
    {
      "quarter": "2023-12 (Q4)",
      "signal": "INCREMENTAL MARGIN (YoY)",
      "detail": "YoY Incr OPM: +105.0% vs year-ago OPM: +19.4%",
      "severity": "HIGH"
    },
    {
      "quarter": "2023-09 (Q3)",
      "signal": "FCF MARGIN EXPANSION",
      "detail": "FCF margin: +10.0% -> +23.6% (+13.5%)",
      "severity": "MEDIUM"
    },
    {
      "quarter": "2023-09 (Q3)",
      "signal": "YoY REVENUE GROWTH DECELERATION",
      "detail": "YoY growth: -7.5% vs prior quarter YoY: +14.7% (decel: -22.2%)",
      "severity": "WARNING"
    },
    {
      "quarter": "2023-09 (Q3)",
      "signal": "INCREMENTAL MARGIN (YoY)",
      "detail": "YoY Incr OPM: +77.2% vs year-ago OPM: +28.7%",
      "severity": "HIGH"
    },
    {
      "quarter": "2023-06 (Q2)",
      "signal": "FCF MARGIN EXPANSION",
      "detail": "FCF margin: +1.3% -> +10.0% (+8.7%)",
      "severity": "MEDIUM"
    },
    {
      "quarter": "2023-06 (Q2)",
      "signal": "YoY REVENUE GROWTH ACCELERATION",
      "detail": "YoY growth: +14.7% vs prior quarter YoY: +2.6% (accel: +12.2%)",
      "severity": "MEDIUM"
    },
    {
      "quarter": "2023-03 (Q1)",
      "signal": "GROSS MARGIN INFLECTION",
      "detail": "GM: +36.6% -> +27.5% -> +33.2% (reversal +5.7%)",
      "severity": "HIGH"
    },
    {
      "quarter": "2023-03 (Q1)",
      "signal": "YoY REVENUE GROWTH DECELERATION",
      "detail": "YoY growth: +2.6% vs prior quarter YoY: +14.2% (decel: -11.6%)",
      "severity": "WARNING"
    },
    {
      "quarter": "2022-12 (Q4)",
      "signal": "YoY REVENUE GROWTH DECELERATION",
      "detail": "YoY growth: +14.2% vs prior quarter YoY: +27.9% (decel: -13.8%)",
      "severity": "WARNING"
    },
    {
      "quarter": "2022-09 (Q3)",
      "signal": "YoY REVENUE GROWTH ACCELERATION",
      "detail": "YoY growth: +27.9% vs prior quarter YoY: +17.2% (accel: +10.8%)",
      "severity": "MEDIUM"
    },
    {
      "quarter": "2022-06 (Q2)",
      "signal": "FCF MARGIN EXPANSION",
      "detail": "FCF margin: +6.3% -> +21.6% (+15.2%)",
      "severity": "MEDIUM"
    },
    {
      "quarter": "2022-03 (Q1)",
      "signal": "GROSS MARGIN INFLECTION",
      "detail": "GM: +37.6% -> +31.2% -> +36.0% (reversal +4.7%)",
      "severity": "MEDIUM"
    },
    {
      "quarter": "2022-03 (Q1)",
      "signal": "YoY REVENUE GROWTH ACCELERATION",
      "detail": "YoY growth: +19.5% vs prior quarter YoY: +3.2% (accel: +16.3%)",
      "severity": "HIGH"
    },
    {
      "quarter": "2021-09 (Q3)",
      "signal": "FCF MARGIN EXPANSION",
      "detail": "FCF margin: +18.4% -> +26.6% (+8.2%)",
      "severity": "MEDIUM"
    },
    {
      "quarter": "2021-09 (Q3)",
      "signal": "OPERATING LEVERAGE",
      "detail": "Rev growth +5.1% vs OpEx growth +0.9% (leverage: 5.7x)",
      "severity": "MEDIUM"
    },
    {
      "quarter": "2021-06 (Q2)",
      "signal": "OPERATING LEVERAGE",
      "detail": "Rev growth +11.9% vs OpEx growth +6.2% (leverage: 1.9x)",
      "severity": "MEDIUM"
    }
  ],
  "data_quality": {
    "n_quarters": 20,
    "coverage": {
      "revenue": [
        20,
        20
      ],
      "gross_profit": [
        20,
        20
      ],
      "op_income": [
        17,
        20
      ],
      "fcf": [
        20,
        20
      ]
    },
    "gaps": [],
    "warnings": []
  },
  "market_cap": null,
  "source": "SEC EDGAR",
  "last_updated": "2026-02-02T21:29:51.832163",
  "sector": "Basic Materials",
  "industry": "Specialty Chemicals"
}