{
  "ticker": "NHTC",
  "name": "Natural Health Trends Corp.",
  "quarters": [
    {
      "date": "2020-12-31T00:00:00",
      "quarter_label": "2020-12 (Q4)",
      "revenue": 16595000,
      "gross_profit": 12571000,
      "operating_income": 1266000,
      "net_income": 747000,
      "opex": 11305000,
      "cogs": 4024000,
      "rd": null,
      "sga": 4437000,
      "fcf": 3351000,
      "ocf": 3415000,
      "capex": -64000,
      "gross_margin": 0.7575173244953299,
      "op_margin": 0.07628803856583308,
      "fcf_margin": 0.2019282916541127
    },
    {
      "date": "2021-03-31T00:00:00",
      "quarter_label": "2021-03 (Q1)",
      "revenue": 13469000,
      "gross_profit": 10214000,
      "operating_income": 220000,
      "net_income": 153000,
      "opex": 9994000,
      "cogs": 3255000,
      "rd": null,
      "sga": 4480000,
      "fcf": 351000,
      "ocf": 414000,
      "capex": -63000,
      "gross_margin": 0.7583339520380132,
      "op_margin": 0.016333803548890045,
      "fcf_margin": 0.026059841116638206,
      "fcf_margin_change": -0.1758684505374745
    },
    {
      "date": "2021-06-30T00:00:00",
      "quarter_label": "2021-06 (Q2)",
      "revenue": 16152000,
      "gross_profit": 12218000,
      "operating_income": 385000,
      "net_income": 229000,
      "opex": 11833000,
      "cogs": 3934000,
      "rd": null,
      "sga": 4906000,
      "fcf": 50000,
      "ocf": 134000,
      "capex": -84000,
      "gross_margin": 0.7564388311045072,
      "op_margin": 0.02383605745418524,
      "fcf_margin": 0.003095591877166914,
      "op_leverage_ratio": 1.0825374651420976,
      "fcf_margin_change": -0.022964249239471293
    },
    {
      "date": "2021-09-30T00:00:00",
      "quarter_label": "2021-09 (Q3)",
      "revenue": 14276000,
      "gross_profit": 10608000,
      "operating_income": 479000,
      "net_income": 471000,
      "opex": 10129000,
      "cogs": 3668000,
      "rd": null,
      "sga": 4102000,
      "fcf": -1123000,
      "ocf": -1105000,
      "capex": -18000,
      "gross_margin": 0.7430652843933875,
      "op_margin": 0.03355281591482208,
      "fcf_margin": -0.07866349117399832,
      "fcf_margin_change": -0.08175908305116524
    },
    {
      "date": "2021-12-31T00:00:00",
      "quarter_label": "2021-12 (Q4)",
      "revenue": 16108000,
      "gross_profit": 11955000,
      "operating_income": 487000,
      "net_income": 232000,
      "opex": 11468000,
      "cogs": 4153000,
      "rd": null,
      "sga": 4358000,
      "fcf": 1513000,
      "ocf": 1573000,
      "capex": -60000,
      "gross_margin": 0.7421777998510057,
      "op_margin": 0.03023342438539856,
      "fcf_margin": 0.09392848274149491,
      "rev_growth_yoy": -0.02934618861102742,
      "op_leverage_ratio": 0.9707444677018161,
      "fcf_margin_change": 0.17259197391549325
    },
    {
      "date": "2022-03-31T00:00:00",
      "quarter_label": "2022-03 (Q1)",
      "revenue": 11546000,
      "gross_profit": 8638000,
      "operating_income": -383000,
      "net_income": -105000,
      "opex": 9021000,
      "cogs": 2908000,
      "rd": null,
      "sga": 4281000,
      "fcf": -2388000,
      "ocf": -2348000,
      "capex": -40000,
      "gross_margin": 0.7481378832496103,
      "op_margin": -0.03317166118136151,
      "fcf_margin": -0.20682487441538194,
      "incr_op_margin_yoy": 0.31357254290171604,
      "rev_growth_yoy": -0.14277229192961616,
      "rev_growth_yoy_accel": -0.11342610331858874,
      "fcf_margin_change": -0.30075335715687684
    },
    {
      "date": "2022-06-30T00:00:00",
      "quarter_label": "2022-06 (Q2)",
      "revenue": 13360000,
      "gross_profit": 9968000,
      "operating_income": 215000,
      "net_income": 183000,
      "opex": 9753000,
      "cogs": 3392000,
      "rd": null,
      "sga": 3986000,
      "fcf": -1190000,
      "ocf": -1152000,
      "capex": -38000,
      "gross_margin": 0.7461077844311377,
      "op_margin": 0.016092814371257484,
      "fcf_margin": -0.08907185628742514,
      "incr_op_margin_yoy": 0.06088825214899714,
      "rev_growth_yoy": -0.1728578504210005,
      "rev_growth_yoy_accel": -0.030085558491384334,
      "op_leverage_ratio": 1.9361960568275722,
      "fcf_margin_change": 0.1177530181279568
    },
    {
      "date": "2022-09-30T00:00:00",
      "quarter_label": "2022-09 (Q3)",
      "revenue": 11716000,
      "gross_profit": 8618000,
      "operating_income": -145000,
      "net_income": 47000,
      "opex": 8763000,
      "cogs": 3098000,
      "rd": null,
      "sga": 3900000,
      "fcf": -2342000,
      "ocf": -2290000,
      "capex": -52000,
      "gross_margin": 0.7355752816660976,
      "op_margin": -0.012376237623762377,
      "fcf_margin": -0.199897575964493,
      "incr_op_margin_yoy": 0.24375,
      "rev_growth_yoy": -0.17932193891846457,
      "rev_growth_yoy_accel": -0.006464088497464077,
      "fcf_margin_change": -0.11082571967706786
    },
    {
      "date": "2022-12-31T00:00:00",
      "quarter_label": "2022-12 (Q4)",
      "revenue": 12512000,
      "gross_profit": 9249000,
      "operating_income": 43000,
      "net_income": 188000,
      "opex": 9206000,
      "cogs": 3263000,
      "rd": null,
      "sga": 3829000,
      "fcf": 925000,
      "ocf": 938000,
      "capex": -13000,
      "gross_margin": 0.739210358056266,
      "op_margin": 0.0034367007672634273,
      "fcf_margin": 0.07392902813299233,
      "incr_op_margin_yoy": 0.12347052280311457,
      "rev_growth_yoy": -0.22324310901415445,
      "rev_growth_yoy_accel": -0.04392117009568988,
      "op_leverage_ratio": 1.3439490053154146,
      "fcf_margin_change": 0.2738266040974853
    },
    {
      "date": "2023-03-31T00:00:00",
      "quarter_label": "2023-03 (Q1)",
      "revenue": 11861000,
      "gross_profit": 8830000,
      "operating_income": -394000,
      "net_income": 257000,
      "opex": 9224000,
      "cogs": 3031000,
      "rd": null,
      "sga": 4232000,
      "fcf": -703000,
      "ocf": -696000,
      "capex": -7000,
      "gross_margin": 0.7444566225444735,
      "op_margin": -0.03321810977152011,
      "fcf_margin": -0.05926987606441278,
      "rev_growth_yoy": 0.027282175645245106,
      "rev_growth_yoy_accel": 0.25052528465939955,
      "fcf_margin_change": -0.1331989041974051
    },
    {
      "date": "2023-06-30T00:00:00",
      "quarter_label": "2023-06 (Q2)",
      "revenue": 10511000,
      "gross_profit": 7845000,
      "operating_income": -743000,
      "net_income": -219000,
      "opex": 8588000,
      "cogs": 2666000,
      "rd": null,
      "sga": 4080000,
      "fcf": -2651000,
      "ocf": -2644000,
      "capex": -7000,
      "gross_margin": 0.7463609551898012,
      "op_margin": -0.07068785082294739,
      "fcf_margin": -0.2522119684140424,
      "incr_op_margin_yoy": 0.33625833625833623,
      "rev_growth_yoy": -0.21324850299401196,
      "rev_growth_yoy_accel": -0.24053067863925706,
      "fcf_margin_change": -0.19294209234962964
    },
    {
      "date": "2023-09-30T00:00:00",
      "quarter_label": "2023-09 (Q3)",
      "revenue": 10615000,
      "gross_profit": 7926000,
      "operating_income": -292000,
      "net_income": 172000,
      "opex": 8218000,
      "cogs": 2689000,
      "rd": null,
      "sga": 3857000,
      "fcf": -887000,
      "ocf": -869000,
      "capex": -18000,
      "gross_margin": 0.746679227508243,
      "op_margin": -0.027508243052284505,
      "fcf_margin": -0.08356099858690533,
      "incr_op_margin_yoy": 0.1335149863760218,
      "rev_growth_yoy": -0.09397405257767157,
      "rev_growth_yoy_accel": 0.1192744504163404,
      "fcf_margin_change": 0.1686509698271371
    },
    {
      "date": "2023-12-31T00:00:00",
      "quarter_label": "2023-12 (Q4)",
      "revenue": 10937000,
      "gross_profit": 8148000,
      "operating_income": -242000,
      "net_income": 358000,
      "opex": 8390000,
      "cogs": 2789000,
      "rd": null,
      "sga": 3837000,
      "fcf": -83000,
      "ocf": -69000,
      "capex": -14000,
      "gross_margin": 0.7449940568711713,
      "op_margin": -0.022126725793179116,
      "fcf_margin": -0.007588918350553168,
      "incr_op_margin_yoy": 0.18095238095238095,
      "rev_growth_yoy": -0.12587915601023017,
      "rev_growth_yoy_accel": -0.031905103432558604,
      "op_leverage_ratio": 1.4493509623284295,
      "fcf_margin_change": 0.07597208023635216
    },
    {
      "date": "2024-03-31T00:00:00",
      "quarter_label": "2024-03 (Q1)",
      "revenue": 10951000,
      "gross_profit": 8039000,
      "operating_income": -365000,
      "net_income": 188000,
      "opex": 8404000,
      "cogs": 2912000,
      "rd": null,
      "sga": 3918000,
      "fcf": 538000,
      "ocf": 549000,
      "capex": -11000,
      "gross_margin": 0.734088211122272,
      "op_margin": -0.03333028947128116,
      "fcf_margin": 0.04912793352205278,
      "rev_growth_yoy": -0.07672203018295254,
      "rev_growth_yoy_accel": 0.04915712582727763,
      "fcf_margin_change": 0.05671685187260595
    },
    {
      "date": "2024-06-30T00:00:00",
      "quarter_label": "2024-06 (Q2)",
      "revenue": 10475000,
      "gross_profit": 7776000,
      "operating_income": -238000,
      "net_income": 173000,
      "opex": 8014000,
      "cogs": 2699000,
      "rd": null,
      "sga": 3811000,
      "fcf": -3587000,
      "ocf": -3568000,
      "capex": -19000,
      "gross_margin": 0.7423389021479714,
      "op_margin": -0.022720763723150357,
      "fcf_margin": -0.3424343675417661,
      "rev_growth_yoy": -0.0034249833507753783,
      "rev_growth_yoy_accel": 0.07329704683217717,
      "fcf_margin_change": -0.3915623010638189
    },
    {
      "date": "2024-09-30T00:00:00",
      "quarter_label": "2024-09 (Q3)",
      "revenue": 10691000,
      "gross_profit": 7926000,
      "operating_income": -275000,
      "net_income": 35000,
      "opex": 8201000,
      "cogs": 2765000,
      "rd": null,
      "sga": 3868000,
      "fcf": -443000,
      "ocf": -436000,
      "capex": -7000,
      "gross_margin": 0.741371246843139,
      "op_margin": -0.02572257038630624,
      "fcf_margin": -0.04143672247684969,
      "rev_growth_yoy": 0.007159679698539802,
      "rev_growth_yoy_accel": 0.01058466304931518,
      "op_leverage_ratio": 0.8837052825035416,
      "fcf_margin_change": 0.3009976450649164
    },
    {
      "date": "2024-12-31T00:00:00",
      "quarter_label": "2024-12 (Q4)",
      "revenue": 10846000,
      "gross_profit": 8044000,
      "operating_income": -421000,
      "net_income": 176000,
      "opex": 8465000,
      "cogs": 2802000,
      "rd": null,
      "sga": 3916000,
      "fcf": 68000,
      "ocf": 88000,
      "capex": -20000,
      "gross_margin": 0.741655910012908,
      "op_margin": -0.038816153420615895,
      "fcf_margin": 0.006269592476489028,
      "rev_growth_yoy": -0.00832038036024504,
      "rev_growth_yoy_accel": -0.015480060058784842,
      "op_leverage_ratio": 0.4503770517824394,
      "fcf_margin_change": 0.04770631495333871
    },
    {
      "date": "2025-03-31T00:00:00",
      "quarter_label": "2025-03 (Q1)",
      "revenue": 10737000,
      "gross_profit": 7905000,
      "operating_income": -345000,
      "net_income": 122000,
      "opex": 8250000,
      "cogs": 2832000,
      "rd": null,
      "sga": 3762000,
      "fcf": 468000,
      "ocf": 484000,
      "capex": -16000,
      "gross_margin": 0.736239172953339,
      "op_margin": -0.03213188041352333,
      "fcf_margin": 0.04358759430008382,
      "rev_growth_yoy": -0.019541594374942926,
      "rev_growth_yoy_accel": -0.011221214014697887,
      "fcf_margin_change": 0.03731800182359479
    },
    {
      "date": "2025-06-30T00:00:00",
      "quarter_label": "2025-06 (Q2)",
      "revenue": 9813000,
      "gross_profit": 7255000,
      "operating_income": -333000,
      "net_income": 15000,
      "opex": 7588000,
      "cogs": 2558000,
      "rd": null,
      "sga": 3576000,
      "fcf": -5639000,
      "ocf": -5635000,
      "capex": -4000,
      "gross_margin": 0.7393253846937735,
      "op_margin": -0.03393457658208499,
      "fcf_margin": -0.5746458779170488,
      "rev_growth_yoy": -0.0631980906921241,
      "rev_growth_yoy_accel": -0.04365649631718118,
      "fcf_margin_change": -0.6182334722171327
    },
    {
      "date": "2025-09-30T00:00:00",
      "quarter_label": "2025-09 (Q3)",
      "revenue": 9477000,
      "gross_profit": 6987000,
      "operating_income": -495000,
      "net_income": -431000,
      "opex": 7482000,
      "cogs": 2490000,
      "rd": null,
      "sga": 3606000,
      "fcf": 70000,
      "ocf": 113000,
      "capex": -43000,
      "gross_margin": 0.737258626147515,
      "op_margin": -0.052231718898385564,
      "fcf_margin": 0.007386303682599979,
      "incr_op_margin_yoy": 0.1812191103789127,
      "rev_growth_yoy": -0.11355345617809372,
      "rev_growth_yoy_accel": -0.05035536548596961,
      "fcf_margin_change": 0.5820321815996488
    }
  ],
  "signals": [
    {
      "quarter": "2025-09 (Q3)",
      "signal": "FCF TURNED POSITIVE",
      "detail": "FCF margin: -57.5% -> +0.7%",
      "severity": "HIGH"
    },
    {
      "quarter": "2025-09 (Q3)",
      "signal": "YoY REVENUE GROWTH DECELERATION",
      "detail": "YoY growth: -11.4% vs prior quarter YoY: -6.3% (decel: -5.0%)",
      "severity": "WARNING"
    },
    {
      "quarter": "2024-12 (Q4)",
      "signal": "FCF TURNED POSITIVE",
      "detail": "FCF margin: -4.1% -> +0.6%",
      "severity": "HIGH"
    },
    {
      "quarter": "2024-09 (Q3)",
      "signal": "FCF MARGIN EXPANSION",
      "detail": "FCF margin: -34.2% -> -4.1% (+30.1%)",
      "severity": "MEDIUM"
    },
    {
      "quarter": "2024-06 (Q2)",
      "signal": "YoY REVENUE GROWTH ACCELERATION",
      "detail": "YoY growth: -0.3% vs prior quarter YoY: -7.7% (accel: +7.3%)",
      "severity": "MEDIUM"
    },
    {
      "quarter": "2024-03 (Q1)",
      "signal": "FCF TURNED POSITIVE",
      "detail": "FCF margin: -0.8% -> +4.9%",
      "severity": "HIGH"
    },
    {
      "quarter": "2023-12 (Q4)",
      "signal": "FCF MARGIN EXPANSION",
      "detail": "FCF margin: -8.4% -> -0.8% (+7.6%)",
      "severity": "MEDIUM"
    },
    {
      "quarter": "2023-09 (Q3)",
      "signal": "FCF MARGIN EXPANSION",
      "detail": "FCF margin: -25.2% -> -8.4% (+16.9%)",
      "severity": "MEDIUM"
    },
    {
      "quarter": "2023-09 (Q3)",
      "signal": "YoY REVENUE GROWTH ACCELERATION",
      "detail": "YoY growth: -9.4% vs prior quarter YoY: -21.3% (accel: +11.9%)",
      "severity": "MEDIUM"
    },
    {
      "quarter": "2023-06 (Q2)",
      "signal": "YoY REVENUE GROWTH DECELERATION",
      "detail": "YoY growth: -21.3% vs prior quarter YoY: +2.7% (decel: -24.1%)",
      "severity": "WARNING"
    },
    {
      "quarter": "2023-03 (Q1)",
      "signal": "YoY REVENUE GROWTH ACCELERATION",
      "detail": "YoY growth: +2.7% vs prior quarter YoY: -22.3% (accel: +25.1%)",
      "severity": "HIGH"
    },
    {
      "quarter": "2022-12 (Q4)",
      "signal": "FCF TURNED POSITIVE",
      "detail": "FCF margin: -20.0% -> +7.4%",
      "severity": "HIGH"
    },
    {
      "quarter": "2022-12 (Q4)",
      "signal": "OP MARGIN TURNED POSITIVE (QoQ)",
      "detail": "Op margin: -1.2% -> +0.3%",
      "severity": "HIGH"
    },
    {
      "quarter": "2022-06 (Q2)",
      "signal": "FCF MARGIN EXPANSION",
      "detail": "FCF margin: -20.7% -> -8.9% (+11.8%)",
      "severity": "MEDIUM"
    },
    {
      "quarter": "2022-06 (Q2)",
      "signal": "OPERATING LEVERAGE",
      "detail": "Rev growth +15.7% vs OpEx growth +8.1% (leverage: 1.9x)",
      "severity": "MEDIUM"
    },
    {
      "quarter": "2022-06 (Q2)",
      "signal": "OP MARGIN TURNED POSITIVE (QoQ)",
      "detail": "Op margin: -3.3% -> +1.6%",
      "severity": "HIGH"
    },
    {
      "quarter": "2022-03 (Q1)",
      "signal": "YoY REVENUE GROWTH DECELERATION",
      "detail": "YoY growth: -14.3% vs prior quarter YoY: -2.9% (decel: -11.3%)",
      "severity": "WARNING"
    },
    {
      "quarter": "2021-12 (Q4)",
      "signal": "FCF TURNED POSITIVE",
      "detail": "FCF margin: -7.9% -> +9.4%",
      "severity": "HIGH"
    }
  ],
  "data_quality": {
    "n_quarters": 20,
    "coverage": {
      "revenue": [
        20,
        20
      ],
      "gross_profit": [
        20,
        20
      ],
      "op_income": [
        20,
        20
      ],
      "fcf": [
        20,
        20
      ]
    },
    "gaps": [],
    "warnings": []
  },
  "market_cap": null,
  "source": "SEC EDGAR",
  "last_updated": "2026-02-02T23:42:28.722212",
  "sector": "Consumer Cyclical",
  "industry": "Internet Retail"
}