{
  "ticker": "NI",
  "name": "NiSource Inc.",
  "sector": "Utilities",
  "industry": "Utilities - Regulated Gas",
  "quarters": [
    {
      "date": "2021-03-31T00:00:00",
      "quarter_label": "2021-03 (Q1)",
      "revenue": 1545600000,
      "gross_profit": 1068800000,
      "operating_income": 433200000,
      "net_income": 295500000,
      "opex": 635600000,
      "cogs": 476800000,
      "rd": null,
      "sga": null,
      "fcf": 81300000,
      "ocf": 448300000,
      "capex": -367000000,
      "gross_margin": 0.6915113871635611,
      "op_margin": 0.2802795031055901,
      "fcf_margin": 0.05260093167701863
    },
    {
      "date": "2021-06-30T00:00:00",
      "quarter_label": "2021-06 (Q2)",
      "revenue": 986000000,
      "gross_profit": 757700000,
      "operating_income": 142200000,
      "net_income": 60300000,
      "opex": 615500000,
      "cogs": 228300000,
      "rd": null,
      "sga": null,
      "fcf": -176400000,
      "ocf": 254700000,
      "capex": -431100000,
      "gross_margin": 0.7684584178498985,
      "op_margin": 0.14421906693711967,
      "fcf_margin": -0.17890466531440163,
      "fcf_margin_change": -0.23150559699142026
    },
    {
      "date": "2021-09-30T00:00:00",
      "quarter_label": "2021-09 (Q3)",
      "revenue": 959400000,
      "gross_profit": 751100000,
      "operating_income": 147100000,
      "net_income": 63200000,
      "opex": 604000000,
      "cogs": 208300000,
      "rd": null,
      "sga": null,
      "fcf": -258400000,
      "ocf": 236300000,
      "capex": -494700000,
      "gross_margin": 0.7828851365436731,
      "op_margin": 0.1533249947884094,
      "fcf_margin": -0.2693350010423181,
      "fcf_margin_change": -0.09043033572791648
    },
    {
      "date": "2021-12-31T00:00:00",
      "quarter_label": "2021-12 (Q4)",
      "revenue": 1240300000,
      "gross_profit": 761400000,
      "operating_income": 284400000,
      "net_income": 165900000,
      "opex": 477000000,
      "cogs": 478900000,
      "rd": null,
      "sga": null,
      "fcf": -266600000,
      "ocf": 278600000,
      "capex": -545200000,
      "gross_margin": 0.6138837378053696,
      "op_margin": 0.22929936305732485,
      "fcf_margin": -0.21494799645247117,
      "op_leverage_ratio": null,
      "fcf_margin_change": 0.05438700458984694
    },
    {
      "date": "2022-03-31T00:00:00",
      "quarter_label": "2022-03 (Q1)",
      "revenue": 1873300000,
      "gross_profit": 1166600000,
      "operating_income": 600300000,
      "net_income": 426800000,
      "opex": 566300000,
      "cogs": 706700000,
      "rd": null,
      "sga": null,
      "fcf": 129700000,
      "ocf": 579800000,
      "capex": -450100000,
      "gross_margin": 0.6227512945070197,
      "op_margin": 0.32045054182458765,
      "fcf_margin": 0.06923610740404633,
      "incr_op_margin_yoy": 0.5099176075678975,
      "rev_growth_yoy": 0.2120212215320911,
      "op_leverage_ratio": 2.7261132051009223,
      "fcf_margin_change": 0.2841841038565175
    },
    {
      "date": "2022-06-30T00:00:00",
      "quarter_label": "2022-06 (Q2)",
      "revenue": 1183200000,
      "gross_profit": 799500000,
      "operating_income": 143300000,
      "net_income": 67000000,
      "opex": 656200000,
      "cogs": 383700000,
      "rd": null,
      "sga": null,
      "fcf": -139500000,
      "ocf": 327400000,
      "capex": -466900000,
      "gross_margin": 0.675709939148073,
      "op_margin": 0.12111223799864773,
      "fcf_margin": -0.11790060851926977,
      "incr_op_margin_yoy": 0.005578093306288032,
      "rev_growth_yoy": 0.2,
      "rev_growth_yoy_accel": -0.012021221532091092,
      "fcf_margin_change": -0.1871367159233161
    },
    {
      "date": "2022-09-30T00:00:00",
      "quarter_label": "2022-09 (Q3)",
      "revenue": 1089500000,
      "gross_profit": 758700000,
      "operating_income": 156700000,
      "net_income": 65800000,
      "opex": 602000000,
      "cogs": 330800000,
      "rd": null,
      "sga": null,
      "fcf": -477000000,
      "ocf": 129000000,
      "capex": -606000000,
      "gross_margin": 0.6963744837081229,
      "op_margin": 0.14382744378155116,
      "fcf_margin": -0.4378155117026159,
      "incr_op_margin_yoy": 0.07378939277478862,
      "rev_growth_yoy": 0.13560558682509902,
      "rev_growth_yoy_accel": -0.064394413174901,
      "fcf_margin_change": -0.31991490318334614
    },
    {
      "date": "2022-12-31T00:00:00",
      "quarter_label": "2022-12 (Q4)",
      "revenue": 1592600000,
      "gross_profit": 903300000,
      "operating_income": 365500000,
      "net_income": 244500000,
      "opex": 537800000,
      "cogs": 689300000,
      "rd": null,
      "sga": null,
      "fcf": -306900000,
      "ocf": 373200000,
      "capex": -680100000,
      "gross_margin": 0.5671857340198417,
      "op_margin": 0.22949893256310436,
      "fcf_margin": -0.19270375486625643,
      "incr_op_margin_yoy": 0.23020153278455863,
      "rev_growth_yoy": 0.28404418285898575,
      "rev_growth_yoy_accel": 0.14843859603388673,
      "op_leverage_ratio": null,
      "fcf_margin_change": 0.24511175683635947
    },
    {
      "date": "2023-03-31T00:00:00",
      "quarter_label": "2023-03 (Q1)",
      "revenue": 1966000000,
      "gross_profit": 1200900000,
      "operating_income": 531000000,
      "net_income": 333000000,
      "opex": 669900000,
      "cogs": 765100000,
      "rd": null,
      "sga": null,
      "fcf": 126300000,
      "ocf": 683400000,
      "capex": -557100000,
      "gross_margin": 0.6108341810783317,
      "op_margin": 0.27009155645981686,
      "fcf_margin": 0.06424211597151577,
      "incr_op_margin_yoy": -0.7475728155339806,
      "rev_growth_yoy": 0.04948486627875941,
      "rev_growth_yoy_accel": -0.23455931658022633,
      "op_leverage_ratio": 0.9545212086596954,
      "fcf_margin_change": 0.2569458708377722
    },
    {
      "date": "2023-06-30T00:00:00",
      "quarter_label": "2023-06 (Q2)",
      "revenue": 1090000000,
      "gross_profit": 838100000,
      "operating_income": 168900000,
      "net_income": 58800000,
      "opex": 669200000,
      "cogs": 251900000,
      "rd": null,
      "sga": null,
      "fcf": -97200000,
      "ocf": 507600000,
      "capex": -604800000,
      "gross_margin": 0.7688990825688073,
      "op_margin": 0.15495412844036696,
      "fcf_margin": -0.0891743119266055,
      "incr_op_margin_yoy": -0.27467811158798283,
      "rev_growth_yoy": -0.07876943881000677,
      "rev_growth_yoy_accel": -0.12825430508876617,
      "fcf_margin_change": -0.15341642789812127
    },
    {
      "date": "2023-09-30T00:00:00",
      "quarter_label": "2023-09 (Q3)",
      "revenue": 1027400000,
      "gross_profit": 846100000,
      "operating_income": 233000000,
      "net_income": 85100000,
      "opex": 613100000,
      "cogs": 181300000,
      "rd": null,
      "sga": null,
      "fcf": -378800000,
      "ocf": 344900000,
      "capex": -723700000,
      "gross_margin": 0.823535137239634,
      "op_margin": 0.22678606190383493,
      "fcf_margin": -0.3686976834728441,
      "incr_op_margin_yoy": -1.2286634460547503,
      "rev_growth_yoy": -0.05699862322166131,
      "rev_growth_yoy_accel": 0.021770815588345455,
      "fcf_margin_change": -0.2795233715462386
    },
    {
      "date": "2023-12-31T00:00:00",
      "quarter_label": "2023-12 (Q4)",
      "revenue": 1264400000,
      "gross_profit": 929400000,
      "operating_income": 362600000,
      "net_income": 237400000,
      "opex": 566800000,
      "cogs": 335000000,
      "rd": null,
      "sga": null,
      "fcf": -361000000,
      "ocf": 399200000,
      "capex": -760200000,
      "gross_margin": 0.7350521986713066,
      "op_margin": 0.28677633660234103,
      "fcf_margin": -0.2855109142676368,
      "incr_op_margin_yoy": 0.008836075563680683,
      "rev_growth_yoy": -0.20607811126459877,
      "rev_growth_yoy_accel": -0.14907948804293747,
      "op_leverage_ratio": null,
      "fcf_margin_change": 0.08318676920520729
    },
    {
      "date": "2024-03-31T00:00:00",
      "quarter_label": "2024-03 (Q1)",
      "revenue": 1706300000,
      "gross_profit": 1281300000,
      "operating_income": 583400000,
      "net_income": 365000000,
      "opex": 697900000,
      "cogs": 425000000,
      "rd": null,
      "sga": null,
      "fcf": -133300000,
      "ocf": 456200000,
      "capex": -589500000,
      "gross_margin": 0.7509230498739964,
      "op_margin": 0.34190939459649533,
      "fcf_margin": -0.07812225282775596,
      "incr_op_margin_yoy": -0.20177127454755486,
      "rev_growth_yoy": -0.13209562563580876,
      "rev_growth_yoy_accel": 0.07398248562879,
      "op_leverage_ratio": 1.5110076540677029,
      "fcf_margin_change": 0.20738866143988083
    },
    {
      "date": "2024-06-30T00:00:00",
      "quarter_label": "2024-06 (Q2)",
      "revenue": 1084700000,
      "gross_profit": 920000000,
      "operating_income": 237000000,
      "net_income": 85800000,
      "opex": 683000000,
      "cogs": 164700000,
      "rd": null,
      "sga": null,
      "fcf": -184300000,
      "ocf": 445500000,
      "capex": -629800000,
      "gross_margin": 0.8481607817829815,
      "op_margin": 0.21849359269844196,
      "fcf_margin": -0.169908730524569,
      "incr_op_margin_yoy": -12.849056603773585,
      "rev_growth_yoy": -0.004862385321100917,
      "rev_growth_yoy_accel": 0.12723324031470784,
      "fcf_margin_change": -0.09178647769681304
    },
    {
      "date": "2024-09-30T00:00:00",
      "quarter_label": "2024-09 (Q3)",
      "revenue": 1076300000,
      "gross_profit": 910400000,
      "operating_income": 218300000,
      "net_income": 85700000,
      "opex": 692100000,
      "cogs": 165900000,
      "rd": null,
      "sga": null,
      "fcf": -294700000,
      "ocf": 340000000,
      "capex": -634700000,
      "gross_margin": 0.8458608194741243,
      "op_margin": 0.202824491312831,
      "fcf_margin": -0.27380841772739944,
      "incr_op_margin_yoy": -0.3006134969325153,
      "rev_growth_yoy": 0.04759587307767179,
      "rev_growth_yoy_accel": 0.0524582583987727,
      "fcf_margin_change": -0.10389968720283044
    },
    {
      "date": "2024-12-31T00:00:00",
      "quarter_label": "2024-12 (Q4)",
      "revenue": 5282900000,
      "gross_profit": 4906300000,
      "operating_income": 416800000,
      "net_income": 223900000,
      "opex": 4489500000,
      "cogs": 376600000,
      "rd": null,
      "sga": null,
      "fcf": -220200000,
      "ocf": 539800000,
      "capex": -760000000,
      "gross_margin": 0.9287133960514111,
      "op_margin": 0.07889606087565541,
      "fcf_margin": -0.04168165212288705,
      "incr_op_margin_yoy": 0.0134876197586164,
      "rev_growth_yoy": 3.178187282505536,
      "rev_growth_yoy_accel": 3.1305914094278644,
      "op_leverage_ratio": 0.7123285979994987,
      "fcf_margin_change": 0.2321267656045124
    },
    {
      "date": "2025-03-31T00:00:00",
      "quarter_label": "2025-03 (Q1)",
      "revenue": 2149500000,
      "gross_profit": 1502000000,
      "operating_income": 759400000,
      "net_income": 474800000,
      "opex": 742600000,
      "cogs": 647500000,
      "rd": null,
      "sga": null,
      "fcf": 49100000,
      "ocf": 686400000,
      "capex": -637300000,
      "gross_margin": 0.698767155152361,
      "op_margin": 0.3532914631309607,
      "fcf_margin": 0.022842521516631773,
      "incr_op_margin_yoy": 0.3971119133574007,
      "rev_growth_yoy": 0.2597433042255172,
      "rev_growth_yoy_accel": -2.918443978280019,
      "fcf_margin_change": 0.06452417363951882
    },
    {
      "date": "2025-06-30T00:00:00",
      "quarter_label": "2025-06 (Q2)",
      "revenue": 1246500000,
      "gross_profit": 984700000,
      "operating_income": 262900000,
      "net_income": 102200000,
      "opex": 721800000,
      "cogs": 261800000,
      "rd": null,
      "sga": null,
      "fcf": -162800000,
      "ocf": 495400000,
      "capex": -658200000,
      "gross_margin": 0.7899719213798636,
      "op_margin": 0.2109105495387084,
      "fcf_margin": -0.13060569594865623,
      "incr_op_margin_yoy": 0.16007416563658838,
      "rev_growth_yoy": 0.14916566792661565,
      "rev_growth_yoy_accel": -0.11057763629890158,
      "fcf_margin_change": -0.153448217465288
    },
    {
      "date": "2025-09-30T00:00:00",
      "quarter_label": "2025-09 (Q3)",
      "revenue": 1240200000,
      "gross_profit": 1046600000,
      "operating_income": 297500000,
      "net_income": 94700000,
      "opex": 749100000,
      "cogs": 193600000,
      "rd": null,
      "sga": null,
      "fcf": -172600000,
      "ocf": 467900000,
      "capex": -640500000,
      "gross_margin": 0.8438961457829383,
      "op_margin": 0.2398806644089663,
      "fcf_margin": -0.13917110143525238,
      "incr_op_margin_yoy": 0.48322147651006714,
      "rev_growth_yoy": 0.15228096255690793,
      "rev_growth_yoy_accel": 0.0031152946302922813,
      "fcf_margin_change": -0.00856540548659615
    },
    {
      "date": "2025-12-31T00:00:00",
      "quarter_label": "2025-12 (Q4)",
      "revenue": 6522800000,
      "gross_profit": 6041300000,
      "operating_income": 515500000,
      "net_income": 257800000,
      "opex": 5525800000,
      "cogs": 481500000,
      "rd": null,
      "sga": null,
      "fcf": -133700000,
      "ocf": 712600000,
      "capex": -846300000,
      "gross_margin": 0.9261820077267431,
      "op_margin": 0.07903047770895934,
      "fcf_margin": -0.02049733243392408,
      "incr_op_margin_yoy": 0.0796031938059521,
      "rev_growth_yoy": 0.23470063790721005,
      "rev_growth_yoy_accel": 0.08241967535030212,
      "op_leverage_ratio": 0.6679867234505295,
      "fcf_margin_change": 0.1186737690013283
    }
  ],
  "signals": [
    {
      "quarter": "2025-12 (Q4)",
      "signal": "FCF MARGIN EXPANSION",
      "detail": "FCF margin: -13.9% -> -2.0% (+11.9%)",
      "severity": "MEDIUM"
    },
    {
      "quarter": "2025-12 (Q4)",
      "signal": "YoY REVENUE GROWTH ACCELERATION",
      "detail": "YoY growth: +23.5% vs prior quarter YoY: +15.2% (accel: +8.2%)",
      "severity": "MEDIUM"
    },
    {
      "quarter": "2025-09 (Q3)",
      "signal": "INCREMENTAL MARGIN (YoY)",
      "detail": "YoY Incr OPM: +48.3% vs year-ago OPM: +20.3%",
      "severity": "HIGH"
    },
    {
      "quarter": "2025-06 (Q2)",
      "signal": "GROSS MARGIN INFLECTION",
      "detail": "GM: +92.9% -> +69.9% -> +79.0% (reversal +9.1%)",
      "severity": "HIGH"
    },
    {
      "quarter": "2025-06 (Q2)",
      "signal": "YoY REVENUE GROWTH DECELERATION",
      "detail": "YoY growth: +14.9% vs prior quarter YoY: +26.0% (decel: -11.1%)",
      "severity": "WARNING"
    },
    {
      "quarter": "2025-03 (Q1)",
      "signal": "FCF TURNED POSITIVE",
      "detail": "FCF margin: -4.2% -> +2.3%",
      "severity": "HIGH"
    },
    {
      "quarter": "2025-03 (Q1)",
      "signal": "YoY REVENUE GROWTH DECELERATION",
      "detail": "YoY growth: +26.0% vs prior quarter YoY: +317.8% (decel: -291.8%)",
      "severity": "WARNING"
    },
    {
      "quarter": "2024-12 (Q4)",
      "signal": "FCF MARGIN EXPANSION",
      "detail": "FCF margin: -27.4% -> -4.2% (+23.2%)",
      "severity": "MEDIUM"
    },
    {
      "quarter": "2024-12 (Q4)",
      "signal": "GROSS MARGIN INFLECTION",
      "detail": "GM: +84.8% -> +84.6% -> +92.9% (reversal +8.3%)",
      "severity": "HIGH"
    },
    {
      "quarter": "2024-12 (Q4)",
      "signal": "YoY REVENUE GROWTH ACCELERATION",
      "detail": "YoY growth: +317.8% vs prior quarter YoY: +4.8% (accel: +313.1%)",
      "severity": "HIGH"
    },
    {
      "quarter": "2024-09 (Q3)",
      "signal": "YoY REVENUE GROWTH ACCELERATION",
      "detail": "YoY growth: +4.8% vs prior quarter YoY: -0.5% (accel: +5.2%)",
      "severity": "MEDIUM"
    },
    {
      "quarter": "2024-06 (Q2)",
      "signal": "YoY REVENUE GROWTH ACCELERATION",
      "detail": "YoY growth: -0.5% vs prior quarter YoY: -13.2% (accel: +12.7%)",
      "severity": "MEDIUM"
    },
    {
      "quarter": "2024-03 (Q1)",
      "signal": "FCF MARGIN EXPANSION",
      "detail": "FCF margin: -28.6% -> -7.8% (+20.7%)",
      "severity": "MEDIUM"
    },
    {
      "quarter": "2024-03 (Q1)",
      "signal": "OPERATING LEVERAGE",
      "detail": "Rev growth +34.9% vs OpEx growth +23.1% (leverage: 1.5x)",
      "severity": "MEDIUM"
    },
    {
      "quarter": "2024-03 (Q1)",
      "signal": "YoY REVENUE GROWTH ACCELERATION",
      "detail": "YoY growth: -13.2% vs prior quarter YoY: -20.6% (accel: +7.4%)",
      "severity": "MEDIUM"
    },
    {
      "quarter": "2023-12 (Q4)",
      "signal": "FCF MARGIN EXPANSION",
      "detail": "FCF margin: -36.9% -> -28.6% (+8.3%)",
      "severity": "MEDIUM"
    },
    {
      "quarter": "2023-12 (Q4)",
      "signal": "YoY REVENUE GROWTH DECELERATION",
      "detail": "YoY growth: -20.6% vs prior quarter YoY: -5.7% (decel: -14.9%)",
      "severity": "WARNING"
    },
    {
      "quarter": "2023-06 (Q2)",
      "signal": "YoY REVENUE GROWTH DECELERATION",
      "detail": "YoY growth: -7.9% vs prior quarter YoY: +4.9% (decel: -12.8%)",
      "severity": "WARNING"
    },
    {
      "quarter": "2023-03 (Q1)",
      "signal": "FCF TURNED POSITIVE",
      "detail": "FCF margin: -19.3% -> +6.4%",
      "severity": "HIGH"
    },
    {
      "quarter": "2023-03 (Q1)",
      "signal": "GROSS MARGIN INFLECTION",
      "detail": "GM: +69.6% -> +56.7% -> +61.1% (reversal +4.4%)",
      "severity": "MEDIUM"
    },
    {
      "quarter": "2023-03 (Q1)",
      "signal": "YoY REVENUE GROWTH DECELERATION",
      "detail": "YoY growth: +4.9% vs prior quarter YoY: +28.4% (decel: -23.5%)",
      "severity": "WARNING"
    },
    {
      "quarter": "2022-12 (Q4)",
      "signal": "FCF MARGIN EXPANSION",
      "detail": "FCF margin: -43.8% -> -19.3% (+24.5%)",
      "severity": "MEDIUM"
    },
    {
      "quarter": "2022-12 (Q4)",
      "signal": "YoY REVENUE GROWTH ACCELERATION",
      "detail": "YoY growth: +28.4% vs prior quarter YoY: +13.6% (accel: +14.8%)",
      "severity": "MEDIUM"
    },
    {
      "quarter": "2022-09 (Q3)",
      "signal": "YoY REVENUE GROWTH DECELERATION",
      "detail": "YoY growth: +13.6% vs prior quarter YoY: +20.0% (decel: -6.4%)",
      "severity": "WARNING"
    },
    {
      "quarter": "2022-03 (Q1)",
      "signal": "FCF TURNED POSITIVE",
      "detail": "FCF margin: -21.5% -> +6.9%",
      "severity": "HIGH"
    },
    {
      "quarter": "2022-03 (Q1)",
      "signal": "OPERATING LEVERAGE",
      "detail": "Rev growth +51.0% vs OpEx growth +18.7% (leverage: 2.7x)",
      "severity": "MEDIUM"
    },
    {
      "quarter": "2022-03 (Q1)",
      "signal": "INCREMENTAL MARGIN (YoY)",
      "detail": "YoY Incr OPM: +51.0% vs year-ago OPM: +28.0%",
      "severity": "HIGH"
    },
    {
      "quarter": "2021-12 (Q4)",
      "signal": "FCF MARGIN EXPANSION",
      "detail": "FCF margin: -26.9% -> -21.5% (+5.4%)",
      "severity": "MEDIUM"
    }
  ],
  "data_quality": {
    "n_quarters": 20,
    "coverage": {
      "revenue": [
        20,
        20
      ],
      "gross_profit": [
        20,
        20
      ],
      "op_income": [
        20,
        20
      ],
      "fcf": [
        20,
        20
      ]
    },
    "gaps": [],
    "warnings": []
  },
  "market_cap": null,
  "source": "SEC EDGAR",
  "last_updated": "2026-02-24T11:02:47.717943"
}