{
  "ticker": "NIXX",
  "name": "NIXXY, INC.",
  "quarters": [
    {
      "date": "2020-12-31T00:00:00",
      "quarter_label": "2020-12 (Q4)",
      "revenue": 2344188,
      "gross_profit": 752786,
      "operating_income": -1566046,
      "net_income": -8048435,
      "opex": 2318832,
      "cogs": 1591402,
      "rd": null,
      "sga": null,
      "fcf": -599579,
      "ocf": -599579,
      "capex": null,
      "gross_margin": 0.3211286808054644,
      "op_margin": -0.6680547805892701,
      "fcf_margin": -0.25577257455460056
    },
    {
      "date": "2021-03-31T00:00:00",
      "quarter_label": "2021-03 (Q1)",
      "revenue": 3164545,
      "gross_profit": 909635,
      "operating_income": -1923646,
      "net_income": -6280066,
      "opex": 2833281,
      "cogs": 2254910,
      "rd": 70660,
      "sga": null,
      "fcf": -1324096,
      "ocf": -1324096,
      "capex": null,
      "gross_margin": 0.28744574654492194,
      "op_margin": -0.6078744337653597,
      "fcf_margin": -0.41841591761216856,
      "op_leverage_ratio": 1.5773839133507892,
      "fcf_margin_change": -0.162643343057568
    },
    {
      "date": "2021-06-30T00:00:00",
      "quarter_label": "2021-06 (Q2)",
      "revenue": 4380894,
      "gross_profit": 1434810,
      "operating_income": -2452892,
      "net_income": 3528279,
      "opex": 3887702,
      "cogs": 2946084,
      "rd": 75004,
      "sga": null,
      "fcf": -566289,
      "ocf": -566289,
      "capex": null,
      "gross_margin": 0.3275153427588068,
      "op_margin": -0.5599067222352333,
      "fcf_margin": -0.12926334213975504,
      "op_leverage_ratio": 1.0328149818717862,
      "fcf_margin_change": 0.2891525754724135
    },
    {
      "date": "2021-09-30T00:00:00",
      "quarter_label": "2021-09 (Q3)",
      "revenue": 6257882,
      "gross_profit": 2304222,
      "operating_income": -6555382,
      "net_income": -7650076,
      "opex": 8859604,
      "cogs": 3953660,
      "rd": 465141,
      "sga": 4882762,
      "fcf": -5095317,
      "ocf": -5095317,
      "capex": null,
      "gross_margin": 0.36821116153995875,
      "op_margin": -1.047540046296814,
      "fcf_margin": -0.8142238859729218,
      "op_leverage_ratio": 0.33501878494971005,
      "fcf_margin_change": -0.6849605438331667
    },
    {
      "date": "2021-12-31T00:00:00",
      "quarter_label": "2021-12 (Q4)",
      "revenue": 8380791,
      "gross_profit": 2626056,
      "operating_income": -6013031,
      "net_income": -5932752,
      "opex": 8639087,
      "cogs": 5754735,
      "rd": 541628,
      "sga": null,
      "fcf": -2029942,
      "ocf": -2029942,
      "capex": null,
      "gross_margin": 0.31334226089160316,
      "op_margin": -0.7174777416594686,
      "fcf_margin": -0.2422136526253906,
      "incr_op_margin_yoy": -0.736670110656606,
      "rev_growth_yoy": 2.575136038577111,
      "op_leverage_ratio": Infinity,
      "fcf_margin_change": 0.5720102333475312
    },
    {
      "date": "2022-03-31T00:00:00",
      "quarter_label": "2022-03 (Q1)",
      "revenue": 6868653,
      "gross_profit": 2690582,
      "operating_income": -4125737,
      "net_income": -4182338,
      "opex": 6816319,
      "cogs": 4178071,
      "rd": 593386,
      "sga": null,
      "fcf": -1196063,
      "ocf": -1196063,
      "capex": null,
      "gross_margin": 0.391719016814505,
      "op_margin": -0.6006617309099761,
      "fcf_margin": -0.1741335601026868,
      "incr_op_margin_yoy": -0.5944996744155407,
      "rev_growth_yoy": 1.1705025524996484,
      "rev_growth_yoy_accel": -1.4046334860774625,
      "fcf_margin_change": 0.0680800925227038
    },
    {
      "date": "2022-06-30T00:00:00",
      "quarter_label": "2022-06 (Q2)",
      "revenue": 7112450,
      "gross_profit": 2928972,
      "operating_income": -2333177,
      "net_income": -1188760,
      "opex": 5262149,
      "cogs": 4183478,
      "rd": 89473,
      "sga": null,
      "fcf": -536508,
      "ocf": -536508,
      "capex": null,
      "gross_margin": 0.4118091515581832,
      "op_margin": -0.32804125160809566,
      "fcf_margin": -0.07543223502449929,
      "incr_op_margin_yoy": 0.04382666875583001,
      "rev_growth_yoy": 0.6235156568499489,
      "rev_growth_yoy_accel": -0.5469868956496995,
      "op_leverage_ratio": Infinity,
      "fcf_margin_change": 0.0987013250781875
    },
    {
      "date": "2022-09-30T00:00:00",
      "quarter_label": "2022-09 (Q3)",
      "revenue": 6967642,
      "gross_profit": 2191450,
      "operating_income": -5417404,
      "net_income": -5626365,
      "opex": 7608854,
      "cogs": 4776192,
      "rd": 467605,
      "sga": 3717357,
      "fcf": -2924643,
      "ocf": -2924643,
      "capex": null,
      "gross_margin": 0.31451816841335994,
      "op_margin": -0.7775089477903715,
      "fcf_margin": -0.4197464508078917,
      "rev_growth_yoy": 0.11341856557857755,
      "rev_growth_yoy_accel": -0.5100970912713714,
      "fcf_margin_change": -0.3443142157833924
    },
    {
      "date": "2022-12-31T00:00:00",
      "quarter_label": "2022-12 (Q4)",
      "revenue": 4423529,
      "gross_profit": 936580,
      "operating_income": -4856146,
      "net_income": -5477225,
      "opex": 5792726,
      "cogs": 3486949,
      "rd": 208211,
      "sga": null,
      "fcf": -2292643,
      "ocf": -2291074,
      "capex": -1569,
      "gross_margin": 0.21172688141074694,
      "op_margin": -1.0977990649547003,
      "fcf_margin": -0.5182837051593875,
      "incr_op_margin_yoy": -0.2923448081021676,
      "rev_growth_yoy": -0.47218239901221737,
      "rev_growth_yoy_accel": -0.5856009645907949,
      "fcf_margin_change": -0.0985372543514958
    },
    {
      "date": "2023-03-31T00:00:00",
      "quarter_label": "2023-03 (Q1)",
      "revenue": 3292739,
      "gross_profit": 737314,
      "operating_income": -2803400,
      "net_income": -3315769,
      "opex": 3540714,
      "cogs": 2555425,
      "rd": 242280,
      "sga": null,
      "fcf": -1528066,
      "ocf": -1528066,
      "capex": null,
      "gross_margin": 0.22392117929784291,
      "op_margin": -0.8513884641327478,
      "fcf_margin": -0.4640714007396274,
      "incr_op_margin_yoy": -0.3697899334268106,
      "rev_growth_yoy": -0.5206135759078235,
      "rev_growth_yoy_accel": -0.048431176895606165,
      "fcf_margin_change": 0.054212304419760105
    },
    {
      "date": "2023-06-30T00:00:00",
      "quarter_label": "2023-06 (Q2)",
      "revenue": 2041129,
      "gross_profit": 436968,
      "operating_income": -939048,
      "net_income": -980273,
      "opex": 1376016,
      "cogs": 1604161,
      "rd": 84282,
      "sga": null,
      "fcf": -184599,
      "ocf": -184599,
      "capex": null,
      "gross_margin": 0.21408152057023344,
      "op_margin": -0.46006303374260027,
      "fcf_margin": -0.0904396537406504,
      "incr_op_margin_yoy": -0.27490450712940473,
      "rev_growth_yoy": -0.7130202672778017,
      "rev_growth_yoy_accel": -0.19240669136997812,
      "fcf_margin_change": 0.373631746998977
    },
    {
      "date": "2023-09-30T00:00:00",
      "quarter_label": "2023-09 (Q3)",
      "revenue": 183722,
      "gross_profit": -68169,
      "operating_income": -2094535,
      "net_income": -1030682,
      "opex": 2026366,
      "cogs": 251891,
      "rd": 84871,
      "sga": null,
      "fcf": -159784,
      "ocf": -159784,
      "capex": null,
      "gross_margin": -0.37104429518511667,
      "op_margin": -11.400567161254504,
      "fcf_margin": -0.8697053156399343,
      "incr_op_margin_yoy": -0.4898154754183422,
      "rev_growth_yoy": -0.9736321125568737,
      "rev_growth_yoy_accel": -0.260611845279072,
      "fcf_margin_change": -0.7792656618992838
    },
    {
      "date": "2023-12-31T00:00:00",
      "quarter_label": "2023-12 (Q4)",
      "revenue": 177149,
      "gross_profit": -380704,
      "operating_income": -1640727,
      "net_income": -1333175,
      "opex": 1260023,
      "cogs": 557853,
      "rd": 5464,
      "sga": null,
      "fcf": 925150,
      "ocf": 925150,
      "capex": null,
      "gross_margin": -2.1490609599828394,
      "op_margin": -9.261847371421798,
      "fcf_margin": 5.222439867004612,
      "incr_op_margin_yoy": -0.7572141447538845,
      "rev_growth_yoy": -0.9599530148892435,
      "rev_growth_yoy_accel": 0.013679097667630202,
      "fcf_margin_change": 6.092145182644546
    },
    {
      "date": "2024-03-31T00:00:00",
      "quarter_label": "2024-03 (Q1)",
      "revenue": 222557,
      "gross_profit": 219528,
      "operating_income": -1053305,
      "net_income": -778427,
      "opex": 1272833,
      "cogs": 3029,
      "rd": 11937,
      "sga": null,
      "fcf": -669798,
      "ocf": -669798,
      "capex": null,
      "gross_margin": 0.9863900034597878,
      "op_margin": -4.732742623238092,
      "fcf_margin": -3.0095571022254974,
      "incr_op_margin_yoy": -0.5700297246221885,
      "rev_growth_yoy": -0.932409765851469,
      "rev_growth_yoy_accel": 0.027543249037774498,
      "op_leverage_ratio": 25.21291220691805,
      "fcf_margin_change": -8.23199696923011
    },
    {
      "date": "2024-06-30T00:00:00",
      "quarter_label": "2024-06 (Q2)",
      "revenue": 133101,
      "gross_profit": 133101,
      "operating_income": -983189,
      "net_income": -1015272,
      "opex": 1116290,
      "cogs": 0,
      "rd": 5320,
      "sga": null,
      "fcf": -554586,
      "ocf": -554586,
      "capex": null,
      "gross_margin": 1.0,
      "op_margin": -7.386788979797297,
      "fcf_margin": -4.166655397029324,
      "incr_op_margin_yoy": 0.023134356518877082,
      "rev_growth_yoy": -0.9347905007473805,
      "rev_growth_yoy_accel": -0.002380734895911507,
      "fcf_margin_change": -1.1570982948038262
    },
    {
      "date": "2024-09-30T00:00:00",
      "quarter_label": "2024-09 (Q3)",
      "revenue": 135886,
      "gross_profit": 135886,
      "operating_income": -5493295,
      "net_income": -13310023,
      "opex": 5629181,
      "cogs": 0,
      "rd": 14981,
      "sga": null,
      "fcf": -482908,
      "ocf": -482908,
      "capex": null,
      "gross_margin": 1.0,
      "op_margin": -40.42576129991316,
      "fcf_margin": -3.553773015616031,
      "rev_growth_yoy": -0.26037164846888233,
      "rev_growth_yoy_accel": 0.6744188522784982,
      "op_leverage_ratio": 0.00517566396102531,
      "fcf_margin_change": 0.6128823814132924
    },
    {
      "date": "2024-12-31T00:00:00",
      "quarter_label": "2024-12 (Q4)",
      "revenue": 120502,
      "gross_profit": 120970,
      "operating_income": -7424518,
      "net_income": -7489906,
      "opex": 7548049,
      "cogs": -468,
      "rd": 19212,
      "sga": null,
      "fcf": -2390223,
      "ocf": -2390223,
      "capex": null,
      "gross_margin": 1.0038837529667557,
      "op_margin": -61.61323463510979,
      "fcf_margin": -19.835546297986756,
      "rev_growth_yoy": -0.3197703628019351,
      "rev_growth_yoy_accel": -0.05939871433305277,
      "fcf_margin_change": -16.281773282370725
    },
    {
      "date": "2025-03-31T00:00:00",
      "quarter_label": "2025-03 (Q1)",
      "revenue": 1396898,
      "gross_profit": null,
      "operating_income": -4776270,
      "net_income": null,
      "opex": 6173168,
      "cogs": null,
      "rd": 17984,
      "sga": null,
      "fcf": -1838824,
      "ocf": -1838824,
      "capex": null,
      "gross_margin": null,
      "op_margin": -3.419197393080955,
      "fcf_margin": -1.3163623972544882,
      "incr_op_margin_yoy": -3.1702588941372225,
      "rev_growth_yoy": 5.276585324209079,
      "rev_growth_yoy_accel": 5.596355687011014,
      "op_leverage_ratio": Infinity,
      "fcf_margin_change": 18.51918390073227
    },
    {
      "date": "2025-06-30T00:00:00",
      "quarter_label": "2025-06 (Q2)",
      "revenue": 13465176,
      "gross_profit": null,
      "operating_income": -2726780,
      "net_income": -4167429,
      "opex": 16191956,
      "cogs": null,
      "rd": 24633,
      "sga": null,
      "fcf": -1191245,
      "ocf": -1191245,
      "capex": null,
      "gross_margin": null,
      "op_margin": -0.20250607938581716,
      "fcf_margin": -0.0884685799873689,
      "incr_op_margin_yoy": -0.1307816675198722,
      "rev_growth_yoy": 100.16510018707598,
      "rev_growth_yoy_accel": 94.8885148628669,
      "op_leverage_ratio": 5.323209022546065,
      "fcf_margin_change": 1.2278938172671192
    },
    {
      "date": "2025-09-30T00:00:00",
      "quarter_label": "2025-09 (Q3)",
      "revenue": 31914932,
      "gross_profit": null,
      "operating_income": -2162449,
      "net_income": -2162963,
      "opex": 34077381,
      "cogs": null,
      "rd": 185930,
      "sga": null,
      "fcf": -1020925,
      "ocf": -1020925,
      "capex": null,
      "gross_margin": null,
      "op_margin": -0.06775665384466431,
      "fcf_margin": -0.031988944861295644,
      "incr_op_margin_yoy": 0.10481264919028721,
      "rev_growth_yoy": 233.8654901903066,
      "rev_growth_yoy_accel": 133.7003900032306,
      "op_leverage_ratio": 1.2404482282744165,
      "fcf_margin_change": 0.056479635126073256
    }
  ],
  "signals": [
    {
      "quarter": "2025-09 (Q3)",
      "signal": "FCF MARGIN EXPANSION",
      "detail": "FCF margin: -8.8% -> -3.2% (+5.6%)",
      "severity": "MEDIUM"
    },
    {
      "quarter": "2025-09 (Q3)",
      "signal": "YoY REVENUE GROWTH ACCELERATION",
      "detail": "YoY growth: +23386.5% vs prior quarter YoY: +10016.5% (accel: +13370.0%)",
      "severity": "HIGH"
    },
    {
      "quarter": "2025-06 (Q2)",
      "signal": "FCF MARGIN EXPANSION",
      "detail": "FCF margin: -131.6% -> -8.8% (+122.8%)",
      "severity": "MEDIUM"
    },
    {
      "quarter": "2025-06 (Q2)",
      "signal": "OPERATING LEVERAGE",
      "detail": "Rev growth +863.9% vs OpEx growth +162.3% (leverage: 5.3x)",
      "severity": "MEDIUM"
    },
    {
      "quarter": "2025-06 (Q2)",
      "signal": "YoY REVENUE GROWTH ACCELERATION",
      "detail": "YoY growth: +10016.5% vs prior quarter YoY: +527.7% (accel: +9488.9%)",
      "severity": "HIGH"
    },
    {
      "quarter": "2025-03 (Q1)",
      "signal": "FCF MARGIN EXPANSION",
      "detail": "FCF margin: -1983.6% -> -131.6% (+1851.9%)",
      "severity": "MEDIUM"
    },
    {
      "quarter": "2025-03 (Q1)",
      "signal": "YoY REVENUE GROWTH ACCELERATION",
      "detail": "YoY growth: +527.7% vs prior quarter YoY: -32.0% (accel: +559.6%)",
      "severity": "HIGH"
    },
    {
      "quarter": "2024-12 (Q4)",
      "signal": "YoY REVENUE GROWTH DECELERATION",
      "detail": "YoY growth: -32.0% vs prior quarter YoY: -26.0% (decel: -5.9%)",
      "severity": "WARNING"
    },
    {
      "quarter": "2024-09 (Q3)",
      "signal": "FCF MARGIN EXPANSION",
      "detail": "FCF margin: -416.7% -> -355.4% (+61.3%)",
      "severity": "MEDIUM"
    },
    {
      "quarter": "2024-09 (Q3)",
      "signal": "YoY REVENUE GROWTH ACCELERATION",
      "detail": "YoY growth: -26.0% vs prior quarter YoY: -93.5% (accel: +67.4%)",
      "severity": "HIGH"
    },
    {
      "quarter": "2024-03 (Q1)",
      "signal": "OPERATING LEVERAGE",
      "detail": "Rev growth +25.6% vs OpEx growth +1.0% (leverage: 25.2x)",
      "severity": "MEDIUM"
    },
    {
      "quarter": "2024-03 (Q1)",
      "signal": "GROSS MARGIN INFLECTION",
      "detail": "GM: -37.1% -> -214.9% -> +98.6% (reversal +313.5%)",
      "severity": "HIGH"
    },
    {
      "quarter": "2023-12 (Q4)",
      "signal": "FCF TURNED POSITIVE",
      "detail": "FCF margin: -87.0% -> +522.2%",
      "severity": "HIGH"
    },
    {
      "quarter": "2023-09 (Q3)",
      "signal": "YoY REVENUE GROWTH DECELERATION",
      "detail": "YoY growth: -97.4% vs prior quarter YoY: -71.3% (decel: -26.1%)",
      "severity": "WARNING"
    },
    {
      "quarter": "2023-06 (Q2)",
      "signal": "FCF MARGIN EXPANSION",
      "detail": "FCF margin: -46.4% -> -9.0% (+37.4%)",
      "severity": "MEDIUM"
    },
    {
      "quarter": "2023-06 (Q2)",
      "signal": "YoY REVENUE GROWTH DECELERATION",
      "detail": "YoY growth: -71.3% vs prior quarter YoY: -52.1% (decel: -19.2%)",
      "severity": "WARNING"
    },
    {
      "quarter": "2023-03 (Q1)",
      "signal": "FCF MARGIN EXPANSION",
      "detail": "FCF margin: -51.8% -> -46.4% (+5.4%)",
      "severity": "MEDIUM"
    },
    {
      "quarter": "2022-12 (Q4)",
      "signal": "YoY REVENUE GROWTH DECELERATION",
      "detail": "YoY growth: -47.2% vs prior quarter YoY: +11.3% (decel: -58.6%)",
      "severity": "WARNING"
    },
    {
      "quarter": "2022-09 (Q3)",
      "signal": "YoY REVENUE GROWTH DECELERATION",
      "detail": "YoY growth: +11.3% vs prior quarter YoY: +62.4% (decel: -51.0%)",
      "severity": "WARNING"
    },
    {
      "quarter": "2022-06 (Q2)",
      "signal": "FCF MARGIN EXPANSION",
      "detail": "FCF margin: -17.4% -> -7.5% (+9.9%)",
      "severity": "MEDIUM"
    },
    {
      "quarter": "2022-06 (Q2)",
      "signal": "YoY REVENUE GROWTH DECELERATION",
      "detail": "YoY growth: +62.4% vs prior quarter YoY: +117.1% (decel: -54.7%)",
      "severity": "WARNING"
    },
    {
      "quarter": "2022-03 (Q1)",
      "signal": "FCF MARGIN EXPANSION",
      "detail": "FCF margin: -24.2% -> -17.4% (+6.8%)",
      "severity": "MEDIUM"
    },
    {
      "quarter": "2022-03 (Q1)",
      "signal": "GROSS MARGIN INFLECTION",
      "detail": "GM: +36.8% -> +31.3% -> +39.2% (reversal +7.8%)",
      "severity": "HIGH"
    },
    {
      "quarter": "2022-03 (Q1)",
      "signal": "YoY REVENUE GROWTH DECELERATION",
      "detail": "YoY growth: +117.1% vs prior quarter YoY: +257.5% (decel: -140.5%)",
      "severity": "WARNING"
    },
    {
      "quarter": "2021-12 (Q4)",
      "signal": "FCF MARGIN EXPANSION",
      "detail": "FCF margin: -81.4% -> -24.2% (+57.2%)",
      "severity": "MEDIUM"
    },
    {
      "quarter": "2021-06 (Q2)",
      "signal": "FCF MARGIN EXPANSION",
      "detail": "FCF margin: -41.8% -> -12.9% (+28.9%)",
      "severity": "MEDIUM"
    },
    {
      "quarter": "2021-06 (Q2)",
      "signal": "GROSS MARGIN INFLECTION",
      "detail": "GM: +32.1% -> +28.7% -> +32.8% (reversal +4.0%)",
      "severity": "MEDIUM"
    },
    {
      "quarter": "2021-03 (Q1)",
      "signal": "OPERATING LEVERAGE",
      "detail": "Rev growth +35.0% vs OpEx growth +22.2% (leverage: 1.6x)",
      "severity": "MEDIUM"
    }
  ],
  "data_quality": {
    "n_quarters": 20,
    "coverage": {
      "revenue": [
        20,
        20
      ],
      "gross_profit": [
        17,
        20
      ],
      "op_income": [
        20,
        20
      ],
      "fcf": [
        20,
        20
      ]
    },
    "gaps": [],
    "warnings": []
  },
  "market_cap": null,
  "source": "SEC EDGAR",
  "last_updated": "2026-02-02T23:56:37.562126"
}