{
  "ticker": "NKTR",
  "name": "NEKTAR THERAPEUTICS",
  "quarters": [
    {
      "date": "2020-12-31T00:00:00",
      "quarter_label": "2020-12 (Q4)",
      "revenue": 23462000,
      "gross_profit": 19139000,
      "operating_income": -110721000,
      "net_income": -117203000,
      "opex": 134183000,
      "cogs": 4323000,
      "rd": 102724000,
      "sga": null,
      "fcf": -100388000,
      "ocf": -98634000,
      "capex": -1754000,
      "gross_margin": 0.8157446083027875,
      "op_margin": -4.719162901713409,
      "fcf_margin": -4.278748614781349
    },
    {
      "date": "2021-03-31T00:00:00",
      "quarter_label": "2021-03 (Q1)",
      "revenue": 23647000,
      "gross_profit": 17891000,
      "operating_income": -109392000,
      "net_income": -122967000,
      "opex": 133039000,
      "cogs": 5756000,
      "rd": 95604000,
      "sga": null,
      "fcf": -79961000,
      "ocf": -77085000,
      "capex": -2876000,
      "gross_margin": 0.7565864591702964,
      "op_margin": -4.626041358311837,
      "fcf_margin": -3.381443734934664,
      "fcf_margin_change": 0.8973048798466845
    },
    {
      "date": "2021-06-30T00:00:00",
      "quarter_label": "2021-06 (Q2)",
      "revenue": 28330000,
      "gross_profit": 20663000,
      "operating_income": -110205000,
      "net_income": -125519000,
      "opex": 138535000,
      "cogs": 7667000,
      "rd": 101313000,
      "sga": null,
      "fcf": -86182000,
      "ocf": -82901000,
      "capex": -3281000,
      "gross_margin": 0.7293681609601129,
      "op_margin": -3.8900458877515,
      "fcf_margin": -3.0420755382986235,
      "op_leverage_ratio": 4.793804891006975,
      "fcf_margin_change": 0.3393681966360407
    },
    {
      "date": "2021-09-30T00:00:00",
      "quarter_label": "2021-09 (Q3)",
      "revenue": 24921000,
      "gross_profit": 19610000,
      "operating_income": -113596000,
      "net_income": -129706000,
      "opex": 138517000,
      "cogs": 5311000,
      "rd": 103738000,
      "sga": null,
      "fcf": -104072000,
      "ocf": -101136000,
      "capex": -2936000,
      "gross_margin": 0.7868865615344488,
      "op_margin": -4.558244051201798,
      "fcf_margin": -4.176076401428514,
      "fcf_margin_change": -1.1340008631298901
    },
    {
      "date": "2021-12-31T00:00:00",
      "quarter_label": "2021-12 (Q4)",
      "revenue": 25009000,
      "gross_profit": 18846000,
      "operating_income": -112910000,
      "net_income": -145645000,
      "opex": 137919000,
      "cogs": 6163000,
      "rd": 99614000,
      "sga": null,
      "fcf": -157434000,
      "ocf": -151538000,
      "capex": -5896000,
      "gross_margin": 0.7535687152625055,
      "op_margin": -4.514774681114798,
      "fcf_margin": -6.295093766244152,
      "incr_op_margin_yoy": -1.4149967679379445,
      "rev_growth_yoy": 0.06593640780837098,
      "fcf_margin_change": -2.1190173648156385
    },
    {
      "date": "2022-03-31T00:00:00",
      "quarter_label": "2022-03 (Q1)",
      "revenue": 24822000,
      "gross_profit": 19507000,
      "operating_income": -116560000,
      "net_income": -90393000,
      "opex": 141382000,
      "cogs": 5315000,
      "rd": 107253000,
      "sga": null,
      "fcf": -92627000,
      "ocf": -88424000,
      "capex": -4203000,
      "gross_margin": 0.7858754330835549,
      "op_margin": -4.695834340504391,
      "fcf_margin": -3.73164934332447,
      "incr_op_margin_yoy": -6.100425531914894,
      "rev_growth_yoy": 0.04968917833128938,
      "rev_growth_yoy_accel": -0.016247229477081605,
      "fcf_margin_change": 2.563444422919682
    },
    {
      "date": "2022-06-30T00:00:00",
      "quarter_label": "2022-06 (Q2)",
      "revenue": 21585000,
      "gross_profit": 16470000,
      "operating_income": -152836000,
      "net_income": -159068000,
      "opex": 174421000,
      "cogs": 5115000,
      "rd": 42740000,
      "sga": null,
      "fcf": -75773000,
      "ocf": -74993000,
      "capex": -780000,
      "gross_margin": 0.7630298818624045,
      "op_margin": -7.080657864257586,
      "fcf_margin": -3.5104470697243455,
      "incr_op_margin_yoy": 6.320385470719051,
      "rev_growth_yoy": -0.2380868337451465,
      "rev_growth_yoy_accel": -0.2877760120764359,
      "fcf_margin_change": 0.22120227360012468
    },
    {
      "date": "2022-09-30T00:00:00",
      "quarter_label": "2022-09 (Q3)",
      "revenue": 23625000,
      "gross_profit": 18653000,
      "operating_income": -54301000,
      "net_income": -59049000,
      "opex": 77926000,
      "cogs": 4972000,
      "rd": 33590000,
      "sga": null,
      "fcf": -83068000,
      "ocf": -82887000,
      "capex": -181000,
      "gross_margin": 0.7895449735449735,
      "op_margin": -2.2984550264550263,
      "fcf_margin": -3.51610582010582,
      "incr_op_margin_yoy": -45.75231481481482,
      "rev_growth_yoy": -0.05200433369447454,
      "rev_growth_yoy_accel": 0.18608250005067195,
      "op_leverage_ratio": Infinity,
      "fcf_margin_change": -0.005658750381474675
    },
    {
      "date": "2022-12-31T00:00:00",
      "quarter_label": "2022-12 (Q4)",
      "revenue": 22023000,
      "gross_profit": 15790000,
      "operating_income": -52469000,
      "net_income": -59688000,
      "opex": 74492000,
      "cogs": 6233000,
      "rd": 34740000,
      "sga": null,
      "fcf": -58215000,
      "ocf": -57703000,
      "capex": -512000,
      "gross_margin": 0.7169777051264588,
      "op_margin": -2.3824637878581485,
      "fcf_margin": -2.6433728374880805,
      "incr_op_margin_yoy": -20.24146014735432,
      "rev_growth_yoy": -0.11939701707385342,
      "rev_growth_yoy_accel": -0.06739268337937887,
      "fcf_margin_change": 0.8727329826177397
    },
    {
      "date": "2023-03-31T00:00:00",
      "quarter_label": "2023-03 (Q1)",
      "revenue": 21594000,
      "gross_profit": 14534000,
      "operating_income": -134710000,
      "net_income": -137018000,
      "opex": 156304000,
      "cogs": 7060000,
      "rd": 30469000,
      "sga": null,
      "fcf": -52348000,
      "ocf": -51915000,
      "capex": -433000,
      "gross_margin": 0.6730573307400204,
      "op_margin": -6.238306937112161,
      "fcf_margin": -2.4241919051588403,
      "incr_op_margin_yoy": 5.622676579925651,
      "rev_growth_yoy": -0.13004592700024173,
      "rev_growth_yoy_accel": -0.010648909926388311,
      "fcf_margin_change": 0.21918093232924019
    },
    {
      "date": "2023-06-30T00:00:00",
      "quarter_label": "2023-06 (Q2)",
      "revenue": 20499000,
      "gross_profit": 13505000,
      "operating_income": -50599000,
      "net_income": -51122000,
      "opex": 71098000,
      "cogs": 6994000,
      "rd": 29681000,
      "sga": null,
      "fcf": -51685000,
      "ocf": -51523000,
      "capex": -162000,
      "gross_margin": 0.6588126250060978,
      "op_margin": -2.4683643104541684,
      "fcf_margin": -2.521342504512415,
      "incr_op_margin_yoy": -94.14088397790056,
      "rev_growth_yoy": -0.05031271716469771,
      "rev_growth_yoy_accel": 0.07973320983554402,
      "fcf_margin_change": -0.09715059935357484
    },
    {
      "date": "2023-09-30T00:00:00",
      "quarter_label": "2023-09 (Q3)",
      "revenue": 24144000,
      "gross_profit": 11713000,
      "operating_income": -44864000,
      "net_income": -45837000,
      "opex": 69008000,
      "cogs": 12431000,
      "rd": 24070000,
      "sga": null,
      "fcf": -42154000,
      "ocf": -42121000,
      "capex": -33000,
      "gross_margin": 0.4851308813783963,
      "op_margin": -1.85818422796554,
      "fcf_margin": -1.7459410205434063,
      "rev_growth_yoy": 0.021968253968253967,
      "rev_growth_yoy_accel": 0.07228097113295168,
      "op_leverage_ratio": Infinity,
      "fcf_margin_change": 0.7754014839690089
    },
    {
      "date": "2023-12-31T00:00:00",
      "quarter_label": "2023-12 (Q4)",
      "revenue": 23885000,
      "gross_profit": 16602000,
      "operating_income": -33511000,
      "net_income": -42079000,
      "opex": 57396000,
      "cogs": 7283000,
      "rd": 29942000,
      "sga": null,
      "fcf": -47284000,
      "ocf": -47047000,
      "capex": -237000,
      "gross_margin": 0.6950805945153862,
      "op_margin": -1.4030144442118484,
      "fcf_margin": -1.979652501570023,
      "incr_op_margin_yoy": 10.181525241675617,
      "rev_growth_yoy": 0.08454797257412705,
      "rev_growth_yoy_accel": 0.06257971860587308,
      "fcf_margin_change": -0.23371148102661676
    },
    {
      "date": "2024-03-31T00:00:00",
      "quarter_label": "2024-03 (Q1)",
      "revenue": 21639000,
      "gross_profit": 13105000,
      "operating_income": -35427000,
      "net_income": -36802000,
      "opex": 57066000,
      "cogs": 8534000,
      "rd": 27408000,
      "sga": null,
      "fcf": -48045000,
      "ocf": -47888000,
      "capex": -157000,
      "gross_margin": 0.6056194833402653,
      "op_margin": -1.6371828642728408,
      "fcf_margin": -2.220296686538195,
      "rev_growth_yoy": 0.0020839121978327314,
      "rev_growth_yoy_accel": -0.08246406037629432,
      "fcf_margin_change": -0.24064418496817197
    },
    {
      "date": "2024-06-30T00:00:00",
      "quarter_label": "2024-06 (Q2)",
      "revenue": 23489000,
      "gross_profit": 13749000,
      "operating_income": -49774000,
      "net_income": -52363000,
      "opex": 73263000,
      "cogs": 9740000,
      "rd": 29724000,
      "sga": null,
      "fcf": -37888000,
      "ocf": -37702000,
      "capex": -186000,
      "gross_margin": 0.5853378177019031,
      "op_margin": -2.11903444165354,
      "fcf_margin": -1.6130103452679978,
      "incr_op_margin_yoy": 0.27591973244147155,
      "rev_growth_yoy": 0.14586077369627787,
      "rev_growth_yoy_accel": 0.14377686149844512,
      "op_leverage_ratio": 0.3012155521951445,
      "fcf_margin_change": 0.6072863412701972
    },
    {
      "date": "2024-09-30T00:00:00",
      "quarter_label": "2024-09 (Q3)",
      "revenue": 24124000,
      "gross_profit": 19689000,
      "operating_income": -34345000,
      "net_income": -37057000,
      "opex": 58469000,
      "cogs": 4435000,
      "rd": 35031000,
      "sga": null,
      "fcf": -44598000,
      "ocf": -43932000,
      "capex": -666000,
      "gross_margin": 0.8161581827225999,
      "op_margin": -1.423685955894545,
      "fcf_margin": -1.848698391643177,
      "rev_growth_yoy": -0.0008283631544068919,
      "rev_growth_yoy_accel": -0.14668913685068477,
      "op_leverage_ratio": Infinity,
      "fcf_margin_change": -0.23568804637517915
    },
    {
      "date": "2024-12-31T00:00:00",
      "quarter_label": "2024-12 (Q4)",
      "revenue": 29175000,
      "gross_profit": 21198000,
      "operating_income": 14348000,
      "net_income": 7261000,
      "opex": 14827000,
      "cogs": 7977000,
      "rd": 28745000,
      "sga": null,
      "fcf": -46646000,
      "ocf": -46187000,
      "capex": -459000,
      "gross_margin": 0.7265809768637532,
      "op_margin": 0.49179091688089116,
      "fcf_margin": -1.598834618680377,
      "incr_op_margin_yoy": 9.047069943289225,
      "rev_growth_yoy": 0.22147791500942013,
      "rev_growth_yoy_accel": 0.22230627816382703,
      "op_leverage_ratio": Infinity,
      "fcf_margin_change": 0.24986377296279993
    },
    {
      "date": "2025-03-31T00:00:00",
      "quarter_label": "2025-03 (Q1)",
      "revenue": 10460000,
      "gross_profit": 10460000,
      "operating_income": -44535000,
      "net_income": -50882000,
      "opex": 54995000,
      "cogs": 0,
      "rd": 30480000,
      "sga": null,
      "fcf": -49055000,
      "ocf": -49053000,
      "capex": -2000,
      "gross_margin": 1.0,
      "op_margin": -4.257648183556405,
      "fcf_margin": -4.6897705544933075,
      "incr_op_margin_yoy": 0.8147419268270865,
      "rev_growth_yoy": -0.5166135218817876,
      "rev_growth_yoy_accel": -0.7380914368912077,
      "fcf_margin_change": -3.0909359358129302
    },
    {
      "date": "2025-06-30T00:00:00",
      "quarter_label": "2025-06 (Q2)",
      "revenue": 11175000,
      "gross_profit": 11175000,
      "operating_income": -36230000,
      "net_income": -41593000,
      "opex": 47405000,
      "cogs": 0,
      "rd": 29886000,
      "sga": null,
      "fcf": -45775000,
      "ocf": -45738000,
      "capex": -37000,
      "gross_margin": 1.0,
      "op_margin": -3.2420581655480984,
      "fcf_margin": -4.096196868008948,
      "incr_op_margin_yoy": -1.0998863082670132,
      "rev_growth_yoy": -0.5242453914598323,
      "rev_growth_yoy_accel": -0.0076318695780447365,
      "op_leverage_ratio": Infinity,
      "fcf_margin_change": 0.5935736864843593
    },
    {
      "date": "2025-09-30T00:00:00",
      "quarter_label": "2025-09 (Q3)",
      "revenue": 11790000,
      "gross_profit": 11790000,
      "operating_income": -31672000,
      "net_income": -35522000,
      "opex": 43462000,
      "cogs": 0,
      "rd": 27252000,
      "sga": null,
      "fcf": -48875000,
      "ocf": -48761000,
      "capex": -114000,
      "gross_margin": 1.0,
      "op_margin": -2.686344359626802,
      "fcf_margin": -4.145462256149279,
      "incr_op_margin_yoy": -0.21671801524241932,
      "rev_growth_yoy": -0.5112750787597413,
      "rev_growth_yoy_accel": 0.012970312700090969,
      "op_leverage_ratio": Infinity,
      "fcf_margin_change": -0.04926538814033066
    }
  ],
  "signals": [
    {
      "quarter": "2025-06 (Q2)",
      "signal": "FCF MARGIN EXPANSION",
      "detail": "FCF margin: -469.0% -> -409.6% (+59.4%)",
      "severity": "MEDIUM"
    },
    {
      "quarter": "2025-03 (Q1)",
      "signal": "GROSS MARGIN INFLECTION",
      "detail": "GM: +81.6% -> +72.7% -> +100.0% (reversal +27.3%)",
      "severity": "HIGH"
    },
    {
      "quarter": "2025-03 (Q1)",
      "signal": "YoY REVENUE GROWTH DECELERATION",
      "detail": "YoY growth: -51.7% vs prior quarter YoY: +22.1% (decel: -73.8%)",
      "severity": "WARNING"
    },
    {
      "quarter": "2024-12 (Q4)",
      "signal": "FCF MARGIN EXPANSION",
      "detail": "FCF margin: -184.9% -> -159.9% (+25.0%)",
      "severity": "MEDIUM"
    },
    {
      "quarter": "2024-12 (Q4)",
      "signal": "YoY REVENUE GROWTH ACCELERATION",
      "detail": "YoY growth: +22.1% vs prior quarter YoY: -0.1% (accel: +22.2%)",
      "severity": "HIGH"
    },
    {
      "quarter": "2024-12 (Q4)",
      "signal": "OP MARGIN TURNED POSITIVE (YoY)",
      "detail": "Op margin: -140.3% (year-ago) -> +49.2%",
      "severity": "HIGH"
    },
    {
      "quarter": "2024-12 (Q4)",
      "signal": "OP MARGIN TURNED POSITIVE (QoQ)",
      "detail": "Op margin: -142.4% -> +49.2%",
      "severity": "HIGH"
    },
    {
      "quarter": "2024-09 (Q3)",
      "signal": "GROSS MARGIN INFLECTION",
      "detail": "GM: +60.6% -> +58.5% -> +81.6% (reversal +23.1%)",
      "severity": "HIGH"
    },
    {
      "quarter": "2024-09 (Q3)",
      "signal": "YoY REVENUE GROWTH DECELERATION",
      "detail": "YoY growth: -0.1% vs prior quarter YoY: +14.6% (decel: -14.7%)",
      "severity": "WARNING"
    },
    {
      "quarter": "2024-06 (Q2)",
      "signal": "FCF MARGIN EXPANSION",
      "detail": "FCF margin: -222.0% -> -161.3% (+60.7%)",
      "severity": "MEDIUM"
    },
    {
      "quarter": "2024-06 (Q2)",
      "signal": "YoY REVENUE GROWTH ACCELERATION",
      "detail": "YoY growth: +14.6% vs prior quarter YoY: +0.2% (accel: +14.4%)",
      "severity": "MEDIUM"
    },
    {
      "quarter": "2024-03 (Q1)",
      "signal": "YoY REVENUE GROWTH DECELERATION",
      "detail": "YoY growth: +0.2% vs prior quarter YoY: +8.5% (decel: -8.2%)",
      "severity": "WARNING"
    },
    {
      "quarter": "2023-12 (Q4)",
      "signal": "GROSS MARGIN INFLECTION",
      "detail": "GM: +65.9% -> +48.5% -> +69.5% (reversal +21.0%)",
      "severity": "HIGH"
    },
    {
      "quarter": "2023-12 (Q4)",
      "signal": "YoY REVENUE GROWTH ACCELERATION",
      "detail": "YoY growth: +8.5% vs prior quarter YoY: +2.2% (accel: +6.3%)",
      "severity": "MEDIUM"
    },
    {
      "quarter": "2023-09 (Q3)",
      "signal": "FCF MARGIN EXPANSION",
      "detail": "FCF margin: -252.1% -> -174.6% (+77.5%)",
      "severity": "MEDIUM"
    },
    {
      "quarter": "2023-09 (Q3)",
      "signal": "YoY REVENUE GROWTH ACCELERATION",
      "detail": "YoY growth: +2.2% vs prior quarter YoY: -5.0% (accel: +7.2%)",
      "severity": "MEDIUM"
    },
    {
      "quarter": "2023-06 (Q2)",
      "signal": "YoY REVENUE GROWTH ACCELERATION",
      "detail": "YoY growth: -5.0% vs prior quarter YoY: -13.0% (accel: +8.0%)",
      "severity": "MEDIUM"
    },
    {
      "quarter": "2023-03 (Q1)",
      "signal": "FCF MARGIN EXPANSION",
      "detail": "FCF margin: -264.3% -> -242.4% (+21.9%)",
      "severity": "MEDIUM"
    },
    {
      "quarter": "2022-12 (Q4)",
      "signal": "FCF MARGIN EXPANSION",
      "detail": "FCF margin: -351.6% -> -264.3% (+87.3%)",
      "severity": "MEDIUM"
    },
    {
      "quarter": "2022-12 (Q4)",
      "signal": "YoY REVENUE GROWTH DECELERATION",
      "detail": "YoY growth: -11.9% vs prior quarter YoY: -5.2% (decel: -6.7%)",
      "severity": "WARNING"
    },
    {
      "quarter": "2022-09 (Q3)",
      "signal": "GROSS MARGIN INFLECTION",
      "detail": "GM: +78.6% -> +76.3% -> +79.0% (reversal +2.7%)",
      "severity": "MEDIUM"
    },
    {
      "quarter": "2022-09 (Q3)",
      "signal": "YoY REVENUE GROWTH ACCELERATION",
      "detail": "YoY growth: -5.2% vs prior quarter YoY: -23.8% (accel: +18.6%)",
      "severity": "HIGH"
    },
    {
      "quarter": "2022-06 (Q2)",
      "signal": "FCF MARGIN EXPANSION",
      "detail": "FCF margin: -373.2% -> -351.0% (+22.1%)",
      "severity": "MEDIUM"
    },
    {
      "quarter": "2022-06 (Q2)",
      "signal": "YoY REVENUE GROWTH DECELERATION",
      "detail": "YoY growth: -23.8% vs prior quarter YoY: +5.0% (decel: -28.8%)",
      "severity": "WARNING"
    },
    {
      "quarter": "2022-03 (Q1)",
      "signal": "FCF MARGIN EXPANSION",
      "detail": "FCF margin: -629.5% -> -373.2% (+256.3%)",
      "severity": "MEDIUM"
    },
    {
      "quarter": "2022-03 (Q1)",
      "signal": "GROSS MARGIN INFLECTION",
      "detail": "GM: +78.7% -> +75.4% -> +78.6% (reversal +3.2%)",
      "severity": "MEDIUM"
    },
    {
      "quarter": "2021-09 (Q3)",
      "signal": "GROSS MARGIN INFLECTION",
      "detail": "GM: +75.7% -> +72.9% -> +78.7% (reversal +5.8%)",
      "severity": "HIGH"
    },
    {
      "quarter": "2021-06 (Q2)",
      "signal": "FCF MARGIN EXPANSION",
      "detail": "FCF margin: -338.1% -> -304.2% (+33.9%)",
      "severity": "MEDIUM"
    },
    {
      "quarter": "2021-06 (Q2)",
      "signal": "OPERATING LEVERAGE",
      "detail": "Rev growth +19.8% vs OpEx growth +4.1% (leverage: 4.8x)",
      "severity": "MEDIUM"
    },
    {
      "quarter": "2021-03 (Q1)",
      "signal": "FCF MARGIN EXPANSION",
      "detail": "FCF margin: -427.9% -> -338.1% (+89.7%)",
      "severity": "MEDIUM"
    }
  ],
  "data_quality": {
    "n_quarters": 20,
    "coverage": {
      "revenue": [
        20,
        20
      ],
      "gross_profit": [
        20,
        20
      ],
      "op_income": [
        20,
        20
      ],
      "fcf": [
        20,
        20
      ]
    },
    "gaps": [],
    "warnings": []
  },
  "market_cap": null,
  "source": "SEC EDGAR",
  "last_updated": "2026-02-02T22:10:29.391422"
}