{
  "ticker": "NL",
  "name": "NL INDUSTRIES,\u00a0INC.",
  "quarters": [
    {
      "date": "2020-12-31T00:00:00",
      "quarter_label": "2020-12 (Q4)",
      "revenue": 30000000,
      "gross_profit": 7700000,
      "operating_income": 117000,
      "net_income": 4300000,
      "opex": 7583000,
      "cogs": 22277000,
      "rd": null,
      "sga": 5377000,
      "fcf": 9420000,
      "ocf": 9869000,
      "capex": -449000,
      "gross_margin": 0.25666666666666665,
      "op_margin": 0.0039,
      "fcf_margin": 0.314
    },
    {
      "date": "2021-03-31T00:00:00",
      "quarter_label": "2021-03 (Q1)",
      "revenue": 35924000,
      "gross_profit": 11035000,
      "operating_income": 3972000,
      "net_income": 13257000,
      "opex": 7063000,
      "cogs": 24889000,
      "rd": null,
      "sga": 5218000,
      "fcf": 1510000,
      "ocf": 2078000,
      "capex": -568000,
      "gross_margin": 0.3071762609954348,
      "op_margin": 0.1105667520320677,
      "fcf_margin": 0.04203318116022715,
      "op_leverage_ratio": Infinity,
      "fcf_margin_change": -0.27196681883977286
    },
    {
      "date": "2021-06-30T00:00:00",
      "quarter_label": "2021-06 (Q2)",
      "revenue": 36253000,
      "gross_profit": 11306000,
      "operating_income": 2887000,
      "net_income": 12697000,
      "opex": 8419000,
      "cogs": 24947000,
      "rd": null,
      "sga": 5548000,
      "fcf": 10506000,
      "ocf": 11536000,
      "capex": -1030000,
      "gross_margin": 0.3118638457506965,
      "op_margin": 0.0796347888450611,
      "fcf_margin": 0.28979670647946376,
      "fcf_margin_change": 0.24776352531923662
    },
    {
      "date": "2021-09-30T00:00:00",
      "quarter_label": "2021-09 (Q3)",
      "revenue": 34556000,
      "gross_profit": 10922000,
      "operating_income": 2284000,
      "net_income": 10313000,
      "opex": 8638000,
      "cogs": 23634000,
      "rd": null,
      "sga": 5791000,
      "fcf": -4018000,
      "ocf": -3350000,
      "capex": -668000,
      "gross_margin": 0.3160666743836092,
      "op_margin": 0.06609561291816182,
      "fcf_margin": -0.116275031832388,
      "fcf_margin_change": -0.4060717383118518
    },
    {
      "date": "2021-12-31T00:00:00",
      "quarter_label": "2021-12 (Q4)",
      "revenue": 34082000,
      "gross_profit": 9486000,
      "operating_income": 1348000,
      "net_income": 14921000,
      "opex": 8138000,
      "cogs": 24596000,
      "rd": null,
      "sga": 5666000,
      "fcf": 5517000,
      "ocf": 7345000,
      "capex": -1828000,
      "gross_margin": 0.278328736576492,
      "op_margin": 0.03955166950296344,
      "fcf_margin": 0.16187430315122353,
      "incr_op_margin_yoy": 0.30156785889269966,
      "rev_growth_yoy": 0.13606666666666667,
      "fcf_margin_change": 0.27814933498361155
    },
    {
      "date": "2022-03-31T00:00:00",
      "quarter_label": "2022-03 (Q1)",
      "revenue": 42050000,
      "gross_profit": 12080000,
      "operating_income": 3870000,
      "net_income": 18557000,
      "opex": 8210000,
      "cogs": 29970000,
      "rd": null,
      "sga": 5774000,
      "fcf": 1278000,
      "ocf": 2995000,
      "capex": -1717000,
      "gross_margin": 0.2872770511296076,
      "op_margin": 0.0920332936979786,
      "fcf_margin": 0.030392390011890605,
      "incr_op_margin_yoy": -0.01665034280117532,
      "rev_growth_yoy": 0.1705266674089745,
      "rev_growth_yoy_accel": 0.034460000742307845,
      "op_leverage_ratio": 26.424662089470495,
      "fcf_margin_change": -0.13148191313933294
    },
    {
      "date": "2022-06-30T00:00:00",
      "quarter_label": "2022-06 (Q2)",
      "revenue": 41675000,
      "gross_profit": 13629000,
      "operating_income": 4205000,
      "net_income": 30252000,
      "opex": 9424000,
      "cogs": 28046000,
      "rd": null,
      "sga": 5884000,
      "fcf": 10132000,
      "ocf": 10630000,
      "capex": -498000,
      "gross_margin": 0.32703059388122374,
      "op_margin": 0.10089982003599281,
      "fcf_margin": 0.24311937612477505,
      "incr_op_margin_yoy": 0.2430837329398746,
      "rev_growth_yoy": 0.1495600364107798,
      "rev_growth_yoy_accel": -0.020966630998194707,
      "fcf_margin_change": 0.21272698611288443
    },
    {
      "date": "2022-09-30T00:00:00",
      "quarter_label": "2022-09 (Q3)",
      "revenue": 42864000,
      "gross_profit": 11936000,
      "operating_income": 3216000,
      "net_income": -8904000,
      "opex": 8720000,
      "cogs": 30928000,
      "rd": null,
      "sga": 6016000,
      "fcf": -1685000,
      "ocf": -892000,
      "capex": -793000,
      "gross_margin": 0.2784621127286301,
      "op_margin": 0.07502799552071669,
      "fcf_margin": -0.039310377006345654,
      "incr_op_margin_yoy": 0.11218103033220991,
      "rev_growth_yoy": 0.24042134506308602,
      "rev_growth_yoy_accel": 0.09086130865230621,
      "op_leverage_ratio": Infinity,
      "fcf_margin_change": -0.28242975313112073
    },
    {
      "date": "2022-12-31T00:00:00",
      "quarter_label": "2022-12 (Q4)",
      "revenue": 39973000,
      "gross_profit": 11154000,
      "operating_income": 2440000,
      "net_income": -6061000,
      "opex": 8714000,
      "cogs": 28819000,
      "rd": null,
      "sga": 5689000,
      "fcf": 13511000,
      "ocf": 14198000,
      "capex": -687000,
      "gross_margin": 0.27903835088684864,
      "op_margin": 0.06104120281189803,
      "fcf_margin": 0.33800315212768617,
      "incr_op_margin_yoy": 0.18536750976065183,
      "rev_growth_yoy": 0.17284783756821784,
      "rev_growth_yoy_accel": -0.06757350749486818,
      "fcf_margin_change": 0.3773135291340318
    },
    {
      "date": "2023-03-31T00:00:00",
      "quarter_label": "2023-03 (Q1)",
      "revenue": 41151000,
      "gross_profit": 12704000,
      "operating_income": 4197000,
      "net_income": -6716000,
      "opex": 8507000,
      "cogs": 28447000,
      "rd": null,
      "sga": 5664000,
      "fcf": 7008000,
      "ocf": 7278000,
      "capex": -270000,
      "gross_margin": 0.3087166776020024,
      "op_margin": 0.10199023110009477,
      "fcf_margin": 0.17029962819858568,
      "rev_growth_yoy": -0.021379310344827585,
      "rev_growth_yoy_accel": -0.19422714791304543,
      "op_leverage_ratio": Infinity,
      "fcf_margin_change": -0.16770352392910048
    },
    {
      "date": "2023-06-30T00:00:00",
      "quarter_label": "2023-06 (Q2)",
      "revenue": 36616000,
      "gross_profit": 10273000,
      "operating_income": 1421000,
      "net_income": -3108000,
      "opex": 8852000,
      "cogs": 26343000,
      "rd": null,
      "sga": 5906000,
      "fcf": 13442000,
      "ocf": 13650000,
      "capex": -208000,
      "gross_margin": 0.2805604107493992,
      "op_margin": 0.0388081712912388,
      "fcf_margin": 0.3671072755079747,
      "incr_op_margin_yoy": 0.5503063846610002,
      "rev_growth_yoy": -0.12139172165566886,
      "rev_growth_yoy_accel": -0.10001241131084128,
      "fcf_margin_change": 0.196807647309389
    },
    {
      "date": "2023-09-30T00:00:00",
      "quarter_label": "2023-09 (Q3)",
      "revenue": 40355000,
      "gross_profit": 12619000,
      "operating_income": 3681000,
      "net_income": -69000,
      "opex": 8938000,
      "cogs": 27736000,
      "rd": null,
      "sga": 6074000,
      "fcf": -5548000,
      "ocf": -5462000,
      "capex": -86000,
      "gross_margin": 0.31269978936934706,
      "op_margin": 0.09121546276793457,
      "fcf_margin": -0.13747986618758518,
      "incr_op_margin_yoy": -0.1853328019131128,
      "rev_growth_yoy": -0.058533967898469576,
      "rev_growth_yoy_accel": 0.06285775375719929,
      "op_leverage_ratio": 10.510600271326298,
      "fcf_margin_change": -0.5045871416955598
    },
    {
      "date": "2023-12-31T00:00:00",
      "quarter_label": "2023-12 (Q4)",
      "revenue": 43165000,
      "gross_profit": 13623000,
      "operating_income": 4830000,
      "net_income": 7585000,
      "opex": 8793000,
      "cogs": 29542000,
      "rd": null,
      "sga": 6140000,
      "fcf": 20971000,
      "ocf": 21537000,
      "capex": -566000,
      "gross_margin": 0.31560291903162285,
      "op_margin": 0.1118962122089656,
      "fcf_margin": 0.48583342986215683,
      "incr_op_margin_yoy": 0.7487468671679198,
      "rev_growth_yoy": 0.07985390138343382,
      "rev_growth_yoy_accel": 0.1383878692819034,
      "op_leverage_ratio": Infinity,
      "fcf_margin_change": 0.6233132960497421
    },
    {
      "date": "2024-03-31T00:00:00",
      "quarter_label": "2024-03 (Q1)",
      "revenue": 37971000,
      "gross_profit": 9667000,
      "operating_income": 1356000,
      "net_income": 6839000,
      "opex": 8311000,
      "cogs": 28304000,
      "rd": null,
      "sga": 5952000,
      "fcf": 6439000,
      "ocf": 6744000,
      "capex": -305000,
      "gross_margin": 0.2545890284690948,
      "op_margin": 0.03571146401200916,
      "fcf_margin": 0.16957678228121462,
      "incr_op_margin_yoy": 0.8933962264150943,
      "rev_growth_yoy": -0.07727637238463221,
      "rev_growth_yoy_accel": -0.15713027376806604,
      "fcf_margin_change": -0.3162566475809422
    },
    {
      "date": "2024-06-30T00:00:00",
      "quarter_label": "2024-06 (Q2)",
      "revenue": 35887000,
      "gross_profit": 11165000,
      "operating_income": 791000,
      "net_income": 7835000,
      "opex": 10374000,
      "cogs": 24722000,
      "rd": null,
      "sga": 6084000,
      "fcf": 15109000,
      "ocf": 15534000,
      "capex": -425000,
      "gross_margin": 0.31111544570457267,
      "op_margin": 0.022041407752110793,
      "fcf_margin": 0.42101596678462955,
      "rev_growth_yoy": -0.019909329254970506,
      "rev_growth_yoy_accel": 0.057367043129661704,
      "fcf_margin_change": 0.25143918450341496
    },
    {
      "date": "2024-09-30T00:00:00",
      "quarter_label": "2024-09 (Q3)",
      "revenue": 33667000,
      "gross_profit": 9468000,
      "operating_income": 2036000,
      "net_income": 36010000,
      "opex": 7432000,
      "cogs": 24199000,
      "rd": null,
      "sga": 6119000,
      "fcf": -6149000,
      "ocf": -5685000,
      "capex": -464000,
      "gross_margin": 0.28122493836694684,
      "op_margin": 0.0604746487658538,
      "fcf_margin": -0.1826417560222176,
      "incr_op_margin_yoy": 0.24596291866028708,
      "rev_growth_yoy": -0.16572915376037667,
      "rev_growth_yoy_accel": -0.14581982450540615,
      "fcf_margin_change": -0.6036577228068472
    },
    {
      "date": "2024-12-31T00:00:00",
      "quarter_label": "2024-12 (Q4)",
      "revenue": 38416000,
      "gross_profit": 11063000,
      "operating_income": 33693000,
      "net_income": 16544000,
      "opex": -22630000,
      "cogs": 27353000,
      "rd": null,
      "sga": 6185000,
      "fcf": 8743000,
      "ocf": 8981000,
      "capex": -238000,
      "gross_margin": 0.2879789670970429,
      "op_margin": 0.8770564348188254,
      "fcf_margin": 0.2275874635568513,
      "incr_op_margin_yoy": -6.077700568540745,
      "rev_growth_yoy": -0.11001969187999537,
      "rev_growth_yoy_accel": 0.0557094618803813,
      "op_leverage_ratio": Infinity,
      "fcf_margin_change": 0.4102292195790689
    },
    {
      "date": "2025-03-31T00:00:00",
      "quarter_label": "2025-03 (Q1)",
      "revenue": 40272000,
      "gross_profit": 12163000,
      "operating_income": 3148000,
      "net_income": 667000,
      "opex": 9015000,
      "cogs": 28109000,
      "rd": null,
      "sga": 6294000,
      "fcf": -48297000,
      "ocf": -47475000,
      "capex": -822000,
      "gross_margin": 0.3020212554628526,
      "op_margin": 0.07816845450933652,
      "fcf_margin": -1.1992699642431466,
      "incr_op_margin_yoy": 0.7787918296392873,
      "rev_growth_yoy": 0.06059887809117485,
      "rev_growth_yoy_accel": 0.17061856997117023,
      "op_leverage_ratio": Infinity,
      "fcf_margin_change": -1.426857427799998
    },
    {
      "date": "2025-06-30T00:00:00",
      "quarter_label": "2025-06 (Q2)",
      "revenue": 40366000,
      "gross_profit": 12890000,
      "operating_income": 2801000,
      "net_income": 355000,
      "opex": 10089000,
      "cogs": 27476000,
      "rd": null,
      "sga": 6570000,
      "fcf": 5944000,
      "ocf": 7287000,
      "capex": -1343000,
      "gross_margin": 0.31932814745082494,
      "op_margin": 0.06939008076103652,
      "fcf_margin": 0.147252638359015,
      "incr_op_margin_yoy": 0.44876088412592097,
      "rev_growth_yoy": 0.1248084264496893,
      "rev_growth_yoy_accel": 0.06420954835851445,
      "fcf_margin_change": 1.3465226026021615
    },
    {
      "date": "2025-09-30T00:00:00",
      "quarter_label": "2025-09 (Q3)",
      "revenue": 39950000,
      "gross_profit": 11029000,
      "operating_income": 1851000,
      "net_income": -7871000,
      "opex": 9178000,
      "cogs": 28921000,
      "rd": null,
      "sga": 6268000,
      "fcf": 6952000,
      "ocf": 7935000,
      "capex": -983000,
      "gross_margin": 0.2760700876095119,
      "op_margin": 0.04633291614518148,
      "fcf_margin": 0.174017521902378,
      "incr_op_margin_yoy": -0.029444532866465065,
      "rev_growth_yoy": 0.18662191463450856,
      "rev_growth_yoy_accel": 0.06181348818481926,
      "fcf_margin_change": 0.026764883543362983
    }
  ],
  "signals": [
    {
      "quarter": "2025-09 (Q3)",
      "signal": "YoY REVENUE GROWTH ACCELERATION",
      "detail": "YoY growth: +18.7% vs prior quarter YoY: +12.5% (accel: +6.2%)",
      "severity": "MEDIUM"
    },
    {
      "quarter": "2025-06 (Q2)",
      "signal": "FCF TURNED POSITIVE",
      "detail": "FCF margin: -119.9% -> +14.7%",
      "severity": "HIGH"
    },
    {
      "quarter": "2025-06 (Q2)",
      "signal": "YoY REVENUE GROWTH ACCELERATION",
      "detail": "YoY growth: +12.5% vs prior quarter YoY: +6.1% (accel: +6.4%)",
      "severity": "MEDIUM"
    },
    {
      "quarter": "2025-06 (Q2)",
      "signal": "INCREMENTAL MARGIN (YoY)",
      "detail": "YoY Incr OPM: +44.9% vs year-ago OPM: +2.2%",
      "severity": "HIGH"
    },
    {
      "quarter": "2025-03 (Q1)",
      "signal": "YoY REVENUE GROWTH ACCELERATION",
      "detail": "YoY growth: +6.1% vs prior quarter YoY: -11.0% (accel: +17.1%)",
      "severity": "HIGH"
    },
    {
      "quarter": "2025-03 (Q1)",
      "signal": "INCREMENTAL MARGIN (YoY)",
      "detail": "YoY Incr OPM: +77.9% vs year-ago OPM: +3.6%",
      "severity": "HIGH"
    },
    {
      "quarter": "2024-12 (Q4)",
      "signal": "FCF TURNED POSITIVE",
      "detail": "FCF margin: -18.3% -> +22.8%",
      "severity": "HIGH"
    },
    {
      "quarter": "2024-12 (Q4)",
      "signal": "YoY REVENUE GROWTH ACCELERATION",
      "detail": "YoY growth: -11.0% vs prior quarter YoY: -16.6% (accel: +5.6%)",
      "severity": "MEDIUM"
    },
    {
      "quarter": "2024-09 (Q3)",
      "signal": "YoY REVENUE GROWTH DECELERATION",
      "detail": "YoY growth: -16.6% vs prior quarter YoY: -2.0% (decel: -14.6%)",
      "severity": "WARNING"
    },
    {
      "quarter": "2024-09 (Q3)",
      "signal": "INCREMENTAL MARGIN (YoY)",
      "detail": "YoY Incr OPM: +24.6% vs year-ago OPM: +9.1%",
      "severity": "MEDIUM"
    },
    {
      "quarter": "2024-06 (Q2)",
      "signal": "FCF MARGIN EXPANSION",
      "detail": "FCF margin: +17.0% -> +42.1% (+25.1%)",
      "severity": "MEDIUM"
    },
    {
      "quarter": "2024-06 (Q2)",
      "signal": "GROSS MARGIN INFLECTION",
      "detail": "GM: +31.6% -> +25.5% -> +31.1% (reversal +5.7%)",
      "severity": "HIGH"
    },
    {
      "quarter": "2024-06 (Q2)",
      "signal": "YoY REVENUE GROWTH ACCELERATION",
      "detail": "YoY growth: -2.0% vs prior quarter YoY: -7.7% (accel: +5.7%)",
      "severity": "MEDIUM"
    },
    {
      "quarter": "2024-03 (Q1)",
      "signal": "YoY REVENUE GROWTH DECELERATION",
      "detail": "YoY growth: -7.7% vs prior quarter YoY: +8.0% (decel: -15.7%)",
      "severity": "WARNING"
    },
    {
      "quarter": "2024-03 (Q1)",
      "signal": "INCREMENTAL MARGIN (YoY)",
      "detail": "YoY Incr OPM: +89.3% vs year-ago OPM: +10.2%",
      "severity": "HIGH"
    },
    {
      "quarter": "2023-12 (Q4)",
      "signal": "FCF TURNED POSITIVE",
      "detail": "FCF margin: -13.7% -> +48.6%",
      "severity": "HIGH"
    },
    {
      "quarter": "2023-12 (Q4)",
      "signal": "YoY REVENUE GROWTH ACCELERATION",
      "detail": "YoY growth: +8.0% vs prior quarter YoY: -5.9% (accel: +13.8%)",
      "severity": "MEDIUM"
    },
    {
      "quarter": "2023-12 (Q4)",
      "signal": "INCREMENTAL MARGIN (YoY)",
      "detail": "YoY Incr OPM: +74.9% vs year-ago OPM: +6.1%",
      "severity": "HIGH"
    },
    {
      "quarter": "2023-09 (Q3)",
      "signal": "OPERATING LEVERAGE",
      "detail": "Rev growth +10.2% vs OpEx growth +1.0% (leverage: 10.5x)",
      "severity": "MEDIUM"
    },
    {
      "quarter": "2023-09 (Q3)",
      "signal": "GROSS MARGIN INFLECTION",
      "detail": "GM: +30.9% -> +28.1% -> +31.3% (reversal +3.2%)",
      "severity": "MEDIUM"
    },
    {
      "quarter": "2023-09 (Q3)",
      "signal": "YoY REVENUE GROWTH ACCELERATION",
      "detail": "YoY growth: -5.9% vs prior quarter YoY: -12.1% (accel: +6.3%)",
      "severity": "MEDIUM"
    },
    {
      "quarter": "2023-06 (Q2)",
      "signal": "FCF MARGIN EXPANSION",
      "detail": "FCF margin: +17.0% -> +36.7% (+19.7%)",
      "severity": "MEDIUM"
    },
    {
      "quarter": "2023-06 (Q2)",
      "signal": "YoY REVENUE GROWTH DECELERATION",
      "detail": "YoY growth: -12.1% vs prior quarter YoY: -2.1% (decel: -10.0%)",
      "severity": "WARNING"
    },
    {
      "quarter": "2023-06 (Q2)",
      "signal": "INCREMENTAL MARGIN (YoY)",
      "detail": "YoY Incr OPM: +55.0% vs year-ago OPM: +10.1%",
      "severity": "HIGH"
    },
    {
      "quarter": "2023-03 (Q1)",
      "signal": "YoY REVENUE GROWTH DECELERATION",
      "detail": "YoY growth: -2.1% vs prior quarter YoY: +17.3% (decel: -19.4%)",
      "severity": "WARNING"
    },
    {
      "quarter": "2022-12 (Q4)",
      "signal": "FCF TURNED POSITIVE",
      "detail": "FCF margin: -3.9% -> +33.8%",
      "severity": "HIGH"
    },
    {
      "quarter": "2022-12 (Q4)",
      "signal": "YoY REVENUE GROWTH DECELERATION",
      "detail": "YoY growth: +17.3% vs prior quarter YoY: +24.0% (decel: -6.8%)",
      "severity": "WARNING"
    },
    {
      "quarter": "2022-12 (Q4)",
      "signal": "INCREMENTAL MARGIN (YoY)",
      "detail": "YoY Incr OPM: +18.5% vs year-ago OPM: +4.0%",
      "severity": "MEDIUM"
    },
    {
      "quarter": "2022-09 (Q3)",
      "signal": "YoY REVENUE GROWTH ACCELERATION",
      "detail": "YoY growth: +24.0% vs prior quarter YoY: +15.0% (accel: +9.1%)",
      "severity": "MEDIUM"
    },
    {
      "quarter": "2022-06 (Q2)",
      "signal": "FCF MARGIN EXPANSION",
      "detail": "FCF margin: +3.0% -> +24.3% (+21.3%)",
      "severity": "MEDIUM"
    },
    {
      "quarter": "2022-06 (Q2)",
      "signal": "INCREMENTAL MARGIN (YoY)",
      "detail": "YoY Incr OPM: +24.3% vs year-ago OPM: +8.0%",
      "severity": "MEDIUM"
    },
    {
      "quarter": "2022-03 (Q1)",
      "signal": "OPERATING LEVERAGE",
      "detail": "Rev growth +23.4% vs OpEx growth +0.9% (leverage: 26.4x)",
      "severity": "MEDIUM"
    },
    {
      "quarter": "2021-12 (Q4)",
      "signal": "FCF TURNED POSITIVE",
      "detail": "FCF margin: -11.6% -> +16.2%",
      "severity": "HIGH"
    },
    {
      "quarter": "2021-12 (Q4)",
      "signal": "INCREMENTAL MARGIN (YoY)",
      "detail": "YoY Incr OPM: +30.2% vs year-ago OPM: +0.4%",
      "severity": "HIGH"
    },
    {
      "quarter": "2021-06 (Q2)",
      "signal": "FCF MARGIN EXPANSION",
      "detail": "FCF margin: +4.2% -> +29.0% (+24.8%)",
      "severity": "MEDIUM"
    }
  ],
  "data_quality": {
    "n_quarters": 20,
    "coverage": {
      "revenue": [
        20,
        20
      ],
      "gross_profit": [
        20,
        20
      ],
      "op_income": [
        20,
        20
      ],
      "fcf": [
        20,
        20
      ]
    },
    "gaps": [],
    "warnings": []
  },
  "market_cap": null,
  "source": "SEC EDGAR",
  "last_updated": "2026-02-02T22:46:25.956898"
}