{
  "ticker": "NLST",
  "name": "NETLIST INC",
  "quarters": [
    {
      "date": "2021-01-02T00:00:00",
      "quarter_label": "2021-01 (Q1)",
      "revenue": 11485000,
      "gross_profit": 1459000,
      "operating_income": -1775000,
      "net_income": -1766000,
      "opex": 3234000,
      "cogs": 10026000,
      "rd": 870000,
      "sga": 2253000,
      "fcf": -1238000,
      "ocf": -1220000,
      "capex": -18000,
      "gross_margin": 0.12703526338702656,
      "op_margin": -0.1545494122768829,
      "fcf_margin": -0.10779277318241184
    },
    {
      "date": "2021-04-03T00:00:00",
      "quarter_label": "2021-04 (Q2)",
      "revenue": 14897000,
      "gross_profit": 1501000,
      "operating_income": -3867000,
      "net_income": -4017000,
      "opex": 5368000,
      "cogs": 13396000,
      "rd": 1124000,
      "sga": 1957000,
      "fcf": -4332000,
      "ocf": -4291000,
      "capex": -41000,
      "gross_margin": 0.1007585419883198,
      "op_margin": -0.25958246626837617,
      "fcf_margin": -0.29079680472578373,
      "op_leverage_ratio": 0.45021879726581965,
      "fcf_margin_change": -0.1830040315433719
    },
    {
      "date": "2021-07-03T00:00:00",
      "quarter_label": "2021-07 (Q3)",
      "revenue": 64363000,
      "gross_profit": 42865000,
      "operating_income": 33876000,
      "net_income": 27776000,
      "opex": 8989000,
      "cogs": 21498000,
      "rd": 2060000,
      "sga": 3092000,
      "fcf": 31315000,
      "ocf": 31418000,
      "capex": -103000,
      "gross_margin": 0.665988223047403,
      "op_margin": 0.5263272376986778,
      "fcf_margin": 0.48653729627270326,
      "op_leverage_ratio": 4.922570647452561,
      "fcf_margin_change": 0.777334100998487
    },
    {
      "date": "2021-10-02T00:00:00",
      "quarter_label": "2021-10 (Q4)",
      "revenue": 26749000,
      "gross_profit": 2508000,
      "operating_income": -10581000,
      "net_income": -10708000,
      "opex": 13089000,
      "cogs": 24241000,
      "rd": 2038000,
      "sga": 2590000,
      "fcf": -7206000,
      "ocf": -7032000,
      "capex": -174000,
      "gross_margin": 0.0937605144117537,
      "op_margin": -0.39556618939025756,
      "fcf_margin": -0.26939324834573253,
      "fcf_margin_change": -0.7559305446184358
    },
    {
      "date": "2022-01-01T00:00:00",
      "quarter_label": "2022-01 (Q1)",
      "revenue": 36346000,
      "gross_profit": 2023000,
      "operating_income": -8045000,
      "net_income": -8220000,
      "opex": 10068000,
      "cogs": 34323000,
      "rd": 2019000,
      "sga": 3140000,
      "fcf": -14290000,
      "ocf": -14088000,
      "capex": -202000,
      "gross_margin": 0.055659494855004675,
      "op_margin": -0.22134485225334288,
      "fcf_margin": -0.3931656853573983,
      "incr_op_margin_yoy": -0.25220224447930495,
      "rev_growth_yoy": 2.16464954288202,
      "op_leverage_ratio": Infinity,
      "fcf_margin_change": -0.12377243701166579
    },
    {
      "date": "2022-04-02T00:00:00",
      "quarter_label": "2022-04 (Q2)",
      "revenue": 50200000,
      "gross_profit": 3363000,
      "operating_income": -5858000,
      "net_income": -5872000,
      "opex": 9221000,
      "cogs": 46837000,
      "rd": 2457000,
      "sga": 3938000,
      "fcf": 996000,
      "ocf": 1217000,
      "capex": -221000,
      "gross_margin": 0.06699203187250996,
      "op_margin": -0.11669322709163346,
      "fcf_margin": 0.019840637450199202,
      "incr_op_margin_yoy": -0.05639747330255219,
      "rev_growth_yoy": 2.369806001208297,
      "rev_growth_yoy_accel": 0.20515645832627705,
      "op_leverage_ratio": Infinity,
      "fcf_margin_change": 0.4130063228075975
    },
    {
      "date": "2022-07-02T00:00:00",
      "quarter_label": "2022-07 (Q3)",
      "revenue": 55358000,
      "gross_profit": 4748000,
      "operating_income": -4961000,
      "net_income": -4952000,
      "opex": 9709000,
      "cogs": 50610000,
      "rd": 2672000,
      "sga": 3724000,
      "fcf": -2755000,
      "ocf": -2650000,
      "capex": -105000,
      "gross_margin": 0.0857689945446006,
      "op_margin": -0.08961667690306731,
      "fcf_margin": -0.04976697135012103,
      "incr_op_margin_yoy": 4.31282620766241,
      "rev_growth_yoy": -0.13990957537715767,
      "rev_growth_yoy_accel": -2.509715576585455,
      "op_leverage_ratio": 1.9414929625759256,
      "fcf_margin_change": -0.06960760880032023
    },
    {
      "date": "2022-10-01T00:00:00",
      "quarter_label": "2022-10 (Q4)",
      "revenue": 34424000,
      "gross_profit": 2180000,
      "operating_income": -9714000,
      "net_income": -9598000,
      "opex": 11894000,
      "cogs": 32244000,
      "rd": 2550000,
      "sga": 3767000,
      "fcf": -16332000,
      "ocf": -16262000,
      "capex": -70000,
      "gross_margin": 0.06332791075993494,
      "op_margin": -0.28218684638624214,
      "fcf_margin": -0.4744364396932373,
      "incr_op_margin_yoy": 0.1129641693811075,
      "rev_growth_yoy": 0.286926614079031,
      "rev_growth_yoy_accel": 0.4268361894561886,
      "fcf_margin_change": -0.42466946834311625
    },
    {
      "date": "2022-12-31T00:00:00",
      "quarter_label": "2022-12 (Q4)",
      "revenue": 21655000,
      "gross_profit": 1601000,
      "operating_income": -12967000,
      "net_income": -12948000,
      "opex": 14568000,
      "cogs": 20054000,
      "rd": 2945000,
      "sga": 2918000,
      "fcf": 2629000,
      "ocf": 2700000,
      "capex": -71000,
      "gross_margin": 0.0739321172939275,
      "op_margin": -0.5987993534980374,
      "fcf_margin": 0.12140383283306395,
      "incr_op_margin_yoy": 0.3350350554761419,
      "rev_growth_yoy": -0.4041985362901007,
      "rev_growth_yoy_accel": -0.6911251503691317,
      "fcf_margin_change": 0.5958402725263012
    },
    {
      "date": "2023-04-01T00:00:00",
      "quarter_label": "2023-04 (Q2)",
      "revenue": 9021000,
      "gross_profit": 560000,
      "operating_income": -15841000,
      "net_income": -15788000,
      "opex": 16401000,
      "cogs": 8461000,
      "rd": 2301000,
      "sga": 3030000,
      "fcf": -12714000,
      "ocf": -12714000,
      "capex": null,
      "gross_margin": 0.06207737501385656,
      "op_margin": -1.7560137457044673,
      "fcf_margin": -1.4093781177253075,
      "incr_op_margin_yoy": 0.24242939362296317,
      "rev_growth_yoy": -0.8202988047808765,
      "rev_growth_yoy_accel": -0.41610026849077575,
      "fcf_margin_change": -1.5307819505583715
    },
    {
      "date": "2023-07-01T00:00:00",
      "quarter_label": "2023-07 (Q3)",
      "revenue": 10026000,
      "gross_profit": 239000,
      "operating_income": -14288000,
      "net_income": -14028000,
      "opex": 14527000,
      "cogs": 9787000,
      "rd": 2255000,
      "sga": 3325000,
      "fcf": -16071000,
      "ocf": -16071000,
      "capex": null,
      "gross_margin": 0.02383802114502294,
      "op_margin": -1.4250947536405345,
      "fcf_margin": -1.6029323758228606,
      "incr_op_margin_yoy": 0.2057486984911321,
      "rev_growth_yoy": -0.8188879656056939,
      "rev_growth_yoy_accel": 0.0014108391751825877,
      "op_leverage_ratio": Infinity,
      "fcf_margin_change": -0.1935542580975531
    },
    {
      "date": "2023-09-30T00:00:00",
      "quarter_label": "2023-09 (Q3)",
      "revenue": 16725000,
      "gross_profit": 440000,
      "operating_income": -17879000,
      "net_income": -17339000,
      "opex": 18319000,
      "cogs": 16285000,
      "rd": 2268000,
      "sga": 3160000,
      "fcf": -11294000,
      "ocf": -11294000,
      "capex": null,
      "gross_margin": 0.026307922272047833,
      "op_margin": -1.068998505231689,
      "fcf_margin": -0.6752765321375187,
      "incr_op_margin_yoy": 0.461325498615741,
      "rev_growth_yoy": -0.5141471066697653,
      "rev_growth_yoy_accel": 0.3047408589359286,
      "op_leverage_ratio": 2.559704814949486,
      "fcf_margin_change": 0.9276558436853419
    },
    {
      "date": "2023-12-30T00:00:00",
      "quarter_label": "2023-12 (Q4)",
      "revenue": 33433000,
      "gross_profit": 1154000,
      "operating_income": -13749000,
      "net_income": -13243000,
      "opex": 14903000,
      "cogs": 32279000,
      "rd": 2340000,
      "sga": 2899000,
      "fcf": -1522000,
      "ocf": -1522000,
      "capex": null,
      "gross_margin": 0.034516794783597045,
      "op_margin": -0.41124039123022166,
      "fcf_margin": -0.04552388358807167,
      "incr_op_margin_yoy": -0.0663949736797419,
      "rev_growth_yoy": 0.5438928653890557,
      "rev_growth_yoy_accel": 1.058039972058821,
      "op_leverage_ratio": Infinity,
      "fcf_margin_change": 0.629752648549447
    },
    {
      "date": "2024-03-30T00:00:00",
      "quarter_label": "2024-03 (Q1)",
      "revenue": 35807000,
      "gross_profit": 715000,
      "operating_income": -17382000,
      "net_income": -16968000,
      "opex": 18097000,
      "cogs": 35092000,
      "rd": 2441000,
      "sga": 3116000,
      "fcf": -14255000,
      "ocf": -14218000,
      "capex": -37000,
      "gross_margin": 0.019968162649761218,
      "op_margin": -0.4854358086407686,
      "fcf_margin": -0.39810651548579884,
      "incr_op_margin_yoy": -0.05753005301276786,
      "rev_growth_yoy": 2.9692938698592175,
      "rev_growth_yoy_accel": 2.425401004470162,
      "op_leverage_ratio": 0.33131733237219957,
      "fcf_margin_change": -0.35258263189772715
    },
    {
      "date": "2024-06-29T00:00:00",
      "quarter_label": "2024-06 (Q2)",
      "revenue": 36835000,
      "gross_profit": 773000,
      "operating_income": -15076000,
      "net_income": -14778000,
      "opex": 15849000,
      "cogs": 36062000,
      "rd": 2369000,
      "sga": 2966000,
      "fcf": -7834000,
      "ocf": -7807000,
      "capex": -27000,
      "gross_margin": 0.020985475770327135,
      "op_margin": -0.4092846477534953,
      "fcf_margin": -0.212678159359305,
      "incr_op_margin_yoy": -0.02939311425267634,
      "rev_growth_yoy": 2.6739477358866948,
      "rev_growth_yoy_accel": -0.29534613397252274,
      "op_leverage_ratio": Infinity,
      "fcf_margin_change": 0.18542835612649383
    },
    {
      "date": "2024-09-28T00:00:00",
      "quarter_label": "2024-09 (Q3)",
      "revenue": 40186000,
      "gross_profit": 1142000,
      "operating_income": -9655000,
      "net_income": -9405000,
      "opex": 10797000,
      "cogs": 39044000,
      "rd": 2177000,
      "sga": 3271000,
      "fcf": -3479000,
      "ocf": -3479000,
      "capex": null,
      "gross_margin": 0.028417856965112228,
      "op_margin": -0.24025780122430698,
      "fcf_margin": -0.08657243816254417,
      "incr_op_margin_yoy": 0.35053919270278333,
      "rev_growth_yoy": 1.4027503736920777,
      "rev_growth_yoy_accel": -1.271197362194617,
      "op_leverage_ratio": Infinity,
      "fcf_margin_change": 0.12610572119676083
    },
    {
      "date": "2024-12-28T00:00:00",
      "quarter_label": "2024-12 (Q4)",
      "revenue": 34275000,
      "gross_profit": 254000,
      "operating_income": -13115000,
      "net_income": -12714000,
      "opex": 13369000,
      "cogs": 34021000,
      "rd": 1077000,
      "sga": 2737000,
      "fcf": -9088000,
      "ocf": -9081000,
      "capex": -7000,
      "gross_margin": 0.0074106491611962075,
      "op_margin": -0.3826404084609774,
      "fcf_margin": -0.2651495258935084,
      "rev_growth_yoy": 0.025184697753716387,
      "rev_growth_yoy_accel": -1.3775656759383612,
      "fcf_margin_change": -0.1785770877309642
    },
    {
      "date": "2025-03-29T00:00:00",
      "quarter_label": "2025-03 (Q1)",
      "revenue": 28975000,
      "gross_profit": 1300000,
      "operating_income": -9767000,
      "net_income": -9487000,
      "opex": 11067000,
      "cogs": 27675000,
      "rd": 893000,
      "sga": 3147000,
      "fcf": -10083000,
      "ocf": -10070000,
      "capex": -13000,
      "gross_margin": 0.04486626402070751,
      "op_margin": -0.337083692838654,
      "fcf_margin": -0.34798964624676443,
      "incr_op_margin_yoy": -1.1146077283372364,
      "rev_growth_yoy": -0.19080068143100512,
      "rev_growth_yoy_accel": -0.2159853791847215,
      "fcf_margin_change": -0.08284012035325605
    },
    {
      "date": "2025-06-28T00:00:00",
      "quarter_label": "2025-06 (Q2)",
      "revenue": 41706000,
      "gross_profit": 1392000,
      "operating_income": -6247000,
      "net_income": -6078000,
      "opex": 7639000,
      "cogs": 40314000,
      "rd": 833000,
      "sga": 3326000,
      "fcf": -7674000,
      "ocf": -7662000,
      "capex": -12000,
      "gross_margin": 0.0333764925909941,
      "op_margin": -0.14978660144823286,
      "fcf_margin": -0.18400230182707525,
      "incr_op_margin_yoy": 1.8125641552042702,
      "rev_growth_yoy": 0.13223836025519206,
      "rev_growth_yoy_accel": 0.3230390416861972,
      "op_leverage_ratio": Infinity,
      "fcf_margin_change": 0.16398734441968918
    },
    {
      "date": "2025-09-27T00:00:00",
      "quarter_label": "2025-09 (Q3)",
      "revenue": 42234000,
      "gross_profit": 1838000,
      "operating_income": -7150000,
      "net_income": -7010000,
      "opex": 8988000,
      "cogs": 40396000,
      "rd": 822000,
      "sga": 3131000,
      "fcf": -10263000,
      "ocf": -10263000,
      "capex": null,
      "gross_margin": 0.04351943931429654,
      "op_margin": -0.1692948809016432,
      "fcf_margin": -0.24300326750958942,
      "incr_op_margin_yoy": 1.22314453125,
      "rev_growth_yoy": 0.05096302194794207,
      "rev_growth_yoy_accel": -0.08127533830724999,
      "op_leverage_ratio": 0.07169022509467149,
      "fcf_margin_change": -0.05900096568251417
    }
  ],
  "signals": [
    {
      "quarter": "2025-09 (Q3)",
      "signal": "YoY REVENUE GROWTH DECELERATION",
      "detail": "YoY growth: +5.1% vs prior quarter YoY: +13.2% (decel: -8.1%)",
      "severity": "WARNING"
    },
    {
      "quarter": "2025-06 (Q2)",
      "signal": "FCF MARGIN EXPANSION",
      "detail": "FCF margin: -34.8% -> -18.4% (+16.4%)",
      "severity": "MEDIUM"
    },
    {
      "quarter": "2025-06 (Q2)",
      "signal": "YoY REVENUE GROWTH ACCELERATION",
      "detail": "YoY growth: +13.2% vs prior quarter YoY: -19.1% (accel: +32.3%)",
      "severity": "HIGH"
    },
    {
      "quarter": "2025-03 (Q1)",
      "signal": "GROSS MARGIN INFLECTION",
      "detail": "GM: +2.8% -> +0.7% -> +4.5% (reversal +3.7%)",
      "severity": "MEDIUM"
    },
    {
      "quarter": "2025-03 (Q1)",
      "signal": "YoY REVENUE GROWTH DECELERATION",
      "detail": "YoY growth: -19.1% vs prior quarter YoY: +2.5% (decel: -21.6%)",
      "severity": "WARNING"
    },
    {
      "quarter": "2024-12 (Q4)",
      "signal": "YoY REVENUE GROWTH DECELERATION",
      "detail": "YoY growth: +2.5% vs prior quarter YoY: +140.3% (decel: -137.8%)",
      "severity": "WARNING"
    },
    {
      "quarter": "2024-09 (Q3)",
      "signal": "FCF MARGIN EXPANSION",
      "detail": "FCF margin: -21.3% -> -8.7% (+12.6%)",
      "severity": "MEDIUM"
    },
    {
      "quarter": "2024-09 (Q3)",
      "signal": "YoY REVENUE GROWTH DECELERATION",
      "detail": "YoY growth: +140.3% vs prior quarter YoY: +267.4% (decel: -127.1%)",
      "severity": "WARNING"
    },
    {
      "quarter": "2024-06 (Q2)",
      "signal": "FCF MARGIN EXPANSION",
      "detail": "FCF margin: -39.8% -> -21.3% (+18.5%)",
      "severity": "MEDIUM"
    },
    {
      "quarter": "2024-06 (Q2)",
      "signal": "YoY REVENUE GROWTH DECELERATION",
      "detail": "YoY growth: +267.4% vs prior quarter YoY: +296.9% (decel: -29.5%)",
      "severity": "WARNING"
    },
    {
      "quarter": "2024-03 (Q1)",
      "signal": "YoY REVENUE GROWTH ACCELERATION",
      "detail": "YoY growth: +296.9% vs prior quarter YoY: +54.4% (accel: +242.5%)",
      "severity": "HIGH"
    },
    {
      "quarter": "2023-12 (Q4)",
      "signal": "FCF MARGIN EXPANSION",
      "detail": "FCF margin: -67.5% -> -4.6% (+63.0%)",
      "severity": "MEDIUM"
    },
    {
      "quarter": "2023-12 (Q4)",
      "signal": "YoY REVENUE GROWTH ACCELERATION",
      "detail": "YoY growth: +54.4% vs prior quarter YoY: -51.4% (accel: +105.8%)",
      "severity": "HIGH"
    },
    {
      "quarter": "2023-09 (Q3)",
      "signal": "FCF MARGIN EXPANSION",
      "detail": "FCF margin: -160.3% -> -67.5% (+92.8%)",
      "severity": "MEDIUM"
    },
    {
      "quarter": "2023-09 (Q3)",
      "signal": "OPERATING LEVERAGE",
      "detail": "Rev growth +66.8% vs OpEx growth +26.1% (leverage: 2.6x)",
      "severity": "MEDIUM"
    },
    {
      "quarter": "2023-09 (Q3)",
      "signal": "YoY REVENUE GROWTH ACCELERATION",
      "detail": "YoY growth: -51.4% vs prior quarter YoY: -81.9% (accel: +30.5%)",
      "severity": "HIGH"
    },
    {
      "quarter": "2023-04 (Q2)",
      "signal": "YoY REVENUE GROWTH DECELERATION",
      "detail": "YoY growth: -82.0% vs prior quarter YoY: -40.4% (decel: -41.6%)",
      "severity": "WARNING"
    },
    {
      "quarter": "2022-12 (Q4)",
      "signal": "FCF TURNED POSITIVE",
      "detail": "FCF margin: -47.4% -> +12.1%",
      "severity": "HIGH"
    },
    {
      "quarter": "2022-12 (Q4)",
      "signal": "YoY REVENUE GROWTH DECELERATION",
      "detail": "YoY growth: -40.4% vs prior quarter YoY: +28.7% (decel: -69.1%)",
      "severity": "WARNING"
    },
    {
      "quarter": "2022-10 (Q4)",
      "signal": "YoY REVENUE GROWTH ACCELERATION",
      "detail": "YoY growth: +28.7% vs prior quarter YoY: -14.0% (accel: +42.7%)",
      "severity": "HIGH"
    },
    {
      "quarter": "2022-07 (Q3)",
      "signal": "OPERATING LEVERAGE",
      "detail": "Rev growth +10.3% vs OpEx growth +5.3% (leverage: 1.9x)",
      "severity": "MEDIUM"
    },
    {
      "quarter": "2022-07 (Q3)",
      "signal": "YoY REVENUE GROWTH DECELERATION",
      "detail": "YoY growth: -14.0% vs prior quarter YoY: +237.0% (decel: -251.0%)",
      "severity": "WARNING"
    },
    {
      "quarter": "2022-04 (Q2)",
      "signal": "FCF TURNED POSITIVE",
      "detail": "FCF margin: -39.3% -> +2.0%",
      "severity": "HIGH"
    },
    {
      "quarter": "2022-04 (Q2)",
      "signal": "YoY REVENUE GROWTH ACCELERATION",
      "detail": "YoY growth: +237.0% vs prior quarter YoY: +216.5% (accel: +20.5%)",
      "severity": "HIGH"
    },
    {
      "quarter": "2021-07 (Q3)",
      "signal": "FCF TURNED POSITIVE",
      "detail": "FCF margin: -29.1% -> +48.7%",
      "severity": "HIGH"
    },
    {
      "quarter": "2021-07 (Q3)",
      "signal": "OPERATING LEVERAGE",
      "detail": "Rev growth +332.1% vs OpEx growth +67.5% (leverage: 4.9x)",
      "severity": "MEDIUM"
    },
    {
      "quarter": "2021-07 (Q3)",
      "signal": "GROSS MARGIN INFLECTION",
      "detail": "GM: +12.7% -> +10.1% -> +66.6% (reversal +56.5%)",
      "severity": "HIGH"
    },
    {
      "quarter": "2021-07 (Q3)",
      "signal": "OP MARGIN TURNED POSITIVE (QoQ)",
      "detail": "Op margin: -26.0% -> +52.6%",
      "severity": "HIGH"
    }
  ],
  "data_quality": {
    "n_quarters": 20,
    "coverage": {
      "revenue": [
        20,
        20
      ],
      "gross_profit": [
        20,
        20
      ],
      "op_income": [
        20,
        20
      ],
      "fcf": [
        20,
        20
      ]
    },
    "gaps": [],
    "warnings": []
  },
  "market_cap": null,
  "source": "SEC EDGAR",
  "last_updated": "2026-02-02T22:38:41.415842"
}