{
  "ticker": "NNBR",
  "name": "NN, Inc.",
  "quarters": [
    {
      "date": "2020-12-31T00:00:00",
      "quarter_label": "2020-12 (Q4)",
      "revenue": 119028000,
      "gross_profit": 25046000,
      "operating_income": -974000,
      "net_income": 147377000,
      "opex": 26020000,
      "cogs": 93982000,
      "rd": null,
      "sga": 13877000,
      "fcf": -7050000,
      "ocf": -3795000,
      "capex": -3255000,
      "gross_margin": 0.21042107739355445,
      "op_margin": -0.008182948549921028,
      "fcf_margin": -0.05922976106462345
    },
    {
      "date": "2021-03-31T00:00:00",
      "quarter_label": "2021-03 (Q1)",
      "revenue": 126804000,
      "gross_profit": 27116000,
      "operating_income": 978000,
      "net_income": -4913000,
      "opex": 26138000,
      "cogs": 99688000,
      "rd": null,
      "sga": 14575000,
      "fcf": 2416000,
      "ocf": 7884000,
      "capex": -5468000,
      "gross_margin": 0.2138418346424403,
      "op_margin": 0.007712690451405319,
      "fcf_margin": 0.019053026718400052,
      "op_leverage_ratio": 14.405634794376827,
      "fcf_margin_change": 0.0782827877830235
    },
    {
      "date": "2021-06-30T00:00:00",
      "quarter_label": "2021-06 (Q2)",
      "revenue": 123157000,
      "gross_profit": 23360000,
      "operating_income": -1588000,
      "net_income": -5391000,
      "opex": 24948000,
      "cogs": 99797000,
      "rd": null,
      "sga": 13585000,
      "fcf": -7533000,
      "ocf": -1986000,
      "capex": -5547000,
      "gross_margin": 0.1896765916675463,
      "op_margin": -0.012894110769180801,
      "fcf_margin": -0.061165828982518246,
      "fcf_margin_change": -0.0802188557009183
    },
    {
      "date": "2021-09-30T00:00:00",
      "quarter_label": "2021-09 (Q3)",
      "revenue": 117244000,
      "gross_profit": 18602000,
      "operating_income": -4612000,
      "net_income": -3377000,
      "opex": 23214000,
      "cogs": 98642000,
      "rd": null,
      "sga": 12181000,
      "fcf": -3748000,
      "ocf": -207000,
      "capex": -3541000,
      "gross_margin": 0.15866057111664564,
      "op_margin": -0.039336767766367575,
      "fcf_margin": -0.0319675207260073,
      "fcf_margin_change": 0.029198308256510944
    },
    {
      "date": "2021-12-31T00:00:00",
      "quarter_label": "2021-12 (Q4)",
      "revenue": 110379000,
      "gross_profit": 18511000,
      "operating_income": -3782000,
      "net_income": 456000,
      "opex": 22293000,
      "cogs": 91868000,
      "rd": null,
      "sga": 11148000,
      "fcf": 6230000,
      "ocf": 9895000,
      "capex": -3665000,
      "gross_margin": 0.16770400166698377,
      "op_margin": -0.034263763940604645,
      "fcf_margin": 0.056441895650440756,
      "incr_op_margin_yoy": 0.32466181061394384,
      "rev_growth_yoy": -0.07266357495715293,
      "fcf_margin_change": 0.08840941637644806
    },
    {
      "date": "2022-03-31T00:00:00",
      "quarter_label": "2022-03 (Q1)",
      "revenue": 128067000,
      "gross_profit": 23489000,
      "operating_income": -3420000,
      "net_income": -3302000,
      "opex": 26909000,
      "cogs": 104578000,
      "rd": null,
      "sga": 13454000,
      "fcf": -9485000,
      "ocf": -5223000,
      "capex": -4262000,
      "gross_margin": 0.18341180788181186,
      "op_margin": -0.02670477172105226,
      "fcf_margin": -0.0740627952556084,
      "incr_op_margin_yoy": -3.482185273159145,
      "rev_growth_yoy": 0.00996025361975963,
      "rev_growth_yoy_accel": 0.08262382857691257,
      "op_leverage_ratio": 0.7739180758377434,
      "fcf_margin_change": -0.13050469090604916
    },
    {
      "date": "2022-06-30T00:00:00",
      "quarter_label": "2022-06 (Q2)",
      "revenue": 125362000,
      "gross_profit": 21473000,
      "operating_income": -4514000,
      "net_income": -8567000,
      "opex": 25987000,
      "cogs": 103889000,
      "rd": null,
      "sga": 14794000,
      "fcf": -2762000,
      "ocf": 2679000,
      "capex": -5441000,
      "gross_margin": 0.17128795009652048,
      "op_margin": -0.03600772163813596,
      "fcf_margin": -0.02203219476396356,
      "incr_op_margin_yoy": -1.326984126984127,
      "rev_growth_yoy": 0.017903976225468306,
      "rev_growth_yoy_accel": 0.007943722605708676,
      "fcf_margin_change": 0.05203060049164483
    },
    {
      "date": "2022-09-30T00:00:00",
      "quarter_label": "2022-09 (Q3)",
      "revenue": 127297000,
      "gross_profit": 19264000,
      "operating_income": -2117000,
      "net_income": -2215000,
      "opex": 21381000,
      "cogs": 108033000,
      "rd": null,
      "sga": 10205000,
      "fcf": -4435000,
      "ocf": -127000,
      "capex": -4308000,
      "gross_margin": 0.1513311389899212,
      "op_margin": -0.016630399773757434,
      "fcf_margin": -0.03483978412688437,
      "incr_op_margin_yoy": 0.2481846215060181,
      "rev_growth_yoy": 0.08574425983419194,
      "rev_growth_yoy_accel": 0.06784028360872363,
      "op_leverage_ratio": Infinity,
      "fcf_margin_change": -0.01280758936292081
    },
    {
      "date": "2022-12-31T00:00:00",
      "quarter_label": "2022-12 (Q4)",
      "revenue": 118012000,
      "gross_profit": 13407000,
      "operating_income": -11041000,
      "net_income": -12014000,
      "opex": 24448000,
      "cogs": 104605000,
      "rd": null,
      "sga": 11182000,
      "fcf": 6447000,
      "ocf": 10388000,
      "capex": -3941000,
      "gross_margin": 0.11360709080432499,
      "op_margin": -0.09355828220858896,
      "fcf_margin": 0.05463003762329255,
      "incr_op_margin_yoy": -0.9510022271714922,
      "rev_growth_yoy": 0.06915264678969732,
      "rev_growth_yoy_accel": -0.01659161304449462,
      "fcf_margin_change": 0.08946982175017693
    },
    {
      "date": "2023-03-31T00:00:00",
      "quarter_label": "2023-03 (Q1)",
      "revenue": 127088000,
      "gross_profit": 18667000,
      "operating_income": -7075000,
      "net_income": -10175000,
      "opex": 25742000,
      "cogs": 108421000,
      "rd": null,
      "sga": 13165000,
      "fcf": -4771000,
      "ocf": 226000,
      "capex": -4997000,
      "gross_margin": 0.14688247513533928,
      "op_margin": -0.055670086868941204,
      "fcf_margin": -0.03754091653027823,
      "rev_growth_yoy": -0.007644436115470808,
      "rev_growth_yoy_accel": -0.07679708290516812,
      "op_leverage_ratio": 1.4530393550735758,
      "fcf_margin_change": -0.09217095415357078
    },
    {
      "date": "2023-06-30T00:00:00",
      "quarter_label": "2023-06 (Q2)",
      "revenue": 125206000,
      "gross_profit": 17522000,
      "operating_income": -4047000,
      "net_income": -14377000,
      "opex": 21569000,
      "cogs": 107684000,
      "rd": null,
      "sga": 10975000,
      "fcf": 1218000,
      "ocf": 8417000,
      "capex": -7199000,
      "gross_margin": 0.13994537003019025,
      "op_margin": -0.032322732137437506,
      "fcf_margin": 0.00972796830822804,
      "rev_growth_yoy": -0.0012443962285221997,
      "rev_growth_yoy_accel": 0.006400039886948609,
      "fcf_margin_change": 0.047268884838506275
    },
    {
      "date": "2023-09-30T00:00:00",
      "quarter_label": "2023-09 (Q3)",
      "revenue": 124443000,
      "gross_profit": 19900000,
      "operating_income": -2739000,
      "net_income": -5057000,
      "opex": 22639000,
      "cogs": 104543000,
      "rd": null,
      "sga": 11693000,
      "fcf": 11151000,
      "ocf": 15247000,
      "capex": -4096000,
      "gross_margin": 0.15991257041376372,
      "op_margin": -0.022010076902678335,
      "fcf_margin": 0.08960729008461706,
      "incr_op_margin_yoy": 0.21793973370707778,
      "rev_growth_yoy": -0.022420009898112287,
      "rev_growth_yoy_accel": -0.021175613669590088,
      "fcf_margin_change": 0.07987932177638901
    },
    {
      "date": "2023-12-31T00:00:00",
      "quarter_label": "2023-12 (Q4)",
      "revenue": 112533000,
      "gross_profit": 14006000,
      "operating_income": -7943000,
      "net_income": -20541000,
      "opex": 21949000,
      "cogs": 98527000,
      "rd": null,
      "sga": 11603000,
      "fcf": 1250000,
      "ocf": 5454000,
      "capex": -4204000,
      "gross_margin": 0.12446126913883039,
      "op_margin": -0.0705837398807461,
      "fcf_margin": 0.011107852807620876,
      "incr_op_margin_yoy": -0.5654316481109691,
      "rev_growth_yoy": -0.04642748195098804,
      "rev_growth_yoy_accel": -0.02400747205287575,
      "fcf_margin_change": -0.07849943727699618
    },
    {
      "date": "2024-03-31T00:00:00",
      "quarter_label": "2024-03 (Q1)",
      "revenue": 121198000,
      "gross_profit": 20112000,
      "operating_income": -4783000,
      "net_income": -12537000,
      "opex": 24895000,
      "cogs": 101086000,
      "rd": null,
      "sga": 13348000,
      "fcf": -4748000,
      "ocf": 712000,
      "capex": -5460000,
      "gross_margin": 0.1659433323982244,
      "op_margin": -0.03946434759649499,
      "fcf_margin": -0.03917556395320055,
      "incr_op_margin_yoy": -0.3891341256366723,
      "rev_growth_yoy": -0.04634583910361324,
      "rev_growth_yoy_accel": 8.164284737479516e-05,
      "op_leverage_ratio": 0.5736812637999423,
      "fcf_margin_change": -0.050283416760821424
    },
    {
      "date": "2024-06-30T00:00:00",
      "quarter_label": "2024-06 (Q2)",
      "revenue": 122992000,
      "gross_profit": 21735000,
      "operating_income": -2147000,
      "net_income": -2203000,
      "opex": 23882000,
      "cogs": 101257000,
      "rd": null,
      "sga": 13511000,
      "fcf": -4873000,
      "ocf": -1281000,
      "capex": -3592000,
      "gross_margin": 0.1767188109795759,
      "op_margin": -0.01745641992975153,
      "fcf_margin": -0.039620463119552495,
      "incr_op_margin_yoy": -0.8581752484191508,
      "rev_growth_yoy": -0.017682858648946535,
      "rev_growth_yoy_accel": 0.028662980454666708,
      "op_leverage_ratio": Infinity,
      "fcf_margin_change": -0.0004448991663519447
    },
    {
      "date": "2024-09-30T00:00:00",
      "quarter_label": "2024-09 (Q3)",
      "revenue": 113587000,
      "gross_profit": 16456000,
      "operating_income": -3750000,
      "net_income": -2557000,
      "opex": 20206000,
      "cogs": 97131000,
      "rd": null,
      "sga": 10257000,
      "fcf": -1342000,
      "ocf": 4958000,
      "capex": -6300000,
      "gross_margin": 0.14487573401885778,
      "op_margin": -0.03301434142991715,
      "fcf_margin": -0.011814732319719686,
      "incr_op_margin_yoy": 0.09312822402358142,
      "rev_growth_yoy": -0.08723672685486528,
      "rev_growth_yoy_accel": -0.06955386820591875,
      "fcf_margin_change": 0.02780573079983281
    },
    {
      "date": "2024-12-31T00:00:00",
      "quarter_label": "2024-12 (Q4)",
      "revenue": 106513000,
      "gross_profit": 11175000,
      "operating_income": -16868000,
      "net_income": -20976000,
      "opex": 28043000,
      "cogs": 95338000,
      "rd": null,
      "sga": 12365000,
      "fcf": 3719000,
      "ocf": 6681000,
      "capex": -2962000,
      "gross_margin": 0.10491677072282257,
      "op_margin": -0.15836564550806004,
      "fcf_margin": 0.034915925755541574,
      "incr_op_margin_yoy": 1.4825581395348837,
      "rev_growth_yoy": -0.05349541912150214,
      "rev_growth_yoy_accel": 0.03374130773336314,
      "fcf_margin_change": 0.046730658075261264
    },
    {
      "date": "2025-03-31T00:00:00",
      "quarter_label": "2025-03 (Q1)",
      "revenue": 105688000,
      "gross_profit": 14042000,
      "operating_income": -4789000,
      "net_income": -6685000,
      "opex": 18831000,
      "cogs": 91646000,
      "rd": null,
      "sga": 11170000,
      "fcf": -7252000,
      "ocf": -3345000,
      "capex": -3907000,
      "gross_margin": 0.13286276587692075,
      "op_margin": -0.04531261827265158,
      "fcf_margin": -0.06861706153962607,
      "incr_op_margin_yoy": 0.00038684719535783365,
      "rev_growth_yoy": -0.12797240878562352,
      "rev_growth_yoy_accel": -0.07447698966412139,
      "fcf_margin_change": -0.10353298729516765
    },
    {
      "date": "2025-06-30T00:00:00",
      "quarter_label": "2025-06 (Q2)",
      "revenue": 107921000,
      "gross_profit": 18222000,
      "operating_income": -1464000,
      "net_income": -8102000,
      "opex": 19686000,
      "cogs": 89699000,
      "rd": null,
      "sga": 12095000,
      "fcf": -4419000,
      "ocf": -696000,
      "capex": -3723000,
      "gross_margin": 0.1688457297467592,
      "op_margin": -0.013565478451830506,
      "fcf_margin": -0.04094661835972609,
      "incr_op_margin_yoy": -0.04531882423196868,
      "rev_growth_yoy": -0.12253642513334201,
      "rev_growth_yoy_accel": 0.005435983652281512,
      "op_leverage_ratio": 0.46533992141052044,
      "fcf_margin_change": 0.02767044317989998
    },
    {
      "date": "2025-09-30T00:00:00",
      "quarter_label": "2025-09 (Q3)",
      "revenue": 103882000,
      "gross_profit": 17472000,
      "operating_income": -2247000,
      "net_income": -6679000,
      "opex": 19719000,
      "cogs": 86410000,
      "rd": null,
      "sga": 11059000,
      "fcf": 7737000,
      "ocf": 11165000,
      "capex": -3428000,
      "gross_margin": 0.16819083190543116,
      "op_margin": -0.02163031131476098,
      "fcf_margin": 0.07447873548834254,
      "incr_op_margin_yoy": -0.15486862442040186,
      "rev_growth_yoy": -0.0854411156206256,
      "rev_growth_yoy_accel": 0.037095309512716404,
      "fcf_margin_change": 0.11542535384806862
    }
  ],
  "signals": [
    {
      "quarter": "2025-09 (Q3)",
      "signal": "FCF TURNED POSITIVE",
      "detail": "FCF margin: -4.1% -> +7.4%",
      "severity": "HIGH"
    },
    {
      "quarter": "2025-03 (Q1)",
      "signal": "GROSS MARGIN INFLECTION",
      "detail": "GM: +14.5% -> +10.5% -> +13.3% (reversal +2.8%)",
      "severity": "MEDIUM"
    },
    {
      "quarter": "2025-03 (Q1)",
      "signal": "YoY REVENUE GROWTH DECELERATION",
      "detail": "YoY growth: -12.8% vs prior quarter YoY: -5.3% (decel: -7.4%)",
      "severity": "WARNING"
    },
    {
      "quarter": "2024-12 (Q4)",
      "signal": "FCF TURNED POSITIVE",
      "detail": "FCF margin: -1.2% -> +3.5%",
      "severity": "HIGH"
    },
    {
      "quarter": "2024-09 (Q3)",
      "signal": "YoY REVENUE GROWTH DECELERATION",
      "detail": "YoY growth: -8.7% vs prior quarter YoY: -1.8% (decel: -7.0%)",
      "severity": "WARNING"
    },
    {
      "quarter": "2024-03 (Q1)",
      "signal": "GROSS MARGIN INFLECTION",
      "detail": "GM: +16.0% -> +12.4% -> +16.6% (reversal +4.1%)",
      "severity": "MEDIUM"
    },
    {
      "quarter": "2023-09 (Q3)",
      "signal": "FCF MARGIN EXPANSION",
      "detail": "FCF margin: +1.0% -> +9.0% (+8.0%)",
      "severity": "MEDIUM"
    },
    {
      "quarter": "2023-06 (Q2)",
      "signal": "FCF TURNED POSITIVE",
      "detail": "FCF margin: -3.8% -> +1.0%",
      "severity": "HIGH"
    },
    {
      "quarter": "2023-03 (Q1)",
      "signal": "GROSS MARGIN INFLECTION",
      "detail": "GM: +15.1% -> +11.4% -> +14.7% (reversal +3.3%)",
      "severity": "MEDIUM"
    },
    {
      "quarter": "2023-03 (Q1)",
      "signal": "YoY REVENUE GROWTH DECELERATION",
      "detail": "YoY growth: -0.8% vs prior quarter YoY: +6.9% (decel: -7.7%)",
      "severity": "WARNING"
    },
    {
      "quarter": "2022-12 (Q4)",
      "signal": "FCF TURNED POSITIVE",
      "detail": "FCF margin: -3.5% -> +5.5%",
      "severity": "HIGH"
    },
    {
      "quarter": "2022-09 (Q3)",
      "signal": "YoY REVENUE GROWTH ACCELERATION",
      "detail": "YoY growth: +8.6% vs prior quarter YoY: +1.8% (accel: +6.8%)",
      "severity": "MEDIUM"
    },
    {
      "quarter": "2022-06 (Q2)",
      "signal": "FCF MARGIN EXPANSION",
      "detail": "FCF margin: -7.4% -> -2.2% (+5.2%)",
      "severity": "MEDIUM"
    },
    {
      "quarter": "2022-03 (Q1)",
      "signal": "YoY REVENUE GROWTH ACCELERATION",
      "detail": "YoY growth: +1.0% vs prior quarter YoY: -7.3% (accel: +8.3%)",
      "severity": "MEDIUM"
    },
    {
      "quarter": "2021-12 (Q4)",
      "signal": "FCF TURNED POSITIVE",
      "detail": "FCF margin: -3.2% -> +5.6%",
      "severity": "HIGH"
    },
    {
      "quarter": "2021-03 (Q1)",
      "signal": "FCF TURNED POSITIVE",
      "detail": "FCF margin: -5.9% -> +1.9%",
      "severity": "HIGH"
    },
    {
      "quarter": "2021-03 (Q1)",
      "signal": "OPERATING LEVERAGE",
      "detail": "Rev growth +6.5% vs OpEx growth +0.5% (leverage: 14.4x)",
      "severity": "MEDIUM"
    },
    {
      "quarter": "2021-03 (Q1)",
      "signal": "OP MARGIN TURNED POSITIVE (QoQ)",
      "detail": "Op margin: -0.8% -> +0.8%",
      "severity": "HIGH"
    }
  ],
  "data_quality": {
    "n_quarters": 20,
    "coverage": {
      "revenue": [
        20,
        20
      ],
      "gross_profit": [
        20,
        20
      ],
      "op_income": [
        20,
        20
      ],
      "fcf": [
        20,
        20
      ]
    },
    "gaps": [],
    "warnings": []
  },
  "market_cap": null,
  "source": "SEC EDGAR",
  "last_updated": "2026-02-02T23:29:26.163359"
}