{
  "ticker": "NOBH",
  "name": "NOBILITY HOMES, INC.",
  "quarters": [
    {
      "date": "2021-01-30T00:00:00",
      "quarter_label": "2021-01 (Q1)",
      "revenue": 9071511,
      "gross_profit": 2497447,
      "operating_income": 1224066,
      "net_income": null,
      "opex": 1273381,
      "cogs": 6574064,
      "rd": null,
      "sga": 1273381,
      "fcf": 1156773,
      "ocf": 1434843,
      "capex": -278070,
      "gross_margin": 0.2753066165052327,
      "op_margin": 0.13493518334486945,
      "fcf_margin": 0.12751712476565372
    },
    {
      "date": "2021-05-01T00:00:00",
      "quarter_label": "2021-05 (Q2)",
      "revenue": 14742900,
      "gross_profit": 3612685,
      "operating_income": 2062172,
      "net_income": 1724938,
      "opex": 1550513,
      "cogs": 11130215,
      "rd": null,
      "sga": 1550513,
      "fcf": 2953312,
      "ocf": 4546135,
      "capex": -1592823,
      "gross_margin": 0.24504575083599564,
      "op_margin": 0.1398756011368184,
      "fcf_margin": 0.20032096805920138,
      "op_leverage_ratio": 2.8726419249307886,
      "fcf_margin_change": 0.07280384329354767
    },
    {
      "date": "2021-07-31T00:00:00",
      "quarter_label": "2021-07 (Q3)",
      "revenue": 11778120,
      "gross_profit": 2512744,
      "operating_income": 1192288,
      "net_income": 1050746,
      "opex": 1320456,
      "cogs": 9265376,
      "rd": null,
      "sga": 1320456,
      "fcf": 4137721,
      "ocf": 4183116,
      "capex": -45395,
      "gross_margin": 0.21333998974369425,
      "op_margin": 0.1012290586273531,
      "fcf_margin": 0.3513057262109742,
      "fcf_margin_change": 0.15098475815177284
    },
    {
      "date": "2021-11-06T00:00:00",
      "quarter_label": "2021-11 (Q4)",
      "revenue": 9470027,
      "gross_profit": 2809320,
      "operating_income": 1667498,
      "net_income": 1557359,
      "opex": 1141822,
      "cogs": 6660707,
      "rd": null,
      "sga": 1141822,
      "fcf": 3211668,
      "ocf": 3186766,
      "capex": 24902,
      "gross_margin": 0.29665385325722937,
      "op_margin": 0.17608165214312482,
      "fcf_margin": 0.33914032135283245,
      "fcf_margin_change": -0.01216540485814177
    },
    {
      "date": "2022-02-05T00:00:00",
      "quarter_label": "2022-02 (Q1)",
      "revenue": 10808270,
      "gross_profit": 2728228,
      "operating_income": 1311685,
      "net_income": 1157034,
      "opex": 1416543,
      "cogs": 8080042,
      "rd": null,
      "sga": 1416543,
      "fcf": 806247,
      "ocf": 925030,
      "capex": -118783,
      "gross_margin": 0.2524204151080608,
      "op_margin": 0.12135938498945714,
      "fcf_margin": 0.07459537927901505,
      "incr_op_margin_yoy": 0.05044971697282122,
      "rev_growth_yoy": 0.1914520083809632,
      "op_leverage_ratio": 0.5873409900791807,
      "fcf_margin_change": -0.2645449420738174
    },
    {
      "date": "2022-05-07T00:00:00",
      "quarter_label": "2022-05 (Q2)",
      "revenue": 10645046,
      "gross_profit": 3021918,
      "operating_income": 1643312,
      "net_income": 1456826,
      "opex": 1378606,
      "cogs": 7623128,
      "rd": null,
      "sga": 1378606,
      "fcf": -3743192,
      "ocf": -3310134,
      "capex": -433058,
      "gross_margin": 0.28388021996335194,
      "op_margin": 0.15437340524409196,
      "fcf_margin": -0.35163699621401356,
      "incr_op_margin_yoy": 0.1022144761624011,
      "rev_growth_yoy": -0.2779544051713028,
      "rev_growth_yoy_accel": -0.46940641355226603,
      "fcf_margin_change": -0.4262323754930286
    },
    {
      "date": "2022-08-06T00:00:00",
      "quarter_label": "2022-08 (Q3)",
      "revenue": 13846698,
      "gross_profit": 3898060,
      "operating_income": 2244860,
      "net_income": 1884759,
      "opex": 1653200,
      "cogs": 9948638,
      "rd": null,
      "sga": 1653200,
      "fcf": -4133810,
      "ocf": -3826330,
      "capex": -307480,
      "gross_margin": 0.2815154919967201,
      "op_margin": 0.16212240636720754,
      "fcf_margin": -0.2985412117748217,
      "incr_op_margin_yoy": 0.5088384387729155,
      "rev_growth_yoy": 0.17562887795335758,
      "rev_growth_yoy_accel": 0.4535832831246604,
      "op_leverage_ratio": 1.5099956749220604,
      "fcf_margin_change": 0.053095784439191884
    },
    {
      "date": "2022-11-05T00:00:00",
      "quarter_label": "2022-11 (Q4)",
      "revenue": 16222040,
      "gross_profit": 5255232,
      "operating_income": 3225593,
      "net_income": 2733410,
      "opex": 2029639,
      "cogs": 10966808,
      "rd": null,
      "sga": 2029639,
      "fcf": -2007194,
      "ocf": -1620905,
      "capex": -386289,
      "gross_margin": 0.32395629649538527,
      "op_margin": 0.1988401582045168,
      "fcf_margin": -0.12373252685852087,
      "incr_op_margin_yoy": 0.23076007110768298,
      "rev_growth_yoy": 0.7129877243222221,
      "rev_growth_yoy_accel": 0.5373588463688646,
      "op_leverage_ratio": 0.7533741477513689,
      "fcf_margin_change": 0.1748086849163008
    },
    {
      "date": "2023-02-04T00:00:00",
      "quarter_label": "2023-02 (Q1)",
      "revenue": 17164753,
      "gross_profit": 5871596,
      "operating_income": 3836119,
      "net_income": 3056967,
      "opex": 2035477,
      "cogs": 11293157,
      "rd": null,
      "sga": 2035477,
      "fcf": 3150030,
      "ocf": 3376579,
      "capex": -226549,
      "gross_margin": 0.34207285126677905,
      "op_margin": 0.2234881562233957,
      "fcf_margin": 0.183517350934208,
      "incr_op_margin_yoy": 0.39714320009980364,
      "rev_growth_yoy": 0.588112898734025,
      "rev_growth_yoy_accel": -0.12487482558819718,
      "op_leverage_ratio": 20.203598848338384,
      "fcf_margin_change": 0.3072498777927289
    },
    {
      "date": "2023-05-06T00:00:00",
      "quarter_label": "2023-05 (Q2)",
      "revenue": 16779597,
      "gross_profit": 5953311,
      "operating_income": 3738113,
      "net_income": 2858849,
      "opex": 2215198,
      "cogs": 10826286,
      "rd": null,
      "sga": 2215198,
      "fcf": 2755956,
      "ocf": 2929075,
      "capex": -173119,
      "gross_margin": 0.35479463541347267,
      "op_margin": 0.22277728124221338,
      "fcf_margin": 0.16424446904177734,
      "incr_op_margin_yoy": 0.341475847213594,
      "rev_growth_yoy": 0.5762822443416402,
      "rev_growth_yoy_accel": -0.011830654392384732,
      "fcf_margin_change": -0.019272881892430677
    },
    {
      "date": "2023-08-05T00:00:00",
      "quarter_label": "2023-08 (Q3)",
      "revenue": 14654789,
      "gross_profit": 5114390,
      "operating_income": 3126608,
      "net_income": 2666328,
      "opex": 1987782,
      "cogs": 9540399,
      "rd": null,
      "sga": 1987782,
      "fcf": 32671,
      "ocf": 143012,
      "capex": -110341,
      "gross_margin": 0.3489910363090182,
      "op_margin": 0.21335059822423919,
      "fcf_margin": 0.0022293736197771252,
      "rev_growth_yoy": 0.05835983423629229,
      "rev_growth_yoy_accel": -0.5179224101053479,
      "fcf_margin_change": -0.1620150954220002
    },
    {
      "date": "2023-11-04T00:00:00",
      "quarter_label": "2023-11 (Q4)",
      "revenue": 14719253,
      "gross_profit": 4548588,
      "operating_income": 2699511,
      "net_income": 2316720,
      "opex": 1849077,
      "cogs": 10170665,
      "rd": null,
      "sga": 1849077,
      "fcf": 3677567,
      "ocf": 3674351,
      "capex": 3216,
      "gross_margin": 0.3090230190350013,
      "op_margin": 0.18339999998641235,
      "fcf_margin": 0.24984739375021273,
      "incr_op_margin_yoy": 0.35007090159816395,
      "rev_growth_yoy": -0.09263859539244139,
      "rev_growth_yoy_accel": -0.15099842962873367,
      "fcf_margin_change": 0.2476180201304356
    },
    {
      "date": "2024-02-03T00:00:00",
      "quarter_label": "2024-02 (Q1)",
      "revenue": 14767998,
      "gross_profit": 4734346,
      "operating_income": 2702016,
      "net_income": 2338437,
      "opex": 2032330,
      "cogs": 10033652,
      "rd": null,
      "sga": 2032330,
      "fcf": 2677316,
      "ocf": 2799760,
      "capex": -122444,
      "gross_margin": 0.3205814356150373,
      "op_margin": 0.18296427179906172,
      "fcf_margin": 0.18129173636128607,
      "incr_op_margin_yoy": 0.47318269910775196,
      "rev_growth_yoy": -0.1396323617357034,
      "rev_growth_yoy_accel": -0.04699376634326201,
      "fcf_margin_change": -0.06855565738892666
    },
    {
      "date": "2024-05-04T00:00:00",
      "quarter_label": "2024-05 (Q2)",
      "revenue": 11527978,
      "gross_profit": 4168394,
      "operating_income": 2257014,
      "net_income": 2025959,
      "opex": 1911380,
      "cogs": 7359584,
      "rd": null,
      "sga": 1911380,
      "fcf": 867873,
      "ocf": 889005,
      "capex": -21132,
      "gross_margin": 0.36158934376869906,
      "op_margin": 0.19578576572578468,
      "fcf_margin": 0.07528406109033171,
      "incr_op_margin_yoy": 0.28202712344516995,
      "rev_growth_yoy": -0.31297646779001903,
      "rev_growth_yoy_accel": -0.17334410605431563,
      "fcf_margin_change": -0.10600767527095435
    },
    {
      "date": "2024-08-03T00:00:00",
      "quarter_label": "2024-08 (Q3)",
      "revenue": 13803340,
      "gross_profit": 4606600,
      "operating_income": 2573627,
      "net_income": 2185312,
      "opex": 2032973,
      "cogs": 9196740,
      "rd": null,
      "sga": 2032973,
      "fcf": 2962165,
      "ocf": 2988958,
      "capex": -26793,
      "gross_margin": 0.3337308216706971,
      "op_margin": 0.18644958394127797,
      "fcf_margin": 0.21459769881782234,
      "rev_growth_yoy": -0.058100392984163744,
      "rev_growth_yoy_accel": 0.2548760748058553,
      "op_leverage_ratio": 3.1026717076055506,
      "fcf_margin_change": 0.1393136377274906
    },
    {
      "date": "2024-11-02T00:00:00",
      "quarter_label": "2024-11 (Q4)",
      "revenue": 11834306,
      "gross_profit": 3914737,
      "operating_income": 2048794,
      "net_income": 2061554,
      "opex": 1865943,
      "cogs": 7919569,
      "rd": null,
      "sga": 1865943,
      "fcf": 358468,
      "ocf": 370231,
      "capex": -11763,
      "gross_margin": 0.3307956545994332,
      "op_margin": 0.17312329087992148,
      "fcf_margin": 0.03029058062213365,
      "incr_op_margin_yoy": 0.2255559634197786,
      "rev_growth_yoy": -0.19599819365833307,
      "rev_growth_yoy_accel": -0.13789780067416932,
      "fcf_margin_change": -0.18430711819568868
    },
    {
      "date": "2025-02-01T00:00:00",
      "quarter_label": "2025-02 (Q1)",
      "revenue": 12241742,
      "gross_profit": 3970785,
      "operating_income": 2294135,
      "net_income": 1980422,
      "opex": 1676650,
      "cogs": 8270957,
      "rd": null,
      "sga": 1676650,
      "fcf": 2300668,
      "ocf": 2417866,
      "capex": -117198,
      "gross_margin": 0.3243643755929507,
      "op_margin": 0.18740265886995494,
      "fcf_margin": 0.18793632474855293,
      "incr_op_margin_yoy": 0.1614567169756351,
      "rev_growth_yoy": -0.1710628617365739,
      "rev_growth_yoy_accel": 0.024935331921759174,
      "op_leverage_ratio": Infinity,
      "fcf_margin_change": 0.15764574412641927
    },
    {
      "date": "2025-05-03T00:00:00",
      "quarter_label": "2025-05 (Q2)",
      "revenue": 14757337,
      "gross_profit": 4631416,
      "operating_income": 2742219,
      "net_income": 2292320,
      "opex": 1889197,
      "cogs": 10125921,
      "rd": null,
      "sga": 1889197,
      "fcf": 829400,
      "ocf": 879041,
      "capex": -49641,
      "gross_margin": 0.3138381945197836,
      "op_margin": 0.18582072090648874,
      "fcf_margin": 0.056202551991595774,
      "incr_op_margin_yoy": 0.15024808328835537,
      "rev_growth_yoy": 0.28013230073825607,
      "rev_growth_yoy_accel": 0.45119516247482994,
      "op_leverage_ratio": 1.6210071644379107,
      "fcf_margin_change": -0.13173377275695716
    },
    {
      "date": "2025-08-02T00:00:00",
      "quarter_label": "2025-08 (Q3)",
      "revenue": 12021194,
      "gross_profit": 3848186,
      "operating_income": 2177601,
      "net_income": 1825271,
      "opex": 1670585,
      "cogs": 8173008,
      "rd": null,
      "sga": 1670585,
      "fcf": 681619,
      "ocf": 689887,
      "capex": -8268,
      "gross_margin": 0.3201167870679069,
      "op_margin": 0.1811468145343965,
      "fcf_margin": 0.056701439141569464,
      "incr_op_margin_yoy": 0.2222186061074682,
      "rev_growth_yoy": -0.1291097661870243,
      "rev_growth_yoy_accel": -0.40924206692528037,
      "fcf_margin_change": 0.0004988871499736897
    },
    {
      "date": "2025-11-01T00:00:00",
      "quarter_label": "2025-11 (Q4)",
      "revenue": 13647697,
      "gross_profit": 4334813,
      "operating_income": 2822567,
      "net_income": 2348370,
      "opex": 1512246,
      "cogs": 9312884,
      "rd": null,
      "sga": 1512246,
      "fcf": 170144,
      "ocf": 174810,
      "capex": -4666,
      "gross_margin": 0.3176223065327432,
      "op_margin": 0.20681635883328886,
      "fcf_margin": 0.012466865288700358,
      "incr_op_margin_yoy": 0.4266994817995678,
      "rev_growth_yoy": 0.15323171464384983,
      "rev_growth_yoy_accel": 0.2823414808308741,
      "op_leverage_ratio": Infinity,
      "fcf_margin_change": -0.04423457385286911
    }
  ],
  "signals": [
    {
      "quarter": "2025-11 (Q4)",
      "signal": "YoY REVENUE GROWTH ACCELERATION",
      "detail": "YoY growth: +15.3% vs prior quarter YoY: -12.9% (accel: +28.2%)",
      "severity": "HIGH"
    },
    {
      "quarter": "2025-11 (Q4)",
      "signal": "INCREMENTAL MARGIN (YoY)",
      "detail": "YoY Incr OPM: +42.7% vs year-ago OPM: +17.3%",
      "severity": "HIGH"
    },
    {
      "quarter": "2025-08 (Q3)",
      "signal": "YoY REVENUE GROWTH DECELERATION",
      "detail": "YoY growth: -12.9% vs prior quarter YoY: +28.0% (decel: -40.9%)",
      "severity": "WARNING"
    },
    {
      "quarter": "2025-05 (Q2)",
      "signal": "OPERATING LEVERAGE",
      "detail": "Rev growth +20.5% vs OpEx growth +12.7% (leverage: 1.6x)",
      "severity": "MEDIUM"
    },
    {
      "quarter": "2025-05 (Q2)",
      "signal": "YoY REVENUE GROWTH ACCELERATION",
      "detail": "YoY growth: +28.0% vs prior quarter YoY: -17.1% (accel: +45.1%)",
      "severity": "HIGH"
    },
    {
      "quarter": "2025-02 (Q1)",
      "signal": "FCF MARGIN EXPANSION",
      "detail": "FCF margin: +3.0% -> +18.8% (+15.8%)",
      "severity": "MEDIUM"
    },
    {
      "quarter": "2024-11 (Q4)",
      "signal": "YoY REVENUE GROWTH DECELERATION",
      "detail": "YoY growth: -19.6% vs prior quarter YoY: -5.8% (decel: -13.8%)",
      "severity": "WARNING"
    },
    {
      "quarter": "2024-08 (Q3)",
      "signal": "FCF MARGIN EXPANSION",
      "detail": "FCF margin: +7.5% -> +21.5% (+13.9%)",
      "severity": "MEDIUM"
    },
    {
      "quarter": "2024-08 (Q3)",
      "signal": "OPERATING LEVERAGE",
      "detail": "Rev growth +19.7% vs OpEx growth +6.4% (leverage: 3.1x)",
      "severity": "MEDIUM"
    },
    {
      "quarter": "2024-08 (Q3)",
      "signal": "YoY REVENUE GROWTH ACCELERATION",
      "detail": "YoY growth: -5.8% vs prior quarter YoY: -31.3% (accel: +25.5%)",
      "severity": "HIGH"
    },
    {
      "quarter": "2024-05 (Q2)",
      "signal": "YoY REVENUE GROWTH DECELERATION",
      "detail": "YoY growth: -31.3% vs prior quarter YoY: -14.0% (decel: -17.3%)",
      "severity": "WARNING"
    },
    {
      "quarter": "2024-02 (Q1)",
      "signal": "INCREMENTAL MARGIN (YoY)",
      "detail": "YoY Incr OPM: +47.3% vs year-ago OPM: +22.3%",
      "severity": "HIGH"
    },
    {
      "quarter": "2023-11 (Q4)",
      "signal": "FCF MARGIN EXPANSION",
      "detail": "FCF margin: +0.2% -> +25.0% (+24.8%)",
      "severity": "MEDIUM"
    },
    {
      "quarter": "2023-11 (Q4)",
      "signal": "YoY REVENUE GROWTH DECELERATION",
      "detail": "YoY growth: -9.3% vs prior quarter YoY: +5.8% (decel: -15.1%)",
      "severity": "WARNING"
    },
    {
      "quarter": "2023-11 (Q4)",
      "signal": "INCREMENTAL MARGIN (YoY)",
      "detail": "YoY Incr OPM: +35.0% vs year-ago OPM: +19.9%",
      "severity": "MEDIUM"
    },
    {
      "quarter": "2023-08 (Q3)",
      "signal": "YoY REVENUE GROWTH DECELERATION",
      "detail": "YoY growth: +5.8% vs prior quarter YoY: +57.6% (decel: -51.8%)",
      "severity": "WARNING"
    },
    {
      "quarter": "2023-05 (Q2)",
      "signal": "INCREMENTAL MARGIN (YoY)",
      "detail": "YoY Incr OPM: +34.1% vs year-ago OPM: +15.4%",
      "severity": "MEDIUM"
    },
    {
      "quarter": "2023-02 (Q1)",
      "signal": "FCF TURNED POSITIVE",
      "detail": "FCF margin: -12.4% -> +18.4%",
      "severity": "HIGH"
    },
    {
      "quarter": "2023-02 (Q1)",
      "signal": "OPERATING LEVERAGE",
      "detail": "Rev growth +5.8% vs OpEx growth +0.3% (leverage: 20.2x)",
      "severity": "MEDIUM"
    },
    {
      "quarter": "2023-02 (Q1)",
      "signal": "YoY REVENUE GROWTH DECELERATION",
      "detail": "YoY growth: +58.8% vs prior quarter YoY: +71.3% (decel: -12.5%)",
      "severity": "WARNING"
    },
    {
      "quarter": "2023-02 (Q1)",
      "signal": "INCREMENTAL MARGIN (YoY)",
      "detail": "YoY Incr OPM: +39.7% vs year-ago OPM: +12.1%",
      "severity": "HIGH"
    },
    {
      "quarter": "2022-11 (Q4)",
      "signal": "FCF MARGIN EXPANSION",
      "detail": "FCF margin: -29.9% -> -12.4% (+17.5%)",
      "severity": "MEDIUM"
    },
    {
      "quarter": "2022-11 (Q4)",
      "signal": "GROSS MARGIN INFLECTION",
      "detail": "GM: +28.4% -> +28.2% -> +32.4% (reversal +4.2%)",
      "severity": "MEDIUM"
    },
    {
      "quarter": "2022-11 (Q4)",
      "signal": "YoY REVENUE GROWTH ACCELERATION",
      "detail": "YoY growth: +71.3% vs prior quarter YoY: +17.6% (accel: +53.7%)",
      "severity": "HIGH"
    },
    {
      "quarter": "2022-08 (Q3)",
      "signal": "FCF MARGIN EXPANSION",
      "detail": "FCF margin: -35.2% -> -29.9% (+5.3%)",
      "severity": "MEDIUM"
    },
    {
      "quarter": "2022-08 (Q3)",
      "signal": "OPERATING LEVERAGE",
      "detail": "Rev growth +30.1% vs OpEx growth +19.9% (leverage: 1.5x)",
      "severity": "MEDIUM"
    },
    {
      "quarter": "2022-08 (Q3)",
      "signal": "YoY REVENUE GROWTH ACCELERATION",
      "detail": "YoY growth: +17.6% vs prior quarter YoY: -27.8% (accel: +45.4%)",
      "severity": "HIGH"
    },
    {
      "quarter": "2022-08 (Q3)",
      "signal": "INCREMENTAL MARGIN (YoY)",
      "detail": "YoY Incr OPM: +50.9% vs year-ago OPM: +10.1%",
      "severity": "HIGH"
    },
    {
      "quarter": "2022-05 (Q2)",
      "signal": "GROSS MARGIN INFLECTION",
      "detail": "GM: +29.7% -> +25.2% -> +28.4% (reversal +3.1%)",
      "severity": "MEDIUM"
    },
    {
      "quarter": "2022-05 (Q2)",
      "signal": "YoY REVENUE GROWTH DECELERATION",
      "detail": "YoY growth: -27.8% vs prior quarter YoY: +19.1% (decel: -46.9%)",
      "severity": "WARNING"
    },
    {
      "quarter": "2021-11 (Q4)",
      "signal": "GROSS MARGIN INFLECTION",
      "detail": "GM: +24.5% -> +21.3% -> +29.7% (reversal +8.3%)",
      "severity": "HIGH"
    },
    {
      "quarter": "2021-07 (Q3)",
      "signal": "FCF MARGIN EXPANSION",
      "detail": "FCF margin: +20.0% -> +35.1% (+15.1%)",
      "severity": "MEDIUM"
    },
    {
      "quarter": "2021-05 (Q2)",
      "signal": "FCF MARGIN EXPANSION",
      "detail": "FCF margin: +12.8% -> +20.0% (+7.3%)",
      "severity": "MEDIUM"
    },
    {
      "quarter": "2021-05 (Q2)",
      "signal": "OPERATING LEVERAGE",
      "detail": "Rev growth +62.5% vs OpEx growth +21.8% (leverage: 2.9x)",
      "severity": "MEDIUM"
    }
  ],
  "data_quality": {
    "n_quarters": 20,
    "coverage": {
      "revenue": [
        20,
        20
      ],
      "gross_profit": [
        20,
        20
      ],
      "op_income": [
        20,
        20
      ],
      "fcf": [
        20,
        20
      ]
    },
    "gaps": [],
    "warnings": []
  },
  "market_cap": null,
  "source": "SEC EDGAR",
  "last_updated": "2026-02-03T16:23:17.722112",
  "sector": "Consumer Cyclical",
  "industry": "Residential Construction"
}