{
  "ticker": "NOV",
  "name": "NOV INC.",
  "sector": "Energy",
  "industry": "Oil & Gas Equipment & Services",
  "quarters": [
    {
      "date": "2021-03-31T00:00:00",
      "quarter_label": "2021-03 (Q1)",
      "revenue": 1249000000,
      "gross_profit": 156000000,
      "operating_income": -88000000,
      "net_income": -115000000,
      "opex": 244000000,
      "cogs": 1093000000,
      "rd": null,
      "sga": 244000000,
      "fcf": -76000000,
      "ocf": -27000000,
      "capex": -49000000,
      "gross_margin": 0.12489991993594876,
      "op_margin": -0.07045636509207366,
      "fcf_margin": -0.06084867894315452
    },
    {
      "date": "2021-06-30T00:00:00",
      "quarter_label": "2021-06 (Q2)",
      "revenue": 1417000000,
      "gross_profit": 231000000,
      "operating_income": 12000000,
      "net_income": -26000000,
      "opex": 219000000,
      "cogs": 1186000000,
      "rd": null,
      "sga": 219000000,
      "fcf": 128000000,
      "ocf": 177000000,
      "capex": -49000000,
      "gross_margin": 0.16302046577275936,
      "op_margin": 0.008468595624558928,
      "fcf_margin": 0.0903316866619619,
      "op_leverage_ratio": null,
      "fcf_margin_change": 0.1511803656051164
    },
    {
      "date": "2021-09-30T00:00:00",
      "quarter_label": "2021-09 (Q3)",
      "revenue": 1341000000,
      "gross_profit": 185000000,
      "operating_income": -43000000,
      "net_income": -69000000,
      "opex": 228000000,
      "cogs": 1156000000,
      "rd": null,
      "sga": 228000000,
      "fcf": 66000000,
      "ocf": 105000000,
      "capex": -39000000,
      "gross_margin": 0.13795674869500374,
      "op_margin": -0.03206562266964952,
      "fcf_margin": 0.049217002237136466,
      "fcf_margin_change": -0.04111468442482543
    },
    {
      "date": "2021-12-31T00:00:00",
      "quarter_label": "2021-12 (Q4)",
      "revenue": 1517000000,
      "gross_profit": 202000000,
      "operating_income": -15000000,
      "net_income": -40000000,
      "opex": 217000000,
      "cogs": 1315000000,
      "rd": null,
      "sga": 217000000,
      "fcf": -28000000,
      "ocf": 36000000,
      "capex": -64000000,
      "gross_margin": 0.13315754779169414,
      "op_margin": -0.00988793671720501,
      "fcf_margin": -0.01845748187211602,
      "op_leverage_ratio": null,
      "fcf_margin_change": -0.06767448410925249
    },
    {
      "date": "2022-03-31T00:00:00",
      "quarter_label": "2022-03 (Q1)",
      "revenue": 1548000000,
      "gross_profit": 214000000,
      "operating_income": -21000000,
      "net_income": -50000000,
      "opex": 235000000,
      "cogs": 1334000000,
      "rd": null,
      "sga": 235000000,
      "fcf": -149000000,
      "ocf": -103000000,
      "capex": -46000000,
      "gross_margin": 0.13824289405684753,
      "op_margin": -0.013565891472868217,
      "fcf_margin": -0.0962532299741602,
      "incr_op_margin_yoy": 0.22408026755852842,
      "rev_growth_yoy": 0.23939151321056845,
      "op_leverage_ratio": 0.24635611220977074,
      "fcf_margin_change": -0.07779574810204419
    },
    {
      "date": "2022-06-30T00:00:00",
      "quarter_label": "2022-06 (Q2)",
      "revenue": 1727000000,
      "gross_profit": 309000000,
      "operating_income": 68000000,
      "net_income": 69000000,
      "opex": 241000000,
      "cogs": 1418000000,
      "rd": null,
      "sga": 241000000,
      "fcf": -167000000,
      "ocf": -124000000,
      "capex": -43000000,
      "gross_margin": 0.1789229878401853,
      "op_margin": 0.03937463810075275,
      "fcf_margin": -0.09669947886508395,
      "incr_op_margin_yoy": 0.18064516129032257,
      "rev_growth_yoy": 0.21877205363443897,
      "rev_growth_yoy_accel": -0.020619459576129484,
      "op_leverage_ratio": 4.5289621016365205,
      "fcf_margin_change": -0.00044624889092374775
    },
    {
      "date": "2022-09-30T00:00:00",
      "quarter_label": "2022-09 (Q3)",
      "revenue": 1889000000,
      "gross_profit": 368000000,
      "operating_income": 55000000,
      "net_income": 32000000,
      "opex": 313000000,
      "cogs": 1521000000,
      "rd": null,
      "sga": 313000000,
      "fcf": -165000000,
      "ocf": -106000000,
      "capex": -59000000,
      "gross_margin": 0.19481206987824246,
      "op_margin": 0.029115934356802542,
      "fcf_margin": -0.08734780307040763,
      "incr_op_margin_yoy": 0.17883211678832117,
      "rev_growth_yoy": 0.4086502609992543,
      "rev_growth_yoy_accel": 0.1898782073648153,
      "op_leverage_ratio": 0.3139837869137232,
      "fcf_margin_change": 0.009351675794676328
    },
    {
      "date": "2022-12-31T00:00:00",
      "quarter_label": "2022-12 (Q4)",
      "revenue": 2073000000,
      "gross_profit": 443000000,
      "operating_income": 162000000,
      "net_income": 104000000,
      "opex": 281000000,
      "cogs": 1630000000,
      "rd": null,
      "sga": 281000000,
      "fcf": 88000000,
      "ocf": 154000000,
      "capex": -66000000,
      "gross_margin": 0.21369995176073323,
      "op_margin": 0.07814761215629522,
      "fcf_margin": 0.042450554751567775,
      "incr_op_margin_yoy": 0.3183453237410072,
      "rev_growth_yoy": 0.36651285431773234,
      "rev_growth_yoy_accel": -0.04213740668152194,
      "op_leverage_ratio": null,
      "fcf_margin_change": 0.1297983578219754
    },
    {
      "date": "2023-03-31T00:00:00",
      "quarter_label": "2023-03 (Q1)",
      "revenue": 1962000000,
      "gross_profit": 411000000,
      "operating_income": 126000000,
      "net_income": 126000000,
      "opex": 285000000,
      "cogs": 1551000000,
      "rd": null,
      "sga": 285000000,
      "fcf": -259000000,
      "ocf": -202000000,
      "capex": -57000000,
      "gross_margin": 0.20948012232415902,
      "op_margin": 0.06422018348623854,
      "fcf_margin": -0.13200815494393475,
      "incr_op_margin_yoy": 0.35507246376811596,
      "rev_growth_yoy": 0.26744186046511625,
      "rev_growth_yoy_accel": -0.09907099385261608,
      "fcf_margin_change": -0.17445870969550253
    },
    {
      "date": "2023-06-30T00:00:00",
      "quarter_label": "2023-06 (Q2)",
      "revenue": 2093000000,
      "gross_profit": 457000000,
      "operating_income": 181000000,
      "net_income": 155000000,
      "opex": 276000000,
      "cogs": 1636000000,
      "rd": null,
      "sga": 276000000,
      "fcf": -148000000,
      "ocf": -72000000,
      "capex": -76000000,
      "gross_margin": 0.21834687052078355,
      "op_margin": 0.0864787386526517,
      "fcf_margin": -0.07071189679885333,
      "incr_op_margin_yoy": 0.3087431693989071,
      "rev_growth_yoy": 0.2119281991893457,
      "rev_growth_yoy_accel": -0.055513661275770565,
      "op_leverage_ratio": null,
      "fcf_margin_change": 0.061296258145081425
    },
    {
      "date": "2023-09-30T00:00:00",
      "quarter_label": "2023-09 (Q3)",
      "revenue": 2185000000,
      "gross_profit": 468000000,
      "operating_income": 183000000,
      "net_income": 114000000,
      "opex": 285000000,
      "cogs": 1717000000,
      "rd": null,
      "sga": 285000000,
      "fcf": -34000000,
      "ocf": 40000000,
      "capex": -74000000,
      "gross_margin": 0.21418764302059495,
      "op_margin": 0.08375286041189932,
      "fcf_margin": -0.015560640732265447,
      "incr_op_margin_yoy": 0.43243243243243246,
      "rev_growth_yoy": 0.15669666490206458,
      "rev_growth_yoy_accel": -0.055231534287281114,
      "op_leverage_ratio": 1.347985347985348,
      "fcf_margin_change": 0.055151256066587884
    },
    {
      "date": "2023-12-31T00:00:00",
      "quarter_label": "2023-12 (Q4)",
      "revenue": 2343000000,
      "gross_profit": 497000000,
      "operating_income": 161000000,
      "net_income": 598000000,
      "opex": 336000000,
      "cogs": 1846000000,
      "rd": null,
      "sga": 336000000,
      "fcf": 301000000,
      "ocf": 377000000,
      "capex": -76000000,
      "gross_margin": 0.21212121212121213,
      "op_margin": 0.068715322236449,
      "fcf_margin": 0.1284677763551003,
      "incr_op_margin_yoy": -0.003703703703703704,
      "rev_growth_yoy": 0.13024602026049203,
      "rev_growth_yoy_accel": -0.02645064464157254,
      "op_leverage_ratio": 0.4040920716112532,
      "fcf_margin_change": 0.14402841708736575
    },
    {
      "date": "2024-03-31T00:00:00",
      "quarter_label": "2024-03 (Q1)",
      "revenue": 2155000000,
      "gross_profit": 458000000,
      "operating_income": 162000000,
      "net_income": 119000000,
      "opex": 296000000,
      "cogs": 1697000000,
      "rd": null,
      "sga": 296000000,
      "fcf": -147000000,
      "ocf": -78000000,
      "capex": -69000000,
      "gross_margin": 0.21252900232018562,
      "op_margin": 0.07517401392111368,
      "fcf_margin": -0.06821345707656612,
      "incr_op_margin_yoy": 0.18652849740932642,
      "rev_growth_yoy": 0.0983690112130479,
      "rev_growth_yoy_accel": -0.03187700904744413,
      "fcf_margin_change": -0.1966812334316664
    },
    {
      "date": "2024-06-30T00:00:00",
      "quarter_label": "2024-06 (Q2)",
      "revenue": 2216000000,
      "gross_profit": 590000000,
      "operating_income": 313000000,
      "net_income": 226000000,
      "opex": 277000000,
      "cogs": 1626000000,
      "rd": null,
      "sga": 277000000,
      "fcf": 350000000,
      "ocf": 432000000,
      "capex": -82000000,
      "gross_margin": 0.26624548736462095,
      "op_margin": 0.14124548736462095,
      "fcf_margin": 0.157942238267148,
      "incr_op_margin_yoy": 1.0731707317073171,
      "rev_growth_yoy": 0.058767319636884856,
      "rev_growth_yoy_accel": -0.03960169157616305,
      "op_leverage_ratio": null,
      "fcf_margin_change": 0.22615569534371413
    },
    {
      "date": "2024-09-30T00:00:00",
      "quarter_label": "2024-09 (Q3)",
      "revenue": 2191000000,
      "gross_profit": 469000000,
      "operating_income": 194000000,
      "net_income": 130000000,
      "opex": 275000000,
      "cogs": 1722000000,
      "rd": null,
      "sga": 275000000,
      "fcf": 277000000,
      "ocf": 359000000,
      "capex": -82000000,
      "gross_margin": 0.21405750798722045,
      "op_margin": 0.0885440438156093,
      "fcf_margin": 0.1264262893655865,
      "incr_op_margin_yoy": 1.8333333333333333,
      "rev_growth_yoy": 0.002745995423340961,
      "rev_growth_yoy_accel": -0.056021324213543895,
      "fcf_margin_change": -0.03151594890156151
    },
    {
      "date": "2024-12-31T00:00:00",
      "quarter_label": "2024-12 (Q4)",
      "revenue": 2308000000,
      "gross_profit": 493000000,
      "operating_income": 207000000,
      "net_income": 160000000,
      "opex": 286000000,
      "cogs": 1815000000,
      "rd": null,
      "sga": 286000000,
      "fcf": 473000000,
      "ocf": 591000000,
      "capex": -118000000,
      "gross_margin": 0.2136048526863085,
      "op_margin": 0.08968804159445408,
      "fcf_margin": 0.20493934142114384,
      "incr_op_margin_yoy": -1.3142857142857143,
      "rev_growth_yoy": -0.014938113529662825,
      "rev_growth_yoy_accel": -0.017684108953003787,
      "op_leverage_ratio": 1.3350068461889548,
      "fcf_margin_change": 0.07851305205555734
    },
    {
      "date": "2025-03-31T00:00:00",
      "quarter_label": "2025-03 (Q1)",
      "revenue": 2103000000,
      "gross_profit": 447000000,
      "operating_income": 152000000,
      "net_income": 73000000,
      "opex": 295000000,
      "cogs": 1656000000,
      "rd": null,
      "sga": 295000000,
      "fcf": 51000000,
      "ocf": 135000000,
      "capex": -84000000,
      "gross_margin": 0.21255349500713266,
      "op_margin": 0.07227769852591535,
      "fcf_margin": 0.024251069900142655,
      "incr_op_margin_yoy": 0.19230769230769232,
      "rev_growth_yoy": -0.024129930394431554,
      "rev_growth_yoy_accel": -0.009191816864768729,
      "fcf_margin_change": -0.1806882715210012
    },
    {
      "date": "2025-06-30T00:00:00",
      "quarter_label": "2025-06 (Q2)",
      "revenue": 2188000000,
      "gross_profit": 446000000,
      "operating_income": 143000000,
      "net_income": 108000000,
      "opex": 303000000,
      "cogs": 1742000000,
      "rd": null,
      "sga": 303000000,
      "fcf": 108000000,
      "ocf": 191000000,
      "capex": -83000000,
      "gross_margin": 0.20383912248628885,
      "op_margin": 0.06535648994515539,
      "fcf_margin": 0.04936014625228519,
      "incr_op_margin_yoy": 6.071428571428571,
      "rev_growth_yoy": -0.01263537906137184,
      "rev_growth_yoy_accel": 0.011494551333059714,
      "op_leverage_ratio": 1.490430337612934,
      "fcf_margin_change": 0.02510907635214254
    },
    {
      "date": "2025-09-30T00:00:00",
      "quarter_label": "2025-09 (Q3)",
      "revenue": 2176000000,
      "gross_profit": 412000000,
      "operating_income": 107000000,
      "net_income": 42000000,
      "opex": 305000000,
      "cogs": 1764000000,
      "rd": null,
      "sga": 305000000,
      "fcf": 245000000,
      "ocf": 352000000,
      "capex": -107000000,
      "gross_margin": 0.18933823529411764,
      "op_margin": 0.04917279411764706,
      "fcf_margin": 0.11259191176470588,
      "incr_op_margin_yoy": 5.8,
      "rev_growth_yoy": -0.006846188954815153,
      "rev_growth_yoy_accel": 0.005789190106556688,
      "fcf_margin_change": 0.06323176551242068
    },
    {
      "date": "2025-12-31T00:00:00",
      "quarter_label": "2025-12 (Q4)",
      "revenue": 2277000000,
      "gross_profit": 462000000,
      "operating_income": 92000000,
      "net_income": -78000000,
      "opex": 370000000,
      "cogs": 1815000000,
      "rd": null,
      "sga": 300000000,
      "fcf": 472000000,
      "ocf": 573000000,
      "capex": -101000000,
      "gross_margin": 0.2028985507246377,
      "op_margin": 0.04040404040404041,
      "fcf_margin": 0.207290294246816,
      "incr_op_margin_yoy": 3.7096774193548385,
      "rev_growth_yoy": -0.013431542461005199,
      "rev_growth_yoy_accel": -0.006585353506190046,
      "op_leverage_ratio": 0.21779553167420818,
      "fcf_margin_change": 0.09469838248211011
    }
  ],
  "signals": [
    {
      "quarter": "2025-12 (Q4)",
      "signal": "FCF MARGIN EXPANSION",
      "detail": "FCF margin: +11.3% -> +20.7% (+9.5%)",
      "severity": "MEDIUM"
    },
    {
      "quarter": "2025-12 (Q4)",
      "signal": "INCREMENTAL MARGIN (YoY)",
      "detail": "YoY Incr OPM: +371.0% vs year-ago OPM: +9.0%",
      "severity": "HIGH"
    },
    {
      "quarter": "2025-09 (Q3)",
      "signal": "FCF MARGIN EXPANSION",
      "detail": "FCF margin: +4.9% -> +11.3% (+6.3%)",
      "severity": "MEDIUM"
    },
    {
      "quarter": "2025-09 (Q3)",
      "signal": "INCREMENTAL MARGIN (YoY)",
      "detail": "YoY Incr OPM: +580.0% vs year-ago OPM: +8.9%",
      "severity": "HIGH"
    },
    {
      "quarter": "2025-06 (Q2)",
      "signal": "INCREMENTAL MARGIN (YoY)",
      "detail": "YoY Incr OPM: +607.1% vs year-ago OPM: +14.1%",
      "severity": "HIGH"
    },
    {
      "quarter": "2025-03 (Q1)",
      "signal": "INCREMENTAL MARGIN (YoY)",
      "detail": "YoY Incr OPM: +19.2% vs year-ago OPM: +7.5%",
      "severity": "MEDIUM"
    },
    {
      "quarter": "2024-12 (Q4)",
      "signal": "FCF MARGIN EXPANSION",
      "detail": "FCF margin: +12.6% -> +20.5% (+7.9%)",
      "severity": "MEDIUM"
    },
    {
      "quarter": "2024-09 (Q3)",
      "signal": "YoY REVENUE GROWTH DECELERATION",
      "detail": "YoY growth: +0.3% vs prior quarter YoY: +5.9% (decel: -5.6%)",
      "severity": "WARNING"
    },
    {
      "quarter": "2024-09 (Q3)",
      "signal": "INCREMENTAL MARGIN (YoY)",
      "detail": "YoY Incr OPM: +183.3% vs year-ago OPM: +8.4%",
      "severity": "HIGH"
    },
    {
      "quarter": "2024-06 (Q2)",
      "signal": "FCF TURNED POSITIVE",
      "detail": "FCF margin: -6.8% -> +15.8%",
      "severity": "HIGH"
    },
    {
      "quarter": "2024-06 (Q2)",
      "signal": "INCREMENTAL MARGIN (YoY)",
      "detail": "YoY Incr OPM: +107.3% vs year-ago OPM: +8.6%",
      "severity": "HIGH"
    },
    {
      "quarter": "2024-03 (Q1)",
      "signal": "INCREMENTAL MARGIN (YoY)",
      "detail": "YoY Incr OPM: +18.7% vs year-ago OPM: +6.4%",
      "severity": "MEDIUM"
    },
    {
      "quarter": "2023-12 (Q4)",
      "signal": "FCF TURNED POSITIVE",
      "detail": "FCF margin: -1.6% -> +12.8%",
      "severity": "HIGH"
    },
    {
      "quarter": "2023-09 (Q3)",
      "signal": "FCF MARGIN EXPANSION",
      "detail": "FCF margin: -7.1% -> -1.6% (+5.5%)",
      "severity": "MEDIUM"
    },
    {
      "quarter": "2023-09 (Q3)",
      "signal": "YoY REVENUE GROWTH DECELERATION",
      "detail": "YoY growth: +15.7% vs prior quarter YoY: +21.2% (decel: -5.5%)",
      "severity": "WARNING"
    },
    {
      "quarter": "2023-09 (Q3)",
      "signal": "INCREMENTAL MARGIN (YoY)",
      "detail": "YoY Incr OPM: +43.2% vs year-ago OPM: +2.9%",
      "severity": "HIGH"
    },
    {
      "quarter": "2023-06 (Q2)",
      "signal": "FCF MARGIN EXPANSION",
      "detail": "FCF margin: -13.2% -> -7.1% (+6.1%)",
      "severity": "MEDIUM"
    },
    {
      "quarter": "2023-06 (Q2)",
      "signal": "YoY REVENUE GROWTH DECELERATION",
      "detail": "YoY growth: +21.2% vs prior quarter YoY: +26.7% (decel: -5.6%)",
      "severity": "WARNING"
    },
    {
      "quarter": "2023-06 (Q2)",
      "signal": "INCREMENTAL MARGIN (YoY)",
      "detail": "YoY Incr OPM: +30.9% vs year-ago OPM: +3.9%",
      "severity": "HIGH"
    },
    {
      "quarter": "2023-03 (Q1)",
      "signal": "YoY REVENUE GROWTH DECELERATION",
      "detail": "YoY growth: +26.7% vs prior quarter YoY: +36.7% (decel: -9.9%)",
      "severity": "WARNING"
    },
    {
      "quarter": "2023-03 (Q1)",
      "signal": "OP MARGIN TURNED POSITIVE (YoY)",
      "detail": "Op margin: -1.4% (year-ago) -> +6.4%",
      "severity": "HIGH"
    },
    {
      "quarter": "2022-12 (Q4)",
      "signal": "FCF TURNED POSITIVE",
      "detail": "FCF margin: -8.7% -> +4.2%",
      "severity": "HIGH"
    },
    {
      "quarter": "2022-12 (Q4)",
      "signal": "OP MARGIN TURNED POSITIVE (YoY)",
      "detail": "Op margin: -1.0% (year-ago) -> +7.8%",
      "severity": "HIGH"
    },
    {
      "quarter": "2022-09 (Q3)",
      "signal": "YoY REVENUE GROWTH ACCELERATION",
      "detail": "YoY growth: +40.9% vs prior quarter YoY: +21.9% (accel: +19.0%)",
      "severity": "HIGH"
    },
    {
      "quarter": "2022-09 (Q3)",
      "signal": "OP MARGIN TURNED POSITIVE (YoY)",
      "detail": "Op margin: -3.2% (year-ago) -> +2.9%",
      "severity": "HIGH"
    },
    {
      "quarter": "2022-06 (Q2)",
      "signal": "OPERATING LEVERAGE",
      "detail": "Rev growth +11.6% vs OpEx growth +2.6% (leverage: 4.5x)",
      "severity": "MEDIUM"
    },
    {
      "quarter": "2022-06 (Q2)",
      "signal": "INCREMENTAL MARGIN (YoY)",
      "detail": "YoY Incr OPM: +18.1% vs year-ago OPM: +0.8%",
      "severity": "MEDIUM"
    },
    {
      "quarter": "2022-06 (Q2)",
      "signal": "OP MARGIN TURNED POSITIVE (QoQ)",
      "detail": "Op margin: -1.4% -> +3.9%",
      "severity": "HIGH"
    },
    {
      "quarter": "2021-06 (Q2)",
      "signal": "FCF TURNED POSITIVE",
      "detail": "FCF margin: -6.1% -> +9.0%",
      "severity": "HIGH"
    },
    {
      "quarter": "2021-06 (Q2)",
      "signal": "OP MARGIN TURNED POSITIVE (QoQ)",
      "detail": "Op margin: -7.0% -> +0.8%",
      "severity": "HIGH"
    }
  ],
  "data_quality": {
    "n_quarters": 20,
    "coverage": {
      "revenue": [
        20,
        20
      ],
      "gross_profit": [
        20,
        20
      ],
      "op_income": [
        20,
        20
      ],
      "fcf": [
        20,
        20
      ]
    },
    "gaps": [],
    "warnings": []
  },
  "market_cap": null,
  "source": "SEC EDGAR",
  "last_updated": "2026-02-24T10:51:21.138970"
}