{
  "ticker": "NOVAQ",
  "name": "Sunnova Energy International Inc.",
  "quarters": [
    {
      "date": "2020-03-31T00:00:00",
      "quarter_label": "2020-03 (Q1)",
      "revenue": 29829000,
      "gross_profit": 28786000,
      "operating_income": -14306000,
      "net_income": -71075000,
      "opex": 44135000,
      "cogs": 1043000,
      "rd": null,
      "sga": null,
      "fcf": -199343000,
      "ocf": -58112000,
      "capex": -141231000,
      "gross_margin": 0.96503402728888,
      "op_margin": -0.4796003888833015,
      "fcf_margin": -6.682858962754366
    },
    {
      "date": "2020-06-30T00:00:00",
      "quarter_label": "2020-06 (Q2)",
      "revenue": 42790000,
      "gross_profit": 39921000,
      "operating_income": -5143000,
      "net_income": -25258000,
      "opex": 47933000,
      "cogs": 2869000,
      "rd": null,
      "sga": null,
      "fcf": -157918000,
      "ocf": -24816000,
      "capex": -133102000,
      "gross_margin": 0.9329516242112643,
      "op_margin": -0.12019163355924281,
      "fcf_margin": -3.690535171769105,
      "op_leverage_ratio": 5.049262938471951,
      "fcf_margin_change": 2.9923237909852616
    },
    {
      "date": "2020-09-30T00:00:00",
      "quarter_label": "2020-09 (Q3)",
      "revenue": 50177000,
      "gross_profit": 48774000,
      "operating_income": 1649000,
      "net_income": -64181000,
      "opex": 48528000,
      "cogs": 1403000,
      "rd": null,
      "sga": null,
      "fcf": -184390000,
      "ocf": -18868000,
      "capex": -165522000,
      "gross_margin": 0.9720389820037069,
      "op_margin": 0.03286366263427467,
      "fcf_margin": -3.674791239013891,
      "op_leverage_ratio": 13.907320331264078,
      "fcf_margin_change": 0.01574393275521402
    },
    {
      "date": "2020-12-31T00:00:00",
      "quarter_label": "2020-12 (Q4)",
      "revenue": 38024000,
      "gross_profit": 36592000,
      "operating_income": -17978000,
      "net_income": -91770000,
      "opex": 56002000,
      "cogs": 1432000,
      "rd": null,
      "sga": null,
      "fcf": -168184000,
      "ocf": -29670000,
      "capex": -138514000,
      "gross_margin": 0.9623395750052598,
      "op_margin": -0.4728066484325689,
      "fcf_margin": -4.423101199242583,
      "fcf_margin_change": -0.7483099602286925
    },
    {
      "date": "2021-03-31T00:00:00",
      "quarter_label": "2021-03 (Q1)",
      "revenue": 41276000,
      "gross_profit": 40042000,
      "operating_income": -23306000,
      "net_income": -32983000,
      "opex": 64582000,
      "cogs": 1234000,
      "rd": null,
      "sga": null,
      "fcf": -167367000,
      "ocf": -49908000,
      "capex": -117459000,
      "gross_margin": 0.9701036922182382,
      "op_margin": -0.5646380463223181,
      "fcf_margin": -4.05482604903576,
      "incr_op_margin_yoy": -0.7862322005765703,
      "rev_growth_yoy": 0.3837540648362332,
      "op_leverage_ratio": 0.5582246177975191,
      "fcf_margin_change": 0.36827515020682355
    },
    {
      "date": "2021-06-30T00:00:00",
      "quarter_label": "2021-06 (Q2)",
      "revenue": 66556000,
      "gross_profit": 61560000,
      "operating_income": -14343000,
      "net_income": -63396000,
      "opex": 80899000,
      "cogs": 4996000,
      "rd": null,
      "sga": null,
      "fcf": -179664000,
      "ocf": -60776000,
      "capex": -118888000,
      "gross_margin": 0.9249353927519682,
      "op_margin": -0.2155027345393353,
      "fcf_margin": -2.6994410721798183,
      "incr_op_margin_yoy": -0.3871076327526719,
      "rev_growth_yoy": 0.5554101425566721,
      "rev_growth_yoy_accel": 0.1716560777204389,
      "op_leverage_ratio": 2.424100619662205,
      "fcf_margin_change": 1.3553849768559414
    },
    {
      "date": "2021-09-30T00:00:00",
      "quarter_label": "2021-09 (Q3)",
      "revenue": 68901000,
      "gross_profit": 61559000,
      "operating_income": -8176000,
      "net_income": -27541000,
      "opex": 77077000,
      "cogs": 7342000,
      "rd": null,
      "sga": null,
      "fcf": -143860000,
      "ocf": -36163000,
      "capex": -107697000,
      "gross_margin": 0.8934413143495741,
      "op_margin": -0.11866300924514883,
      "fcf_margin": -2.0879232522024354,
      "incr_op_margin_yoy": -0.5247276223029267,
      "rev_growth_yoy": 0.3731590170795384,
      "rev_growth_yoy_accel": -0.18225112547713368,
      "op_leverage_ratio": Infinity,
      "fcf_margin_change": 0.611517819977383
    },
    {
      "date": "2021-12-31T00:00:00",
      "quarter_label": "2021-12 (Q4)",
      "revenue": 65019000,
      "gross_profit": 56757000,
      "operating_income": -9065000,
      "net_income": -14208000,
      "opex": 74084000,
      "cogs": 8262000,
      "rd": null,
      "sga": null,
      "fcf": -272880000,
      "ocf": -62383000,
      "capex": -210497000,
      "gross_margin": 0.8729294513911319,
      "op_margin": -0.13942078469370492,
      "fcf_margin": -4.196927052092465,
      "incr_op_margin_yoy": 0.33017225412113355,
      "rev_growth_yoy": 0.7099463496738901,
      "rev_growth_yoy_accel": 0.33678733259435173,
      "fcf_margin_change": -2.1090037998900297
    },
    {
      "date": "2022-03-31T00:00:00",
      "quarter_label": "2022-03 (Q1)",
      "revenue": 65722000,
      "gross_profit": 58153000,
      "operating_income": -34206000,
      "net_income": -33583000,
      "opex": 99928000,
      "cogs": 7569000,
      "rd": null,
      "sga": null,
      "fcf": -230310000,
      "ocf": -92129000,
      "capex": -138181000,
      "gross_margin": 0.8848330848117829,
      "op_margin": -0.5204649888926083,
      "fcf_margin": -3.504306016250266,
      "incr_op_margin_yoy": -0.44588071668166573,
      "rev_growth_yoy": 0.5922570016474464,
      "rev_growth_yoy_accel": -0.11768934802644371,
      "op_leverage_ratio": 0.03099414996284145,
      "fcf_margin_change": 0.6926210358421989
    },
    {
      "date": "2022-06-30T00:00:00",
      "quarter_label": "2022-06 (Q2)",
      "revenue": 147012000,
      "gross_profit": null,
      "operating_income": -2731000,
      "net_income": -37003000,
      "opex": 149743000,
      "cogs": null,
      "rd": null,
      "sga": null,
      "fcf": -312468000,
      "ocf": -70214000,
      "capex": -242254000,
      "gross_margin": null,
      "op_margin": -0.0185767148260006,
      "fcf_margin": -2.1254591461921475,
      "incr_op_margin_yoy": 0.144327334195088,
      "rev_growth_yoy": 1.2088466854979265,
      "rev_growth_yoy_accel": 0.6165896838504801,
      "op_leverage_ratio": 2.481152242237883,
      "fcf_margin_change": 1.3788468700581187
    },
    {
      "date": "2022-09-30T00:00:00",
      "quarter_label": "2022-09 (Q3)",
      "revenue": 149364000,
      "gross_profit": null,
      "operating_income": -27721000,
      "net_income": -62047000,
      "opex": 177085000,
      "cogs": null,
      "rd": null,
      "sga": null,
      "fcf": -360573000,
      "ocf": -103452000,
      "capex": -257121000,
      "gross_margin": null,
      "op_margin": -0.18559358346053936,
      "fcf_margin": -2.414055595725878,
      "incr_op_margin_yoy": -0.24290667760337048,
      "rev_growth_yoy": 1.1678059824966256,
      "rev_growth_yoy_accel": -0.041040703001300916,
      "op_leverage_ratio": 0.0876195023506237,
      "fcf_margin_change": -0.2885964495337303
    },
    {
      "date": "2022-12-31T00:00:00",
      "quarter_label": "2022-12 (Q4)",
      "revenue": 195592000,
      "gross_profit": null,
      "operating_income": -16846000,
      "net_income": -29009000,
      "opex": 212438000,
      "cogs": null,
      "rd": null,
      "sga": null,
      "fcf": -298283000,
      "ocf": -67631000,
      "capex": -230652000,
      "gross_margin": null,
      "op_margin": -0.08612826700478547,
      "fcf_margin": -1.5250265859544359,
      "incr_op_margin_yoy": -0.05959118653933049,
      "rev_growth_yoy": 2.0082283640166723,
      "rev_growth_yoy_accel": 0.8404223815200467,
      "op_leverage_ratio": 1.5502961608976271,
      "fcf_margin_change": 0.889029009771442
    },
    {
      "date": "2023-03-31T00:00:00",
      "quarter_label": "2023-03 (Q1)",
      "revenue": 161696000,
      "gross_profit": null,
      "operating_income": -48781000,
      "net_income": -81083000,
      "opex": 210477000,
      "cogs": null,
      "rd": null,
      "sga": null,
      "fcf": -458623000,
      "ocf": -169327000,
      "capex": -289296000,
      "gross_margin": null,
      "op_margin": -0.30168340589748666,
      "fcf_margin": -2.8363286661389275,
      "incr_op_margin_yoy": -0.15186404651259716,
      "rev_growth_yoy": 1.4603024862298775,
      "rev_growth_yoy_accel": -0.5479258777867948,
      "fcf_margin_change": -1.3113020801844917
    },
    {
      "date": "2023-06-30T00:00:00",
      "quarter_label": "2023-06 (Q2)",
      "revenue": 166377000,
      "gross_profit": null,
      "operating_income": -59771000,
      "net_income": -86091000,
      "opex": 226148000,
      "cogs": null,
      "rd": null,
      "sga": null,
      "fcf": -472071000,
      "ocf": -13215000,
      "capex": -458856000,
      "gross_margin": null,
      "op_margin": -0.35925037715549624,
      "fcf_margin": -2.8373573270343857,
      "incr_op_margin_yoy": -2.9455202685256907,
      "rev_growth_yoy": 0.13172394090278344,
      "rev_growth_yoy_accel": -1.328578545327094,
      "op_leverage_ratio": 0.38881883881093326,
      "fcf_margin_change": -0.0010286608954581666
    },
    {
      "date": "2023-09-30T00:00:00",
      "quarter_label": "2023-09 (Q3)",
      "revenue": 198398000,
      "gross_profit": null,
      "operating_income": -38216000,
      "net_income": -63147000,
      "opex": 236614000,
      "cogs": null,
      "rd": null,
      "sga": null,
      "fcf": -579289000,
      "ocf": -12249000,
      "capex": -567040000,
      "gross_margin": null,
      "op_margin": -0.19262290950513614,
      "fcf_margin": -2.9198328612183593,
      "incr_op_margin_yoy": -0.2140351592772362,
      "rev_growth_yoy": 0.328285262847808,
      "rev_growth_yoy_accel": 0.19656132194502457,
      "op_leverage_ratio": 4.158661984224741,
      "fcf_margin_change": -0.08247553418397358
    },
    {
      "date": "2023-12-31T00:00:00",
      "quarter_label": "2023-12 (Q4)",
      "revenue": 194182000,
      "gross_profit": null,
      "operating_income": -96667000,
      "net_income": -187640000,
      "opex": 290849000,
      "cogs": null,
      "rd": null,
      "sga": null,
      "fcf": -560293000,
      "ocf": -42771000,
      "capex": -517522000,
      "gross_margin": null,
      "op_margin": -0.4978164814452421,
      "fcf_margin": -2.885401324530595,
      "incr_op_margin_yoy": 56.61063829787234,
      "rev_growth_yoy": -0.007208883798928382,
      "rev_growth_yoy_accel": -0.3354941466467364,
      "fcf_margin_change": 0.03443153668776411
    },
    {
      "date": "2024-03-31T00:00:00",
      "quarter_label": "2024-03 (Q1)",
      "revenue": 160904000,
      "gross_profit": null,
      "operating_income": -84222000,
      "net_income": -69960000,
      "opex": 245126000,
      "cogs": null,
      "rd": null,
      "sga": null,
      "fcf": -464404000,
      "ocf": -65636000,
      "capex": -398768000,
      "gross_margin": null,
      "op_margin": -0.523430119823,
      "fcf_margin": -2.8862178690399243,
      "rev_growth_yoy": -0.004898080348307936,
      "rev_growth_yoy_accel": 0.0023108034506204456,
      "fcf_margin_change": -0.000816544509329109
    },
    {
      "date": "2024-06-30T00:00:00",
      "quarter_label": "2024-06 (Q2)",
      "revenue": 219597000,
      "gross_profit": null,
      "operating_income": -58928000,
      "net_income": -33053000,
      "opex": 278525000,
      "cogs": null,
      "rd": null,
      "sga": null,
      "fcf": -545767000,
      "ocf": -80116000,
      "capex": -465651000,
      "gross_margin": null,
      "op_margin": -0.26834610673187703,
      "fcf_margin": -2.4853117301238177,
      "incr_op_margin_yoy": 0.01583990980834273,
      "rev_growth_yoy": 0.3198759443913522,
      "rev_growth_yoy_accel": 0.3247740247396601,
      "op_leverage_ratio": 2.677166502672874,
      "fcf_margin_change": 0.4009061389161066
    },
    {
      "date": "2024-09-30T00:00:00",
      "quarter_label": "2024-09 (Q3)",
      "revenue": 235294000,
      "gross_profit": null,
      "operating_income": -52487000,
      "net_income": -122589000,
      "opex": 287781000,
      "cogs": null,
      "rd": null,
      "sga": null,
      "fcf": -559007000,
      "ocf": -94229000,
      "capex": -464778000,
      "gross_margin": null,
      "op_margin": -0.22306986153493077,
      "fcf_margin": -2.375780937890469,
      "incr_op_margin_yoy": -0.38678989592367735,
      "rev_growth_yoy": 0.1859696166291999,
      "rev_growth_yoy_accel": -0.1339063277621523,
      "op_leverage_ratio": 2.1509538501912573,
      "fcf_margin_change": 0.1095307922333486
    },
    {
      "date": "2024-12-31T00:00:00",
      "quarter_label": "2024-12 (Q4)",
      "revenue": 224127000,
      "gross_profit": null,
      "operating_income": -43904000,
      "net_income": -142291000,
      "opex": 268031000,
      "cogs": null,
      "rd": null,
      "sga": null,
      "fcf": -384508000,
      "ocf": -70867000,
      "capex": -313641000,
      "gross_margin": null,
      "op_margin": -0.19588893796820553,
      "fcf_margin": -1.7155808983299647,
      "incr_op_margin_yoy": 1.761996994489898,
      "rev_growth_yoy": 0.15421099792977722,
      "rev_growth_yoy_accel": -0.031758618699422675,
      "fcf_margin_change": 0.6602000395605043
    }
  ],
  "signals": [
    {
      "quarter": "2024-12 (Q4)",
      "signal": "FCF MARGIN EXPANSION",
      "detail": "FCF margin: -237.6% -> -171.6% (+66.0%)",
      "severity": "MEDIUM"
    },
    {
      "quarter": "2024-09 (Q3)",
      "signal": "FCF MARGIN EXPANSION",
      "detail": "FCF margin: -248.5% -> -237.6% (+11.0%)",
      "severity": "MEDIUM"
    },
    {
      "quarter": "2024-09 (Q3)",
      "signal": "OPERATING LEVERAGE",
      "detail": "Rev growth +7.1% vs OpEx growth +3.3% (leverage: 2.2x)",
      "severity": "MEDIUM"
    },
    {
      "quarter": "2024-09 (Q3)",
      "signal": "YoY REVENUE GROWTH DECELERATION",
      "detail": "YoY growth: +18.6% vs prior quarter YoY: +32.0% (decel: -13.4%)",
      "severity": "WARNING"
    },
    {
      "quarter": "2024-06 (Q2)",
      "signal": "FCF MARGIN EXPANSION",
      "detail": "FCF margin: -288.6% -> -248.5% (+40.1%)",
      "severity": "MEDIUM"
    },
    {
      "quarter": "2024-06 (Q2)",
      "signal": "OPERATING LEVERAGE",
      "detail": "Rev growth +36.5% vs OpEx growth +13.6% (leverage: 2.7x)",
      "severity": "MEDIUM"
    },
    {
      "quarter": "2024-06 (Q2)",
      "signal": "YoY REVENUE GROWTH ACCELERATION",
      "detail": "YoY growth: +32.0% vs prior quarter YoY: -0.5% (accel: +32.5%)",
      "severity": "HIGH"
    },
    {
      "quarter": "2023-12 (Q4)",
      "signal": "YoY REVENUE GROWTH DECELERATION",
      "detail": "YoY growth: -0.7% vs prior quarter YoY: +32.8% (decel: -33.5%)",
      "severity": "WARNING"
    },
    {
      "quarter": "2023-09 (Q3)",
      "signal": "OPERATING LEVERAGE",
      "detail": "Rev growth +19.2% vs OpEx growth +4.6% (leverage: 4.2x)",
      "severity": "MEDIUM"
    },
    {
      "quarter": "2023-09 (Q3)",
      "signal": "YoY REVENUE GROWTH ACCELERATION",
      "detail": "YoY growth: +32.8% vs prior quarter YoY: +13.2% (accel: +19.7%)",
      "severity": "HIGH"
    },
    {
      "quarter": "2023-06 (Q2)",
      "signal": "YoY REVENUE GROWTH DECELERATION",
      "detail": "YoY growth: +13.2% vs prior quarter YoY: +146.0% (decel: -132.9%)",
      "severity": "WARNING"
    },
    {
      "quarter": "2023-03 (Q1)",
      "signal": "YoY REVENUE GROWTH DECELERATION",
      "detail": "YoY growth: +146.0% vs prior quarter YoY: +200.8% (decel: -54.8%)",
      "severity": "WARNING"
    },
    {
      "quarter": "2022-12 (Q4)",
      "signal": "FCF MARGIN EXPANSION",
      "detail": "FCF margin: -241.4% -> -152.5% (+88.9%)",
      "severity": "MEDIUM"
    },
    {
      "quarter": "2022-12 (Q4)",
      "signal": "OPERATING LEVERAGE",
      "detail": "Rev growth +30.9% vs OpEx growth +20.0% (leverage: 1.6x)",
      "severity": "MEDIUM"
    },
    {
      "quarter": "2022-12 (Q4)",
      "signal": "YoY REVENUE GROWTH ACCELERATION",
      "detail": "YoY growth: +200.8% vs prior quarter YoY: +116.8% (accel: +84.0%)",
      "severity": "HIGH"
    },
    {
      "quarter": "2022-06 (Q2)",
      "signal": "FCF MARGIN EXPANSION",
      "detail": "FCF margin: -350.4% -> -212.5% (+137.9%)",
      "severity": "MEDIUM"
    },
    {
      "quarter": "2022-06 (Q2)",
      "signal": "OPERATING LEVERAGE",
      "detail": "Rev growth +123.7% vs OpEx growth +49.9% (leverage: 2.5x)",
      "severity": "MEDIUM"
    },
    {
      "quarter": "2022-06 (Q2)",
      "signal": "YoY REVENUE GROWTH ACCELERATION",
      "detail": "YoY growth: +120.9% vs prior quarter YoY: +59.2% (accel: +61.7%)",
      "severity": "HIGH"
    },
    {
      "quarter": "2022-03 (Q1)",
      "signal": "FCF MARGIN EXPANSION",
      "detail": "FCF margin: -419.7% -> -350.4% (+69.3%)",
      "severity": "MEDIUM"
    },
    {
      "quarter": "2022-03 (Q1)",
      "signal": "YoY REVENUE GROWTH DECELERATION",
      "detail": "YoY growth: +59.2% vs prior quarter YoY: +71.0% (decel: -11.8%)",
      "severity": "WARNING"
    },
    {
      "quarter": "2021-12 (Q4)",
      "signal": "YoY REVENUE GROWTH ACCELERATION",
      "detail": "YoY growth: +71.0% vs prior quarter YoY: +37.3% (accel: +33.7%)",
      "severity": "HIGH"
    },
    {
      "quarter": "2021-09 (Q3)",
      "signal": "FCF MARGIN EXPANSION",
      "detail": "FCF margin: -269.9% -> -208.8% (+61.2%)",
      "severity": "MEDIUM"
    },
    {
      "quarter": "2021-09 (Q3)",
      "signal": "YoY REVENUE GROWTH DECELERATION",
      "detail": "YoY growth: +37.3% vs prior quarter YoY: +55.5% (decel: -18.2%)",
      "severity": "WARNING"
    },
    {
      "quarter": "2021-06 (Q2)",
      "signal": "FCF MARGIN EXPANSION",
      "detail": "FCF margin: -405.5% -> -269.9% (+135.5%)",
      "severity": "MEDIUM"
    },
    {
      "quarter": "2021-06 (Q2)",
      "signal": "OPERATING LEVERAGE",
      "detail": "Rev growth +61.2% vs OpEx growth +25.3% (leverage: 2.4x)",
      "severity": "MEDIUM"
    },
    {
      "quarter": "2021-06 (Q2)",
      "signal": "YoY REVENUE GROWTH ACCELERATION",
      "detail": "YoY growth: +55.5% vs prior quarter YoY: +38.4% (accel: +17.2%)",
      "severity": "HIGH"
    },
    {
      "quarter": "2021-03 (Q1)",
      "signal": "FCF MARGIN EXPANSION",
      "detail": "FCF margin: -442.3% -> -405.5% (+36.8%)",
      "severity": "MEDIUM"
    },
    {
      "quarter": "2020-09 (Q3)",
      "signal": "OPERATING LEVERAGE",
      "detail": "Rev growth +17.3% vs OpEx growth +1.2% (leverage: 13.9x)",
      "severity": "MEDIUM"
    },
    {
      "quarter": "2020-09 (Q3)",
      "signal": "GROSS MARGIN INFLECTION",
      "detail": "GM: +96.5% -> +93.3% -> +97.2% (reversal +3.9%)",
      "severity": "MEDIUM"
    },
    {
      "quarter": "2020-09 (Q3)",
      "signal": "OP MARGIN TURNED POSITIVE (QoQ)",
      "detail": "Op margin: -12.0% -> +3.3%",
      "severity": "HIGH"
    },
    {
      "quarter": "2020-06 (Q2)",
      "signal": "FCF MARGIN EXPANSION",
      "detail": "FCF margin: -668.3% -> -369.1% (+299.2%)",
      "severity": "MEDIUM"
    },
    {
      "quarter": "2020-06 (Q2)",
      "signal": "OPERATING LEVERAGE",
      "detail": "Rev growth +43.5% vs OpEx growth +8.6% (leverage: 5.0x)",
      "severity": "MEDIUM"
    }
  ],
  "data_quality": {
    "n_quarters": 20,
    "coverage": {
      "revenue": [
        20,
        20
      ],
      "gross_profit": [
        9,
        20
      ],
      "op_income": [
        20,
        20
      ],
      "fcf": [
        20,
        20
      ]
    },
    "gaps": [],
    "warnings": [
      "gross_profit: 9/20Q"
    ]
  },
  "market_cap": null,
  "source": "SEC EDGAR",
  "last_updated": "2026-02-03T00:37:52.233252",
  "sector": "Technology",
  "industry": "Solar"
}