{
  "ticker": "NOVT",
  "name": "NOVANTA INC.",
  "quarters": [
    {
      "date": "2020-12-31T00:00:00",
      "quarter_label": "2020-12 (Q4)",
      "revenue": 147498000,
      "gross_profit": 62265000,
      "operating_income": 17071000,
      "net_income": 12656000,
      "opex": 45194000,
      "cogs": 85233000,
      "rd": 15991000,
      "sga": 27402000,
      "fcf": 43193000,
      "ocf": 46553000,
      "capex": -3360000,
      "gross_margin": 0.4221413171704023,
      "op_margin": 0.11573716253779712,
      "fcf_margin": 0.2928378689880541
    },
    {
      "date": "2021-04-02T00:00:00",
      "quarter_label": "2021-04 (Q2)",
      "revenue": 162584000,
      "gross_profit": 68740000,
      "operating_income": 11099000,
      "net_income": 11310000,
      "opex": 57641000,
      "cogs": 93844000,
      "rd": 18682000,
      "sga": 31653000,
      "fcf": 20000000,
      "ocf": 23268000,
      "capex": -3268000,
      "gross_margin": 0.4227968311764995,
      "op_margin": 0.06826625006150666,
      "fcf_margin": 0.12301333464547556,
      "op_leverage_ratio": 0.3713676449576188,
      "fcf_margin_change": -0.16982453434257852
    },
    {
      "date": "2021-07-02T00:00:00",
      "quarter_label": "2021-07 (Q3)",
      "revenue": 167523000,
      "gross_profit": 72406000,
      "operating_income": 15992000,
      "net_income": 11664000,
      "opex": 56414000,
      "cogs": 95117000,
      "rd": 16954000,
      "sga": 31240000,
      "fcf": 23371000,
      "ocf": 28746000,
      "capex": -5375000,
      "gross_margin": 0.4322152779021388,
      "op_margin": 0.09546151871683291,
      "fcf_margin": 0.13950920172155465,
      "op_leverage_ratio": Infinity,
      "fcf_margin_change": 0.016495867076079085
    },
    {
      "date": "2021-10-01T00:00:00",
      "quarter_label": "2021-10 (Q4)",
      "revenue": 177726000,
      "gross_profit": 76298000,
      "operating_income": 15275000,
      "net_income": 13603000,
      "opex": 61023000,
      "cogs": 101428000,
      "rd": 17468000,
      "sga": 31296000,
      "fcf": 7782000,
      "ocf": 13898000,
      "capex": -6116000,
      "gross_margin": 0.4293012839989647,
      "op_margin": 0.08594690703667443,
      "fcf_margin": 0.04378650281894602,
      "op_leverage_ratio": 0.7454759394592485,
      "fcf_margin_change": -0.09572269890260862
    },
    {
      "date": "2021-12-31T00:00:00",
      "quarter_label": "2021-12 (Q4)",
      "revenue": 198960000,
      "gross_profit": 82884000,
      "operating_income": 21688000,
      "net_income": 13754000,
      "opex": 61196000,
      "cogs": 116076000,
      "rd": 19418000,
      "sga": 34966000,
      "fcf": 23496000,
      "ocf": 28713000,
      "capex": -5217000,
      "gross_margin": 0.41658624849215925,
      "op_margin": 0.10900683554483313,
      "fcf_margin": 0.11809408926417371,
      "incr_op_margin_yoy": 0.08971668415529906,
      "rev_growth_yoy": 0.3488996460968962,
      "op_leverage_ratio": 42.14327653420388,
      "fcf_margin_change": 0.0743075864452277
    },
    {
      "date": "2022-04-01T00:00:00",
      "quarter_label": "2022-04 (Q2)",
      "revenue": 204216000,
      "gross_profit": 90276000,
      "operating_income": 24283000,
      "net_income": 18820000,
      "opex": 65993000,
      "cogs": 113940000,
      "rd": 20929000,
      "sga": 39352000,
      "fcf": 5039000,
      "ocf": 11347000,
      "capex": -6308000,
      "gross_margin": 0.4420613468092608,
      "op_margin": 0.11890841070239354,
      "fcf_margin": 0.02467485407607631,
      "incr_op_margin_yoy": 0.3166794773251345,
      "rev_growth_yoy": 0.2560645573980219,
      "rev_growth_yoy_accel": -0.0928350886988743,
      "op_leverage_ratio": 0.33701008848262376,
      "fcf_margin_change": -0.0934192351880974
    },
    {
      "date": "2022-07-01T00:00:00",
      "quarter_label": "2022-07 (Q3)",
      "revenue": 215356000,
      "gross_profit": 95245000,
      "operating_income": 23291000,
      "net_income": 17479000,
      "opex": 71954000,
      "cogs": 120111000,
      "rd": 21588000,
      "sga": 40538000,
      "fcf": 18266000,
      "ocf": 24061000,
      "capex": -5795000,
      "gross_margin": 0.44226768699270047,
      "op_margin": 0.1081511543676517,
      "fcf_margin": 0.0848176972083434,
      "incr_op_margin_yoy": 0.15259339786339973,
      "rev_growth_yoy": 0.28553094201990176,
      "rev_growth_yoy_accel": 0.029466384621879838,
      "op_leverage_ratio": 0.6039127173679754,
      "fcf_margin_change": 0.06014284313226709
    },
    {
      "date": "2022-09-30T00:00:00",
      "quarter_label": "2022-09 (Q3)",
      "revenue": 222958000,
      "gross_profit": 98408000,
      "operating_income": 28661000,
      "net_income": 22490000,
      "opex": 69747000,
      "cogs": 124550000,
      "rd": 21349000,
      "sga": 40301000,
      "fcf": 11477000,
      "ocf": 14759000,
      "capex": -3282000,
      "gross_margin": 0.44137460867069134,
      "op_margin": 0.12854887467594794,
      "fcf_margin": 0.05147606275621418,
      "incr_op_margin_yoy": 0.29594092677750267,
      "rev_growth_yoy": 0.25450412432621,
      "rev_growth_yoy_accel": -0.031026817693691755,
      "op_leverage_ratio": Infinity,
      "fcf_margin_change": -0.03334163445212922
    },
    {
      "date": "2022-12-31T00:00:00",
      "quarter_label": "2022-12 (Q4)",
      "revenue": 218373000,
      "gross_profit": 94543000,
      "operating_income": 26844000,
      "net_income": 15262000,
      "opex": 67699000,
      "cogs": 123830000,
      "rd": 21904000,
      "sga": 38710000,
      "fcf": 36354000,
      "ocf": 40612000,
      "capex": -4258000,
      "gross_margin": 0.4329427172773191,
      "op_margin": 0.12292728496654806,
      "fcf_margin": 0.16647662485746864,
      "incr_op_margin_yoy": 0.26559521969814043,
      "rev_growth_yoy": 0.09757237635705669,
      "rev_growth_yoy_accel": -0.15693174796915332,
      "fcf_margin_change": 0.11500056210125446
    },
    {
      "date": "2023-03-31T00:00:00",
      "quarter_label": "2023-03 (Q1)",
      "revenue": 219126000,
      "gross_profit": 97628000,
      "operating_income": 26312000,
      "net_income": 18265000,
      "opex": 71316000,
      "cogs": 121498000,
      "rd": 22828000,
      "sga": 40923000,
      "fcf": 6625000,
      "ocf": 10245000,
      "capex": -3620000,
      "gross_margin": 0.44553361992643503,
      "op_margin": 0.1200770333050391,
      "fcf_margin": 0.030233746794081945,
      "incr_op_margin_yoy": 0.13608316566063045,
      "rev_growth_yoy": 0.07301092960394875,
      "rev_growth_yoy_accel": -0.024561446753107938,
      "fcf_margin_change": -0.1362428780633867
    },
    {
      "date": "2023-06-30T00:00:00",
      "quarter_label": "2023-06 (Q2)",
      "revenue": 229464000,
      "gross_profit": 104123000,
      "operating_income": 32198000,
      "net_income": 20879000,
      "opex": 71925000,
      "cogs": 125341000,
      "rd": 23380000,
      "sga": 42187000,
      "fcf": 22871000,
      "ocf": 26197000,
      "capex": -3326000,
      "gross_margin": 0.4537661681135167,
      "op_margin": 0.14031830701112158,
      "fcf_margin": 0.09967140815116968,
      "incr_op_margin_yoy": 0.6313439183442019,
      "rev_growth_yoy": 0.0655101320604023,
      "rev_growth_yoy_accel": -0.0075007975435464475,
      "op_leverage_ratio": 5.52474580047946,
      "fcf_margin_change": 0.06943766135708773
    },
    {
      "date": "2023-09-29T00:00:00",
      "quarter_label": "2023-09 (Q3)",
      "revenue": 221503000,
      "gross_profit": 101591000,
      "operating_income": 30309000,
      "net_income": 21223000,
      "opex": 71282000,
      "cogs": 119912000,
      "rd": 22022000,
      "sga": 39648000,
      "fcf": 37846000,
      "ocf": 44641000,
      "capex": -6795000,
      "gross_margin": 0.4586439009855397,
      "op_margin": 0.13683336117343783,
      "fcf_margin": 0.17085998835230223,
      "incr_op_margin_yoy": -1.1326460481099656,
      "rev_growth_yoy": -0.006525892769041703,
      "rev_growth_yoy_accel": -0.072036024829444,
      "fcf_margin_change": 0.07118858020113256
    },
    {
      "date": "2023-12-31T00:00:00",
      "quarter_label": "2023-12 (Q4)",
      "revenue": 211569000,
      "gross_profit": 96555000,
      "operating_income": 21677000,
      "net_income": 12511000,
      "opex": 74878000,
      "cogs": 115014000,
      "rd": 23452000,
      "sga": 41702000,
      "fcf": 32772000,
      "ocf": 38992000,
      "capex": -6220000,
      "gross_margin": 0.4563759340924238,
      "op_margin": 0.10245829965637689,
      "fcf_margin": 0.15489981991690654,
      "incr_op_margin_yoy": 0.7594062316284539,
      "rev_growth_yoy": -0.03115769806706873,
      "rev_growth_yoy_accel": -0.024631805298027026,
      "fcf_margin_change": -0.01596016843539569
    },
    {
      "date": "2024-03-29T00:00:00",
      "quarter_label": "2024-03 (Q1)",
      "revenue": 230916000,
      "gross_profit": 100416000,
      "operating_income": 25607000,
      "net_income": 14676000,
      "opex": 74809000,
      "cogs": 130500000,
      "rd": 23246000,
      "sga": 43530000,
      "fcf": 26414000,
      "ocf": 32829000,
      "capex": -6415000,
      "gross_margin": 0.43485942940289973,
      "op_margin": 0.11089313863049767,
      "fcf_margin": 0.11438791595212111,
      "incr_op_margin_yoy": -0.05979643765903308,
      "rev_growth_yoy": 0.05380466033241149,
      "rev_growth_yoy_accel": 0.08496235839948021,
      "op_leverage_ratio": Infinity,
      "fcf_margin_change": -0.040511903964785434
    },
    {
      "date": "2024-06-28T00:00:00",
      "quarter_label": "2024-06 (Q2)",
      "revenue": 235864000,
      "gross_profit": 103689000,
      "operating_income": 25715000,
      "net_income": 13755000,
      "opex": 77974000,
      "cogs": 132175000,
      "rd": 23731000,
      "sga": 44793000,
      "fcf": 36158000,
      "ocf": 41095000,
      "capex": -4937000,
      "gross_margin": 0.4396135060882542,
      "op_margin": 0.1090246921955025,
      "fcf_margin": 0.15330020689889087,
      "incr_op_margin_yoy": -1.01296875,
      "rev_growth_yoy": 0.0278910853118572,
      "rev_growth_yoy_accel": -0.025913575020554292,
      "op_leverage_ratio": 0.5064724191917364,
      "fcf_margin_change": 0.03891229094676976
    },
    {
      "date": "2024-09-27T00:00:00",
      "quarter_label": "2024-09 (Q3)",
      "revenue": 244405000,
      "gross_profit": 109215000,
      "operating_income": 32555000,
      "net_income": 19192000,
      "opex": 76660000,
      "cogs": 135190000,
      "rd": 23253000,
      "sga": 44319000,
      "fcf": 19465000,
      "ocf": 23026000,
      "capex": -3561000,
      "gross_margin": 0.4468607434381457,
      "op_margin": 0.13320103925860763,
      "fcf_margin": 0.07964239684130849,
      "incr_op_margin_yoy": 0.09807003755130557,
      "rev_growth_yoy": 0.10339363349480594,
      "rev_growth_yoy_accel": 0.07550254818294874,
      "op_leverage_ratio": Infinity,
      "fcf_margin_change": -0.07365781005758239
    },
    {
      "date": "2024-12-31T00:00:00",
      "quarter_label": "2024-12 (Q4)",
      "revenue": 238060000,
      "gross_profit": 108225000,
      "operating_income": 26707000,
      "net_income": 16464000,
      "opex": 81518000,
      "cogs": 129835000,
      "rd": 25285000,
      "sga": 43301000,
      "fcf": 59313000,
      "ocf": 61562000,
      "capex": -2249000,
      "gross_margin": 0.45461228261782743,
      "op_margin": 0.11218600352852222,
      "fcf_margin": 0.2491514744182139,
      "incr_op_margin_yoy": 0.18987580687780756,
      "rev_growth_yoy": 0.12521210574327998,
      "rev_growth_yoy_accel": 0.02181847224847404,
      "fcf_margin_change": 0.16950907757690542
    },
    {
      "date": "2025-03-28T00:00:00",
      "quarter_label": "2025-03 (Q1)",
      "revenue": 233366000,
      "gross_profit": 104354000,
      "operating_income": 32421000,
      "net_income": 21208000,
      "opex": 71933000,
      "cogs": 129012000,
      "rd": 23238000,
      "sga": 45596000,
      "fcf": 27400000,
      "ocf": 31684000,
      "capex": -4284000,
      "gross_margin": 0.4471688249359375,
      "op_margin": 0.13892769298012564,
      "fcf_margin": 0.11741213372984925,
      "incr_op_margin_yoy": 2.7812244897959184,
      "rev_growth_yoy": 0.010609918758336365,
      "rev_growth_yoy_accel": -0.11460218698494362,
      "fcf_margin_change": -0.13173934068836463
    },
    {
      "date": "2025-06-27T00:00:00",
      "quarter_label": "2025-06 (Q2)",
      "revenue": 241049000,
      "gross_profit": 106746000,
      "operating_income": 14911000,
      "net_income": 4497000,
      "opex": 91835000,
      "cogs": 134303000,
      "rd": 25289000,
      "sga": 47103000,
      "fcf": 11684000,
      "ocf": 15072000,
      "capex": -3388000,
      "gross_margin": 0.4428394226899925,
      "op_margin": 0.06185879219577762,
      "fcf_margin": 0.04847147260515497,
      "incr_op_margin_yoy": -2.0837029893924783,
      "rev_growth_yoy": 0.021983007156666554,
      "rev_growth_yoy_accel": 0.011373088398330188,
      "op_leverage_ratio": 0.11899390095550713,
      "fcf_margin_change": -0.06894066112469428
    },
    {
      "date": "2025-09-26T00:00:00",
      "quarter_label": "2025-09 (Q3)",
      "revenue": 247836000,
      "gross_profit": 110921000,
      "operating_income": 21848000,
      "net_income": 10653000,
      "opex": 89073000,
      "cogs": 136915000,
      "rd": 24090000,
      "sga": 51378000,
      "fcf": 4212000,
      "ocf": 8495000,
      "capex": -4283000,
      "gross_margin": 0.4475580625897771,
      "op_margin": 0.08815507028841653,
      "fcf_margin": 0.016995109669297438,
      "incr_op_margin_yoy": -3.120664529291752,
      "rev_growth_yoy": 0.014038174341768786,
      "rev_growth_yoy_accel": -0.007944832814897768,
      "op_leverage_ratio": Infinity,
      "fcf_margin_change": -0.03147636293585753
    }
  ],
  "signals": [
    {
      "quarter": "2025-03 (Q1)",
      "signal": "YoY REVENUE GROWTH DECELERATION",
      "detail": "YoY growth: +1.1% vs prior quarter YoY: +12.5% (decel: -11.5%)",
      "severity": "WARNING"
    },
    {
      "quarter": "2025-03 (Q1)",
      "signal": "INCREMENTAL MARGIN (YoY)",
      "detail": "YoY Incr OPM: +278.1% vs year-ago OPM: +11.1%",
      "severity": "HIGH"
    },
    {
      "quarter": "2024-12 (Q4)",
      "signal": "FCF MARGIN EXPANSION",
      "detail": "FCF margin: +8.0% -> +24.9% (+17.0%)",
      "severity": "MEDIUM"
    },
    {
      "quarter": "2024-09 (Q3)",
      "signal": "YoY REVENUE GROWTH ACCELERATION",
      "detail": "YoY growth: +10.3% vs prior quarter YoY: +2.8% (accel: +7.6%)",
      "severity": "MEDIUM"
    },
    {
      "quarter": "2024-03 (Q1)",
      "signal": "YoY REVENUE GROWTH ACCELERATION",
      "detail": "YoY growth: +5.4% vs prior quarter YoY: -3.1% (accel: +8.5%)",
      "severity": "MEDIUM"
    },
    {
      "quarter": "2023-12 (Q4)",
      "signal": "INCREMENTAL MARGIN (YoY)",
      "detail": "YoY Incr OPM: +75.9% vs year-ago OPM: +12.3%",
      "severity": "HIGH"
    },
    {
      "quarter": "2023-09 (Q3)",
      "signal": "FCF MARGIN EXPANSION",
      "detail": "FCF margin: +10.0% -> +17.1% (+7.1%)",
      "severity": "MEDIUM"
    },
    {
      "quarter": "2023-09 (Q3)",
      "signal": "YoY REVENUE GROWTH DECELERATION",
      "detail": "YoY growth: -0.7% vs prior quarter YoY: +6.6% (decel: -7.2%)",
      "severity": "WARNING"
    },
    {
      "quarter": "2023-06 (Q2)",
      "signal": "FCF MARGIN EXPANSION",
      "detail": "FCF margin: +3.0% -> +10.0% (+6.9%)",
      "severity": "MEDIUM"
    },
    {
      "quarter": "2023-06 (Q2)",
      "signal": "OPERATING LEVERAGE",
      "detail": "Rev growth +4.7% vs OpEx growth +0.9% (leverage: 5.5x)",
      "severity": "MEDIUM"
    },
    {
      "quarter": "2023-06 (Q2)",
      "signal": "INCREMENTAL MARGIN (YoY)",
      "detail": "YoY Incr OPM: +63.1% vs year-ago OPM: +10.8%",
      "severity": "HIGH"
    },
    {
      "quarter": "2022-12 (Q4)",
      "signal": "FCF MARGIN EXPANSION",
      "detail": "FCF margin: +5.1% -> +16.6% (+11.5%)",
      "severity": "MEDIUM"
    },
    {
      "quarter": "2022-12 (Q4)",
      "signal": "YoY REVENUE GROWTH DECELERATION",
      "detail": "YoY growth: +9.8% vs prior quarter YoY: +25.5% (decel: -15.7%)",
      "severity": "WARNING"
    },
    {
      "quarter": "2022-12 (Q4)",
      "signal": "INCREMENTAL MARGIN (YoY)",
      "detail": "YoY Incr OPM: +26.6% vs year-ago OPM: +10.9%",
      "severity": "MEDIUM"
    },
    {
      "quarter": "2022-09 (Q3)",
      "signal": "INCREMENTAL MARGIN (YoY)",
      "detail": "YoY Incr OPM: +29.6% vs year-ago OPM: +8.6%",
      "severity": "HIGH"
    },
    {
      "quarter": "2022-07 (Q3)",
      "signal": "FCF MARGIN EXPANSION",
      "detail": "FCF margin: +2.5% -> +8.5% (+6.0%)",
      "severity": "MEDIUM"
    },
    {
      "quarter": "2022-04 (Q2)",
      "signal": "GROSS MARGIN INFLECTION",
      "detail": "GM: +42.9% -> +41.7% -> +44.2% (reversal +2.5%)",
      "severity": "MEDIUM"
    },
    {
      "quarter": "2022-04 (Q2)",
      "signal": "YoY REVENUE GROWTH DECELERATION",
      "detail": "YoY growth: +25.6% vs prior quarter YoY: +34.9% (decel: -9.3%)",
      "severity": "WARNING"
    },
    {
      "quarter": "2022-04 (Q2)",
      "signal": "INCREMENTAL MARGIN (YoY)",
      "detail": "YoY Incr OPM: +31.7% vs year-ago OPM: +6.8%",
      "severity": "HIGH"
    },
    {
      "quarter": "2021-12 (Q4)",
      "signal": "FCF MARGIN EXPANSION",
      "detail": "FCF margin: +4.4% -> +11.8% (+7.4%)",
      "severity": "MEDIUM"
    },
    {
      "quarter": "2021-12 (Q4)",
      "signal": "OPERATING LEVERAGE",
      "detail": "Rev growth +11.9% vs OpEx growth +0.3% (leverage: 42.1x)",
      "severity": "MEDIUM"
    }
  ],
  "data_quality": {
    "n_quarters": 20,
    "coverage": {
      "revenue": [
        20,
        20
      ],
      "gross_profit": [
        20,
        20
      ],
      "op_income": [
        20,
        20
      ],
      "fcf": [
        20,
        20
      ]
    },
    "gaps": [],
    "warnings": []
  },
  "market_cap": null,
  "source": "SEC EDGAR",
  "last_updated": "2026-02-02T21:04:08.127604"
}