{
  "ticker": "NOW",
  "name": "SERVICENOW, INC.",
  "quarters": [
    {
      "date": "2021-03-31T00:00:00",
      "quarter_label": "2021-03 (Q1)",
      "revenue": 1360000000,
      "gross_profit": 1061000000,
      "operating_income": 97000000,
      "net_income": 82440000,
      "opex": 964000000,
      "cogs": 299000000,
      "rd": 314000000,
      "sga": null,
      "fcf": 620000000,
      "ocf": 727000000,
      "capex": -107000000,
      "gross_margin": 0.7801470588235294,
      "op_margin": 0.0713235294117647,
      "fcf_margin": 0.45588235294117646
    },
    {
      "date": "2021-06-30T00:00:00",
      "quarter_label": "2021-06 (Q2)",
      "revenue": 1409000000,
      "gross_profit": 1080000000,
      "operating_income": 51000000,
      "net_income": 59000000,
      "opex": 1029000000,
      "cogs": 329000000,
      "rd": 333000000,
      "sga": null,
      "fcf": 209000000,
      "ocf": 300000000,
      "capex": -91000000,
      "gross_margin": 0.7665010645848119,
      "op_margin": 0.0361958836053939,
      "fcf_margin": 0.1483321504613201,
      "op_leverage_ratio": 0.5343438914027149,
      "fcf_margin_change": -0.30755020247985637
    },
    {
      "date": "2021-09-30T00:00:00",
      "quarter_label": "2021-09 (Q3)",
      "revenue": 1512000000,
      "gross_profit": 1162000000,
      "operating_income": 74000000,
      "net_income": 62890000,
      "opex": 1088000000,
      "cogs": 350000000,
      "rd": 358000000,
      "sga": null,
      "fcf": 226000000,
      "ocf": 320000000,
      "capex": -94000000,
      "gross_margin": 0.7685185185185185,
      "op_margin": 0.04894179894179894,
      "fcf_margin": 0.14947089947089948,
      "op_leverage_ratio": 1.2749395532352552,
      "fcf_margin_change": 0.0011387490095793873
    },
    {
      "date": "2021-12-31T00:00:00",
      "quarter_label": "2021-12 (Q4)",
      "revenue": 1614000000,
      "gross_profit": 1240000000,
      "operating_income": 35000000,
      "net_income": 26416000,
      "opex": 1205000000,
      "cogs": 374000000,
      "rd": 392000000,
      "sga": null,
      "fcf": 744000000,
      "ocf": 844000000,
      "capex": -100000000,
      "gross_margin": 0.7682775712515489,
      "op_margin": 0.02168525402726146,
      "fcf_margin": 0.46096654275092935,
      "op_leverage_ratio": 0.6273232939899606,
      "fcf_margin_change": 0.3114956432800299
    },
    {
      "date": "2022-03-31T00:00:00",
      "quarter_label": "2022-03 (Q1)",
      "revenue": 1722000000,
      "gross_profit": 1353000000,
      "operating_income": 87000000,
      "net_income": 75350000,
      "opex": 1266000000,
      "cogs": 369000000,
      "rd": 414000000,
      "sga": null,
      "fcf": 770000000,
      "ocf": 863000000,
      "capex": -93000000,
      "gross_margin": 0.7857142857142857,
      "op_margin": 0.050522648083623695,
      "fcf_margin": 0.44715447154471544,
      "incr_op_margin_yoy": -0.027624309392265192,
      "rev_growth_yoy": 0.2661764705882353,
      "op_leverage_ratio": 1.3218355780364432,
      "fcf_margin_change": -0.013812071206213916
    },
    {
      "date": "2022-06-30T00:00:00",
      "quarter_label": "2022-06 (Q2)",
      "revenue": 1752000000,
      "gross_profit": 1363000000,
      "operating_income": 22000000,
      "net_income": 19772000,
      "opex": 1341000000,
      "cogs": 389000000,
      "rd": 444000000,
      "sga": null,
      "fcf": 282000000,
      "ocf": 433000000,
      "capex": -151000000,
      "gross_margin": 0.7779680365296804,
      "op_margin": 0.012557077625570776,
      "fcf_margin": 0.16095890410958905,
      "incr_op_margin_yoy": -0.08454810495626822,
      "rev_growth_yoy": 0.24343506032647266,
      "rev_growth_yoy_accel": -0.02274141026176263,
      "op_leverage_ratio": 0.29407665505226477,
      "fcf_margin_change": -0.2861955674351264
    },
    {
      "date": "2022-09-30T00:00:00",
      "quarter_label": "2022-09 (Q3)",
      "revenue": 1831000000,
      "gross_profit": 1431000000,
      "operating_income": 91000000,
      "net_income": 79749000,
      "opex": 1340000000,
      "cogs": 400000000,
      "rd": 456000000,
      "sga": null,
      "fcf": 103000000,
      "ocf": 265000000,
      "capex": -162000000,
      "gross_margin": 0.7815401419989078,
      "op_margin": 0.0496996176952485,
      "fcf_margin": 0.056253413435281265,
      "incr_op_margin_yoy": 0.05329153605015674,
      "rev_growth_yoy": 0.210978835978836,
      "rev_growth_yoy_accel": -0.032456224347636675,
      "op_leverage_ratio": Infinity,
      "fcf_margin_change": -0.10470549067430779
    },
    {
      "date": "2022-12-31T00:00:00",
      "quarter_label": "2022-12 (Q4)",
      "revenue": 1940000000,
      "gross_profit": 1525000000,
      "operating_income": 155000000,
      "net_income": 150129000,
      "opex": 1370000000,
      "cogs": 415000000,
      "rd": 454000000,
      "sga": null,
      "fcf": 1018000000,
      "ocf": 1162000000,
      "capex": -144000000,
      "gross_margin": 0.7860824742268041,
      "op_margin": 0.07989690721649484,
      "fcf_margin": 0.5247422680412371,
      "incr_op_margin_yoy": 0.36809815950920244,
      "rev_growth_yoy": 0.20198265179677818,
      "rev_growth_yoy_accel": -0.008996184182057804,
      "op_leverage_ratio": 2.6590205716366286,
      "fcf_margin_change": 0.46848885460595585
    },
    {
      "date": "2023-03-31T00:00:00",
      "quarter_label": "2023-03 (Q1)",
      "revenue": 2096000000,
      "gross_profit": 1658000000,
      "operating_income": 144000000,
      "net_income": 150000000,
      "opex": 1514000000,
      "cogs": 438000000,
      "rd": 492000000,
      "sga": null,
      "fcf": 737000000,
      "ocf": 902000000,
      "capex": -165000000,
      "gross_margin": 0.791030534351145,
      "op_margin": 0.06870229007633588,
      "fcf_margin": 0.35162213740458015,
      "incr_op_margin_yoy": 0.15240641711229946,
      "rev_growth_yoy": 0.21718931475029035,
      "rev_growth_yoy_accel": 0.015206662953512168,
      "op_leverage_ratio": 0.7650343642611684,
      "fcf_margin_change": -0.173120130636657
    },
    {
      "date": "2023-06-30T00:00:00",
      "quarter_label": "2023-06 (Q2)",
      "revenue": 2150000000,
      "gross_profit": 1679000000,
      "operating_income": 117000000,
      "net_income": 1044000000,
      "opex": 1562000000,
      "cogs": 471000000,
      "rd": 521000000,
      "sga": null,
      "fcf": 448000000,
      "ocf": 580000000,
      "capex": -132000000,
      "gross_margin": 0.7809302325581395,
      "op_margin": 0.05441860465116279,
      "fcf_margin": 0.20837209302325582,
      "incr_op_margin_yoy": 0.23869346733668342,
      "rev_growth_yoy": 0.2271689497716895,
      "rev_growth_yoy_accel": 0.009979635021399147,
      "op_leverage_ratio": 0.8126192748091604,
      "fcf_margin_change": -0.14325004438132433
    },
    {
      "date": "2023-09-30T00:00:00",
      "quarter_label": "2023-09 (Q3)",
      "revenue": 2288000000,
      "gross_profit": 1792000000,
      "operating_income": 231000000,
      "net_income": 242000000,
      "opex": 1561000000,
      "cogs": 496000000,
      "rd": 549000000,
      "sga": null,
      "fcf": 175000000,
      "ocf": 311000000,
      "capex": -136000000,
      "gross_margin": 0.7832167832167832,
      "op_margin": 0.10096153846153846,
      "fcf_margin": 0.07648601398601398,
      "incr_op_margin_yoy": 0.3063457330415755,
      "rev_growth_yoy": 0.24959038776624795,
      "rev_growth_yoy_accel": 0.022421437994558452,
      "op_leverage_ratio": Infinity,
      "fcf_margin_change": -0.13188607903724184
    },
    {
      "date": "2023-12-31T00:00:00",
      "quarter_label": "2023-12 (Q4)",
      "revenue": 2437000000,
      "gross_profit": 1921000000,
      "operating_income": 270000000,
      "net_income": 295000000,
      "opex": 1651000000,
      "cogs": 516000000,
      "rd": 562000000,
      "sga": null,
      "fcf": 1344000000,
      "ocf": 1605000000,
      "capex": -261000000,
      "gross_margin": 0.7882642593352482,
      "op_margin": 0.1107919573245794,
      "fcf_margin": 0.5514977431267952,
      "incr_op_margin_yoy": 0.23138832997987926,
      "rev_growth_yoy": 0.25618556701030926,
      "rev_growth_yoy_accel": 0.0065951792440613055,
      "op_leverage_ratio": 1.1295114607614607,
      "fcf_margin_change": 0.47501172914078127
    },
    {
      "date": "2024-03-31T00:00:00",
      "quarter_label": "2024-03 (Q1)",
      "revenue": 2603000000,
      "gross_profit": 2083000000,
      "operating_income": 332000000,
      "net_income": 347000000,
      "opex": 1751000000,
      "cogs": 520000000,
      "rd": 606000000,
      "sga": null,
      "fcf": 1206000000,
      "ocf": 1341000000,
      "capex": -135000000,
      "gross_margin": 0.800230503265463,
      "op_margin": 0.12754514022281982,
      "fcf_margin": 0.46331156358048403,
      "incr_op_margin_yoy": 0.3708086785009862,
      "rev_growth_yoy": 0.24188931297709923,
      "rev_growth_yoy_accel": -0.014296254033210026,
      "op_leverage_ratio": 1.1246040213377104,
      "fcf_margin_change": -0.0881861795463112
    },
    {
      "date": "2024-06-30T00:00:00",
      "quarter_label": "2024-06 (Q2)",
      "revenue": 2627000000,
      "gross_profit": 2075000000,
      "operating_income": 240000000,
      "net_income": 262000000,
      "opex": 1835000000,
      "cogs": 552000000,
      "rd": 643000000,
      "sga": null,
      "fcf": 358000000,
      "ocf": 620000000,
      "capex": -262000000,
      "gross_margin": 0.7898743814236772,
      "op_margin": 0.09135896459840122,
      "fcf_margin": 0.13627712219261515,
      "incr_op_margin_yoy": 0.2578616352201258,
      "rev_growth_yoy": 0.22186046511627908,
      "rev_growth_yoy_accel": -0.020028847860820154,
      "fcf_margin_change": -0.32703444138786886
    },
    {
      "date": "2024-09-30T00:00:00",
      "quarter_label": "2024-09 (Q3)",
      "revenue": 2797000000,
      "gross_profit": 2213000000,
      "operating_income": 418000000,
      "net_income": 432000000,
      "opex": 1795000000,
      "cogs": 584000000,
      "rd": 626000000,
      "sga": null,
      "fcf": 469000000,
      "ocf": 671000000,
      "capex": -202000000,
      "gross_margin": 0.7912048623525205,
      "op_margin": 0.14944583482302468,
      "fcf_margin": 0.1676796567751162,
      "incr_op_margin_yoy": 0.36738703339882123,
      "rev_growth_yoy": 0.22246503496503497,
      "rev_growth_yoy_accel": 0.0006045698487558981,
      "op_leverage_ratio": Infinity,
      "fcf_margin_change": 0.03140253458250106
    },
    {
      "date": "2024-12-31T00:00:00",
      "quarter_label": "2024-12 (Q4)",
      "revenue": 2957000000,
      "gross_profit": 2326000000,
      "operating_income": 374000000,
      "net_income": 384000000,
      "opex": 1952000000,
      "cogs": 631000000,
      "rd": 668000000,
      "sga": null,
      "fcf": 1382000000,
      "ocf": 1635000000,
      "capex": -253000000,
      "gross_margin": 0.7866080486980047,
      "op_margin": 0.12647954007439974,
      "fcf_margin": 0.4673655732160974,
      "incr_op_margin_yoy": 0.2,
      "rev_growth_yoy": 0.21337710299548626,
      "rev_growth_yoy_accel": -0.009087931969548713,
      "op_leverage_ratio": 0.6540219388835626,
      "fcf_margin_change": 0.2996859164409812
    },
    {
      "date": "2025-03-31T00:00:00",
      "quarter_label": "2025-03 (Q1)",
      "revenue": 3088000000,
      "gross_profit": 2437000000,
      "operating_income": 451000000,
      "net_income": 460000000,
      "opex": 1986000000,
      "cogs": 651000000,
      "rd": 703000000,
      "sga": null,
      "fcf": 1472000000,
      "ocf": 1677000000,
      "capex": -205000000,
      "gross_margin": 0.7891839378238342,
      "op_margin": 0.14604922279792745,
      "fcf_margin": 0.47668393782383417,
      "incr_op_margin_yoy": 0.24536082474226803,
      "rev_growth_yoy": 0.18632347291586632,
      "rev_growth_yoy_accel": -0.027053630079619945,
      "op_leverage_ratio": 2.5434363126380077,
      "fcf_margin_change": 0.009318364607736773
    },
    {
      "date": "2025-06-30T00:00:00",
      "quarter_label": "2025-06 (Q2)",
      "revenue": 3215000000,
      "gross_profit": 2491000000,
      "operating_income": 358000000,
      "net_income": 385000000,
      "opex": 2133000000,
      "cogs": 724000000,
      "rd": 734000000,
      "sga": null,
      "fcf": 526000000,
      "ocf": 716000000,
      "capex": -190000000,
      "gross_margin": 0.774805598755832,
      "op_margin": 0.11135303265940902,
      "fcf_margin": 0.1636080870917574,
      "incr_op_margin_yoy": 0.20068027210884354,
      "rev_growth_yoy": 0.223829463266083,
      "rev_growth_yoy_accel": 0.03750599035021668,
      "op_leverage_ratio": 0.5556333932536746,
      "fcf_margin_change": -0.3130758507320768
    },
    {
      "date": "2025-09-30T00:00:00",
      "quarter_label": "2025-09 (Q3)",
      "revenue": 3407000000,
      "gross_profit": 2633000000,
      "operating_income": 572000000,
      "net_income": 502000000,
      "opex": 2061000000,
      "cogs": 774000000,
      "rd": 750000000,
      "sga": null,
      "fcf": 578000000,
      "ocf": 813000000,
      "capex": -235000000,
      "gross_margin": 0.772820663340182,
      "op_margin": 0.16788963897857354,
      "fcf_margin": 0.1696507191077194,
      "incr_op_margin_yoy": 0.25245901639344265,
      "rev_growth_yoy": 0.21809081158383983,
      "rev_growth_yoy_accel": -0.005738651682243162,
      "op_leverage_ratio": Infinity,
      "fcf_margin_change": 0.006042632015962002
    },
    {
      "date": "2025-12-31T00:00:00",
      "quarter_label": "2025-12 (Q4)",
      "revenue": 3568000000,
      "gross_profit": 2734000000,
      "operating_income": 443000000,
      "net_income": 401000000,
      "opex": 2291000000,
      "cogs": 834000000,
      "rd": 773000000,
      "sga": null,
      "fcf": 2000000000,
      "ocf": 2238000000,
      "capex": -238000000,
      "gross_margin": 0.7662556053811659,
      "op_margin": 0.1241591928251121,
      "fcf_margin": 0.5605381165919282,
      "incr_op_margin_yoy": 0.11292962356792144,
      "rev_growth_yoy": 0.20662833953331078,
      "rev_growth_yoy_accel": -0.011462472050529054,
      "op_leverage_ratio": 0.4234517170531259,
      "fcf_margin_change": 0.3908873974842088
    }
  ],
  "signals": [
    {
      "quarter": "2025-12 (Q4)",
      "signal": "FCF MARGIN EXPANSION",
      "detail": "FCF margin: +17.0% -> +56.1% (+39.1%)",
      "severity": "MEDIUM"
    },
    {
      "quarter": "2025-09 (Q3)",
      "signal": "INCREMENTAL MARGIN (YoY)",
      "detail": "YoY Incr OPM: +25.2% vs year-ago OPM: +14.9%",
      "severity": "MEDIUM"
    },
    {
      "quarter": "2025-06 (Q2)",
      "signal": "INCREMENTAL MARGIN (YoY)",
      "detail": "YoY Incr OPM: +20.1% vs year-ago OPM: +9.1%",
      "severity": "MEDIUM"
    },
    {
      "quarter": "2025-03 (Q1)",
      "signal": "OPERATING LEVERAGE",
      "detail": "Rev growth +4.4% vs OpEx growth +1.7% (leverage: 2.5x)",
      "severity": "MEDIUM"
    },
    {
      "quarter": "2025-03 (Q1)",
      "signal": "INCREMENTAL MARGIN (YoY)",
      "detail": "YoY Incr OPM: +24.5% vs year-ago OPM: +12.8%",
      "severity": "MEDIUM"
    },
    {
      "quarter": "2024-12 (Q4)",
      "signal": "FCF MARGIN EXPANSION",
      "detail": "FCF margin: +16.8% -> +46.7% (+30.0%)",
      "severity": "MEDIUM"
    },
    {
      "quarter": "2024-09 (Q3)",
      "signal": "INCREMENTAL MARGIN (YoY)",
      "detail": "YoY Incr OPM: +36.7% vs year-ago OPM: +10.1%",
      "severity": "HIGH"
    },
    {
      "quarter": "2024-06 (Q2)",
      "signal": "INCREMENTAL MARGIN (YoY)",
      "detail": "YoY Incr OPM: +25.8% vs year-ago OPM: +5.4%",
      "severity": "HIGH"
    },
    {
      "quarter": "2024-03 (Q1)",
      "signal": "INCREMENTAL MARGIN (YoY)",
      "detail": "YoY Incr OPM: +37.1% vs year-ago OPM: +6.9%",
      "severity": "HIGH"
    },
    {
      "quarter": "2023-12 (Q4)",
      "signal": "FCF MARGIN EXPANSION",
      "detail": "FCF margin: +7.6% -> +55.1% (+47.5%)",
      "severity": "MEDIUM"
    },
    {
      "quarter": "2023-12 (Q4)",
      "signal": "INCREMENTAL MARGIN (YoY)",
      "detail": "YoY Incr OPM: +23.1% vs year-ago OPM: +8.0%",
      "severity": "MEDIUM"
    },
    {
      "quarter": "2023-09 (Q3)",
      "signal": "INCREMENTAL MARGIN (YoY)",
      "detail": "YoY Incr OPM: +30.6% vs year-ago OPM: +5.0%",
      "severity": "HIGH"
    },
    {
      "quarter": "2023-06 (Q2)",
      "signal": "INCREMENTAL MARGIN (YoY)",
      "detail": "YoY Incr OPM: +23.9% vs year-ago OPM: +1.3%",
      "severity": "HIGH"
    },
    {
      "quarter": "2023-03 (Q1)",
      "signal": "INCREMENTAL MARGIN (YoY)",
      "detail": "YoY Incr OPM: +15.2% vs year-ago OPM: +5.1%",
      "severity": "MEDIUM"
    },
    {
      "quarter": "2022-12 (Q4)",
      "signal": "FCF MARGIN EXPANSION",
      "detail": "FCF margin: +5.6% -> +52.5% (+46.8%)",
      "severity": "MEDIUM"
    },
    {
      "quarter": "2022-12 (Q4)",
      "signal": "OPERATING LEVERAGE",
      "detail": "Rev growth +6.0% vs OpEx growth +2.2% (leverage: 2.7x)",
      "severity": "MEDIUM"
    },
    {
      "quarter": "2022-12 (Q4)",
      "signal": "INCREMENTAL MARGIN (YoY)",
      "detail": "YoY Incr OPM: +36.8% vs year-ago OPM: +2.2%",
      "severity": "HIGH"
    },
    {
      "quarter": "2021-12 (Q4)",
      "signal": "FCF MARGIN EXPANSION",
      "detail": "FCF margin: +14.9% -> +46.1% (+31.1%)",
      "severity": "MEDIUM"
    }
  ],
  "data_quality": {
    "n_quarters": 20,
    "coverage": {
      "revenue": [
        20,
        20
      ],
      "gross_profit": [
        20,
        20
      ],
      "op_income": [
        20,
        20
      ],
      "fcf": [
        20,
        20
      ]
    },
    "gaps": [],
    "warnings": []
  },
  "market_cap": null,
  "source": "SEC EDGAR",
  "last_updated": "2026-02-02T19:47:23.813878"
}