{
  "ticker": "NPCE",
  "name": "NEUROPACE, INC.",
  "quarters": [
    {
      "date": "2020-12-31T00:00:00",
      "quarter_label": "2020-12 (Q4)",
      "revenue": 10752000,
      "gross_profit": 8219000,
      "operating_income": -2981000,
      "net_income": -4618000,
      "opex": 11200000,
      "cogs": 2533000,
      "rd": 3919000,
      "sga": 7281000,
      "fcf": -6470000,
      "ocf": -6424000,
      "capex": -46000,
      "gross_margin": 0.7644159226190477,
      "op_margin": -0.27725074404761907,
      "fcf_margin": -0.6017485119047619
    },
    {
      "date": "2021-03-31T00:00:00",
      "quarter_label": "2021-03 (Q1)",
      "revenue": 11217000,
      "gross_profit": 8493000,
      "operating_income": -3874000,
      "net_income": -8810000,
      "opex": 12367000,
      "cogs": 2724000,
      "rd": 4100000,
      "sga": 8267000,
      "fcf": -5971000,
      "ocf": -5936000,
      "capex": -35000,
      "gross_margin": 0.7571543193367211,
      "op_margin": -0.3453686368904342,
      "fcf_margin": -0.5323170188107337,
      "op_leverage_ratio": 0.41505998286203943,
      "fcf_margin_change": 0.06943149309402818
    },
    {
      "date": "2021-06-30T00:00:00",
      "quarter_label": "2021-06 (Q2)",
      "revenue": 12630000,
      "gross_profit": 9359000,
      "operating_income": -4605000,
      "net_income": -8494000,
      "opex": 13964000,
      "cogs": 3271000,
      "rd": 4437000,
      "sga": 9527000,
      "fcf": -6031000,
      "ocf": -6014000,
      "capex": -17000,
      "gross_margin": 0.7410134600158353,
      "op_margin": -0.3646080760095012,
      "fcf_margin": -0.47751385589865397,
      "op_leverage_ratio": 0.9754946381646652,
      "fcf_margin_change": 0.054803162912079706
    },
    {
      "date": "2021-09-30T00:00:00",
      "quarter_label": "2021-09 (Q3)",
      "revenue": 10339000,
      "gross_profit": 7507000,
      "operating_income": -6243000,
      "net_income": -8083000,
      "opex": 13750000,
      "cogs": 2832000,
      "rd": 4329000,
      "sga": 9421000,
      "fcf": -4602000,
      "ocf": -4424000,
      "capex": -178000,
      "gross_margin": 0.7260856949414837,
      "op_margin": -0.6038301576554792,
      "fcf_margin": -0.44511074572008896,
      "fcf_margin_change": 0.03240311017856501
    },
    {
      "date": "2021-12-31T00:00:00",
      "quarter_label": "2021-12 (Q4)",
      "revenue": 10997000,
      "gross_profit": 8076000,
      "operating_income": -9015000,
      "net_income": -10693000,
      "opex": 17091000,
      "cogs": 2921000,
      "rd": 5345000,
      "sga": 11746000,
      "fcf": -8357000,
      "ocf": -8203000,
      "capex": -154000,
      "gross_margin": 0.7343821042102392,
      "op_margin": -0.8197690279167046,
      "fcf_margin": -0.7599345275984359,
      "rev_growth_yoy": 0.022786458333333332,
      "op_leverage_ratio": 0.26192296647973706,
      "fcf_margin_change": -0.314823781878347
    },
    {
      "date": "2022-03-31T00:00:00",
      "quarter_label": "2022-03 (Q1)",
      "revenue": 11374000,
      "gross_profit": 8259000,
      "operating_income": -9762000,
      "net_income": -11461000,
      "opex": 18021000,
      "cogs": 3115000,
      "rd": 5577000,
      "sga": 12444000,
      "fcf": -11699000,
      "ocf": -11393000,
      "capex": -306000,
      "gross_margin": 0.7261297696500791,
      "op_margin": -0.8582732547916301,
      "fcf_margin": -1.0285739405662035,
      "rev_growth_yoy": 0.013996612284924667,
      "rev_growth_yoy_accel": -0.008789846048408665,
      "op_leverage_ratio": 0.6300161040987718,
      "fcf_margin_change": -0.2686394129677676
    },
    {
      "date": "2022-06-30T00:00:00",
      "quarter_label": "2022-06 (Q2)",
      "revenue": 10200000,
      "gross_profit": 7466000,
      "operating_income": -10974000,
      "net_income": -12690000,
      "opex": 18440000,
      "cogs": 2734000,
      "rd": 5669000,
      "sga": 12771000,
      "fcf": -10822000,
      "ocf": -10658000,
      "capex": -164000,
      "gross_margin": 0.7319607843137255,
      "op_margin": -1.0758823529411765,
      "fcf_margin": -1.0609803921568628,
      "incr_op_margin_yoy": 2.6209876543209876,
      "rev_growth_yoy": -0.19239904988123516,
      "rev_growth_yoy_accel": -0.20639566216615982,
      "fcf_margin_change": -0.032406451590659247
    },
    {
      "date": "2022-09-30T00:00:00",
      "quarter_label": "2022-09 (Q3)",
      "revenue": 11157000,
      "gross_profit": 7965000,
      "operating_income": -10199000,
      "net_income": -11785000,
      "opex": 18164000,
      "cogs": 3192000,
      "rd": 5611000,
      "sga": 12553000,
      "fcf": -7006000,
      "ocf": -6975000,
      "capex": -31000,
      "gross_margin": 0.7139015864479699,
      "op_margin": -0.9141346240028682,
      "fcf_margin": -0.627946580622031,
      "rev_growth_yoy": 0.07911790308540478,
      "rev_growth_yoy_accel": 0.2715169529666399,
      "op_leverage_ratio": Infinity,
      "fcf_margin_change": 0.4330338115348318
    },
    {
      "date": "2022-12-31T00:00:00",
      "quarter_label": "2022-12 (Q4)",
      "revenue": 12789000,
      "gross_profit": 8803000,
      "operating_income": -9859000,
      "net_income": -11146000,
      "opex": 18662000,
      "cogs": 3986000,
      "rd": 5089000,
      "sga": 13573000,
      "fcf": -7945000,
      "ocf": -7843000,
      "capex": -102000,
      "gross_margin": 0.6883259050746735,
      "op_margin": -0.7708968644929236,
      "fcf_margin": -0.6212370005473454,
      "incr_op_margin_yoy": -0.47098214285714285,
      "rev_growth_yoy": 0.16295353278166771,
      "rev_growth_yoy_accel": 0.08383562969626293,
      "op_leverage_ratio": 5.335251195694313,
      "fcf_margin_change": 0.006709580074685584
    },
    {
      "date": "2023-03-31T00:00:00",
      "quarter_label": "2023-03 (Q1)",
      "revenue": 14472000,
      "gross_profit": 10372000,
      "operating_income": -8319000,
      "net_income": -10375000,
      "opex": 18691000,
      "cogs": 4100000,
      "rd": 5263000,
      "sga": 13428000,
      "fcf": -9830000,
      "ocf": -9698000,
      "capex": -132000,
      "gross_margin": 0.7166943062465451,
      "op_margin": -0.5748341625207297,
      "fcf_margin": -0.6792426755113322,
      "incr_op_margin_yoy": 0.4657843770174306,
      "rev_growth_yoy": 0.2723755934587656,
      "rev_growth_yoy_accel": 0.1094220606770979,
      "op_leverage_ratio": 84.68523866145745,
      "fcf_margin_change": -0.058005674963986786
    },
    {
      "date": "2023-06-30T00:00:00",
      "quarter_label": "2023-06 (Q2)",
      "revenue": 16510000,
      "gross_profit": 11972000,
      "operating_income": -7854000,
      "net_income": -9124000,
      "opex": 19826000,
      "cogs": 4538000,
      "rd": 5343000,
      "sga": 14483000,
      "fcf": -4360000,
      "ocf": -4360000,
      "capex": null,
      "gross_margin": 0.7251362810417928,
      "op_margin": -0.47571168988491824,
      "fcf_margin": -0.26408237431859477,
      "incr_op_margin_yoy": 0.49445324881141045,
      "rev_growth_yoy": 0.6186274509803922,
      "rev_growth_yoy_accel": 0.34625185752162657,
      "op_leverage_ratio": 2.3190616910552473,
      "fcf_margin_change": 0.41516030119273745
    },
    {
      "date": "2023-09-30T00:00:00",
      "quarter_label": "2023-09 (Q3)",
      "revenue": 16427000,
      "gross_profit": 12233000,
      "operating_income": -5950000,
      "net_income": -7257000,
      "opex": 18183000,
      "cogs": 4194000,
      "rd": 4795000,
      "sga": 13388000,
      "fcf": -2311000,
      "ocf": -2302000,
      "capex": -9000,
      "gross_margin": 0.7446886223899677,
      "op_margin": -0.3622085590795641,
      "fcf_margin": -0.14068302185426432,
      "incr_op_margin_yoy": 0.8062618595825427,
      "rev_growth_yoy": 0.4723491978130322,
      "rev_growth_yoy_accel": -0.14627825316735998,
      "fcf_margin_change": 0.12339935246433045
    },
    {
      "date": "2023-12-31T00:00:00",
      "quarter_label": "2023-12 (Q4)",
      "revenue": 18012000,
      "gross_profit": 13545000,
      "operating_income": -5051000,
      "net_income": -6200000,
      "opex": 18596000,
      "cogs": 4467000,
      "rd": 5377000,
      "sga": 13219000,
      "fcf": -3373000,
      "ocf": -3341000,
      "capex": -32000,
      "gross_margin": 0.7519986675549634,
      "op_margin": -0.2804241616699978,
      "fcf_margin": -0.18726404619142795,
      "incr_op_margin_yoy": 0.9205437488033698,
      "rev_growth_yoy": 0.40839784189537887,
      "rev_growth_yoy_accel": -0.06395135591765333,
      "op_leverage_ratio": 4.248019449465395,
      "fcf_margin_change": -0.04658102433716363
    },
    {
      "date": "2024-03-31T00:00:00",
      "quarter_label": "2024-03 (Q1)",
      "revenue": 18124000,
      "gross_profit": 13343000,
      "operating_income": -7545000,
      "net_income": -8925000,
      "opex": 20888000,
      "cogs": 4781000,
      "rd": 5784000,
      "sga": 15104000,
      "fcf": -7632000,
      "ocf": -7528000,
      "capex": -104000,
      "gross_margin": 0.7362061355109247,
      "op_margin": -0.4162988302802913,
      "fcf_margin": -0.4210990951224895,
      "incr_op_margin_yoy": 0.21193866374589265,
      "rev_growth_yoy": 0.2523493642896628,
      "rev_growth_yoy_accel": -0.15604847760571605,
      "fcf_margin_change": -0.23383504893106155
    },
    {
      "date": "2024-06-30T00:00:00",
      "quarter_label": "2024-06 (Q2)",
      "revenue": 19256000,
      "gross_profit": 14134000,
      "operating_income": -6230000,
      "net_income": -7514000,
      "opex": 20364000,
      "cogs": 5122000,
      "rd": 6065000,
      "sga": 14299000,
      "fcf": -3963000,
      "ocf": -3900000,
      "capex": -63000,
      "gross_margin": 0.7340049854590777,
      "op_margin": -0.32353552139592856,
      "fcf_margin": -0.20580598255089322,
      "incr_op_margin_yoy": 0.5914056809905317,
      "rev_growth_yoy": 0.16632344033918836,
      "rev_growth_yoy_accel": -0.08602592395047445,
      "op_leverage_ratio": Infinity,
      "fcf_margin_change": 0.21529311257159628
    },
    {
      "date": "2024-09-30T00:00:00",
      "quarter_label": "2024-09 (Q3)",
      "revenue": 21060000,
      "gross_profit": 15420000,
      "operating_income": -4243000,
      "net_income": -5452000,
      "opex": 19663000,
      "cogs": 5640000,
      "rd": 5754000,
      "sga": 13909000,
      "fcf": -1824000,
      "ocf": -1724000,
      "capex": -100000,
      "gross_margin": 0.7321937321937322,
      "op_margin": -0.20147198480531814,
      "fcf_margin": -0.08660968660968661,
      "incr_op_margin_yoy": 0.36844377293330455,
      "rev_growth_yoy": 0.2820356729774152,
      "rev_growth_yoy_accel": 0.11571223263822686,
      "op_leverage_ratio": Infinity,
      "fcf_margin_change": 0.1191962959412066
    },
    {
      "date": "2024-12-31T00:00:00",
      "quarter_label": "2024-12 (Q4)",
      "revenue": 21466000,
      "gross_profit": 16188000,
      "operating_income": -3653000,
      "net_income": -5250000,
      "opex": 19841000,
      "cogs": 5278000,
      "rd": 6050000,
      "sga": 13791000,
      "fcf": -4836000,
      "ocf": -4797000,
      "capex": -39000,
      "gross_margin": 0.7541227988446846,
      "op_margin": -0.1701760924252306,
      "fcf_margin": -0.22528649958073232,
      "incr_op_margin_yoy": 0.4047481181239143,
      "rev_growth_yoy": 0.19176104819009548,
      "rev_growth_yoy_accel": -0.09027462478731973,
      "op_leverage_ratio": 2.1295970848405306,
      "fcf_margin_change": -0.13867681297104573
    },
    {
      "date": "2025-03-31T00:00:00",
      "quarter_label": "2025-03 (Q1)",
      "revenue": 22524000,
      "gross_profit": 17342000,
      "operating_income": -5147000,
      "net_income": -6589000,
      "opex": 22489000,
      "cogs": 5182000,
      "rd": 7440000,
      "sga": 15049000,
      "fcf": -7519000,
      "ocf": -7482000,
      "capex": -37000,
      "gross_margin": 0.7699342923104244,
      "op_margin": -0.22851180962528858,
      "fcf_margin": -0.33382170129639493,
      "incr_op_margin_yoy": 0.545,
      "rev_growth_yoy": 0.24277201500772455,
      "rev_growth_yoy_accel": 0.051010966817629066,
      "op_leverage_ratio": 0.36930068994092535,
      "fcf_margin_change": -0.10853520171566261
    },
    {
      "date": "2025-06-30T00:00:00",
      "quarter_label": "2025-06 (Q2)",
      "revenue": 23520000,
      "gross_profit": 18132000,
      "operating_income": -6824000,
      "net_income": -8651000,
      "opex": 24956000,
      "cogs": 5388000,
      "rd": 6845000,
      "sga": null,
      "fcf": -2254000,
      "ocf": -2086000,
      "capex": -168000,
      "gross_margin": 0.7709183673469387,
      "op_margin": -0.2901360544217687,
      "fcf_margin": -0.09583333333333334,
      "incr_op_margin_yoy": -0.13930581613508441,
      "rev_growth_yoy": 0.2214374740340673,
      "rev_growth_yoy_accel": -0.02133454097365725,
      "op_leverage_ratio": 0.4031018717178639,
      "fcf_margin_change": 0.2379883679630616
    },
    {
      "date": "2025-09-30T00:00:00",
      "quarter_label": "2025-09 (Q3)",
      "revenue": 27354000,
      "gross_profit": 21168000,
      "operating_income": -2600000,
      "net_income": -3496000,
      "opex": 23768000,
      "cogs": 6186000,
      "rd": 6576000,
      "sga": null,
      "fcf": -1974000,
      "ocf": -1944000,
      "capex": -30000,
      "gross_margin": 0.7738539153323097,
      "op_margin": -0.09505008408276669,
      "fcf_margin": -0.07216494845360824,
      "incr_op_margin_yoy": 0.26104226247219575,
      "rev_growth_yoy": 0.29886039886039883,
      "rev_growth_yoy_accel": 0.07742292482633154,
      "op_leverage_ratio": Infinity,
      "fcf_margin_change": 0.0236683848797251
    }
  ],
  "signals": [
    {
      "quarter": "2025-09 (Q3)",
      "signal": "YoY REVENUE GROWTH ACCELERATION",
      "detail": "YoY growth: +29.9% vs prior quarter YoY: +22.1% (accel: +7.7%)",
      "severity": "MEDIUM"
    },
    {
      "quarter": "2025-06 (Q2)",
      "signal": "FCF MARGIN EXPANSION",
      "detail": "FCF margin: -33.4% -> -9.6% (+23.8%)",
      "severity": "MEDIUM"
    },
    {
      "quarter": "2025-03 (Q1)",
      "signal": "YoY REVENUE GROWTH ACCELERATION",
      "detail": "YoY growth: +24.3% vs prior quarter YoY: +19.2% (accel: +5.1%)",
      "severity": "MEDIUM"
    },
    {
      "quarter": "2024-12 (Q4)",
      "signal": "OPERATING LEVERAGE",
      "detail": "Rev growth +1.9% vs OpEx growth +0.9% (leverage: 2.1x)",
      "severity": "MEDIUM"
    },
    {
      "quarter": "2024-12 (Q4)",
      "signal": "GROSS MARGIN INFLECTION",
      "detail": "GM: +73.4% -> +73.2% -> +75.4% (reversal +2.2%)",
      "severity": "MEDIUM"
    },
    {
      "quarter": "2024-12 (Q4)",
      "signal": "YoY REVENUE GROWTH DECELERATION",
      "detail": "YoY growth: +19.2% vs prior quarter YoY: +28.2% (decel: -9.0%)",
      "severity": "WARNING"
    },
    {
      "quarter": "2024-09 (Q3)",
      "signal": "FCF MARGIN EXPANSION",
      "detail": "FCF margin: -20.6% -> -8.7% (+11.9%)",
      "severity": "MEDIUM"
    },
    {
      "quarter": "2024-09 (Q3)",
      "signal": "YoY REVENUE GROWTH ACCELERATION",
      "detail": "YoY growth: +28.2% vs prior quarter YoY: +16.6% (accel: +11.6%)",
      "severity": "MEDIUM"
    },
    {
      "quarter": "2024-06 (Q2)",
      "signal": "FCF MARGIN EXPANSION",
      "detail": "FCF margin: -42.1% -> -20.6% (+21.5%)",
      "severity": "MEDIUM"
    },
    {
      "quarter": "2024-06 (Q2)",
      "signal": "YoY REVENUE GROWTH DECELERATION",
      "detail": "YoY growth: +16.6% vs prior quarter YoY: +25.2% (decel: -8.6%)",
      "severity": "WARNING"
    },
    {
      "quarter": "2024-03 (Q1)",
      "signal": "YoY REVENUE GROWTH DECELERATION",
      "detail": "YoY growth: +25.2% vs prior quarter YoY: +40.8% (decel: -15.6%)",
      "severity": "WARNING"
    },
    {
      "quarter": "2023-12 (Q4)",
      "signal": "OPERATING LEVERAGE",
      "detail": "Rev growth +9.6% vs OpEx growth +2.3% (leverage: 4.2x)",
      "severity": "MEDIUM"
    },
    {
      "quarter": "2023-12 (Q4)",
      "signal": "YoY REVENUE GROWTH DECELERATION",
      "detail": "YoY growth: +40.8% vs prior quarter YoY: +47.2% (decel: -6.4%)",
      "severity": "WARNING"
    },
    {
      "quarter": "2023-09 (Q3)",
      "signal": "FCF MARGIN EXPANSION",
      "detail": "FCF margin: -26.4% -> -14.1% (+12.3%)",
      "severity": "MEDIUM"
    },
    {
      "quarter": "2023-09 (Q3)",
      "signal": "YoY REVENUE GROWTH DECELERATION",
      "detail": "YoY growth: +47.2% vs prior quarter YoY: +61.9% (decel: -14.6%)",
      "severity": "WARNING"
    },
    {
      "quarter": "2023-06 (Q2)",
      "signal": "FCF MARGIN EXPANSION",
      "detail": "FCF margin: -67.9% -> -26.4% (+41.5%)",
      "severity": "MEDIUM"
    },
    {
      "quarter": "2023-06 (Q2)",
      "signal": "OPERATING LEVERAGE",
      "detail": "Rev growth +14.1% vs OpEx growth +6.1% (leverage: 2.3x)",
      "severity": "MEDIUM"
    },
    {
      "quarter": "2023-06 (Q2)",
      "signal": "YoY REVENUE GROWTH ACCELERATION",
      "detail": "YoY growth: +61.9% vs prior quarter YoY: +27.2% (accel: +34.6%)",
      "severity": "HIGH"
    },
    {
      "quarter": "2023-03 (Q1)",
      "signal": "OPERATING LEVERAGE",
      "detail": "Rev growth +13.2% vs OpEx growth +0.2% (leverage: 84.7x)",
      "severity": "MEDIUM"
    },
    {
      "quarter": "2023-03 (Q1)",
      "signal": "GROSS MARGIN INFLECTION",
      "detail": "GM: +71.4% -> +68.8% -> +71.7% (reversal +2.8%)",
      "severity": "MEDIUM"
    },
    {
      "quarter": "2023-03 (Q1)",
      "signal": "YoY REVENUE GROWTH ACCELERATION",
      "detail": "YoY growth: +27.2% vs prior quarter YoY: +16.3% (accel: +10.9%)",
      "severity": "MEDIUM"
    },
    {
      "quarter": "2022-12 (Q4)",
      "signal": "OPERATING LEVERAGE",
      "detail": "Rev growth +14.6% vs OpEx growth +2.7% (leverage: 5.3x)",
      "severity": "MEDIUM"
    },
    {
      "quarter": "2022-12 (Q4)",
      "signal": "YoY REVENUE GROWTH ACCELERATION",
      "detail": "YoY growth: +16.3% vs prior quarter YoY: +7.9% (accel: +8.4%)",
      "severity": "MEDIUM"
    },
    {
      "quarter": "2022-09 (Q3)",
      "signal": "FCF MARGIN EXPANSION",
      "detail": "FCF margin: -106.1% -> -62.8% (+43.3%)",
      "severity": "MEDIUM"
    },
    {
      "quarter": "2022-09 (Q3)",
      "signal": "YoY REVENUE GROWTH ACCELERATION",
      "detail": "YoY growth: +7.9% vs prior quarter YoY: -19.2% (accel: +27.2%)",
      "severity": "HIGH"
    },
    {
      "quarter": "2022-06 (Q2)",
      "signal": "YoY REVENUE GROWTH DECELERATION",
      "detail": "YoY growth: -19.2% vs prior quarter YoY: +1.4% (decel: -20.6%)",
      "severity": "WARNING"
    },
    {
      "quarter": "2021-06 (Q2)",
      "signal": "FCF MARGIN EXPANSION",
      "detail": "FCF margin: -53.2% -> -47.8% (+5.5%)",
      "severity": "MEDIUM"
    },
    {
      "quarter": "2021-03 (Q1)",
      "signal": "FCF MARGIN EXPANSION",
      "detail": "FCF margin: -60.2% -> -53.2% (+6.9%)",
      "severity": "MEDIUM"
    }
  ],
  "data_quality": {
    "n_quarters": 20,
    "coverage": {
      "revenue": [
        20,
        20
      ],
      "gross_profit": [
        20,
        20
      ],
      "op_income": [
        20,
        20
      ],
      "fcf": [
        20,
        20
      ]
    },
    "gaps": [],
    "warnings": []
  },
  "market_cap": null,
  "source": "SEC EDGAR",
  "last_updated": "2026-02-02T22:22:29.236139"
}