{
  "ticker": "NPKI",
  "name": "NPK International Inc.",
  "quarters": [
    {
      "date": "2020-12-31T00:00:00",
      "quarter_label": "2020-12 (Q4)",
      "revenue": 129705000,
      "gross_profit": 14122000,
      "operating_income": -16517000,
      "net_income": -18434000,
      "opex": 30639000,
      "cogs": 115583000,
      "rd": null,
      "sga": 20374000,
      "fcf": 14313000,
      "ocf": 15498000,
      "capex": -1185000,
      "gross_margin": 0.10887783817123473,
      "op_margin": -0.1273428163910412,
      "fcf_margin": 0.11035041054701053
    },
    {
      "date": "2021-03-31T00:00:00",
      "quarter_label": "2021-03 (Q1)",
      "revenue": 141172000,
      "gross_profit": 21181000,
      "operating_income": 544000,
      "net_income": -5362000,
      "opex": 20637000,
      "cogs": 119991000,
      "rd": null,
      "sga": 20911000,
      "fcf": 19124000,
      "ocf": 27773000,
      "capex": -8649000,
      "gross_margin": 0.15003683449975916,
      "op_margin": 0.003853455359419715,
      "fcf_margin": 0.13546595642195336,
      "op_leverage_ratio": Infinity,
      "fcf_margin_change": 0.02511554587494283
    },
    {
      "date": "2021-06-30T00:00:00",
      "quarter_label": "2021-06 (Q2)",
      "revenue": 142249000,
      "gross_profit": 18143000,
      "operating_income": -3247000,
      "net_income": -5998000,
      "opex": 21390000,
      "cogs": 124106000,
      "rd": null,
      "sga": 22980000,
      "fcf": -3764000,
      "ocf": -1936000,
      "capex": -1828000,
      "gross_margin": 0.12754395461479517,
      "op_margin": -0.022826171009989526,
      "fcf_margin": -0.02646064295706824,
      "fcf_margin_change": -0.1619265993790216
    },
    {
      "date": "2021-09-30T00:00:00",
      "quarter_label": "2021-09 (Q3)",
      "revenue": 151797000,
      "gross_profit": 19524000,
      "operating_income": -6063000,
      "net_income": -10485000,
      "opex": 25587000,
      "cogs": 132273000,
      "rd": null,
      "sga": 23864000,
      "fcf": -20793000,
      "ocf": -12167000,
      "capex": -8626000,
      "gross_margin": 0.12861914267080377,
      "op_margin": -0.039941500820174315,
      "fcf_margin": -0.13697899167967748,
      "op_leverage_ratio": 0.34208576589598394,
      "fcf_margin_change": -0.11051834872260924
    },
    {
      "date": "2021-12-31T00:00:00",
      "quarter_label": "2021-12 (Q4)",
      "revenue": 179563000,
      "gross_profit": 26381000,
      "operating_income": -59000,
      "net_income": -3681000,
      "opex": 26440000,
      "cogs": 153182000,
      "rd": null,
      "sga": 26690000,
      "fcf": -19373000,
      "ocf": -16683000,
      "capex": -2690000,
      "gross_margin": 0.14691779486865333,
      "op_margin": -0.0003285754860411109,
      "fcf_margin": -0.10788971001821088,
      "incr_op_margin_yoy": 0.33009747683420915,
      "rev_growth_yoy": 0.38439535869858527,
      "op_leverage_ratio": 5.486816913447242,
      "fcf_margin_change": 0.0290892816614666
    },
    {
      "date": "2022-03-31T00:00:00",
      "quarter_label": "2022-03 (Q1)",
      "revenue": 176438000,
      "gross_profit": 25450000,
      "operating_income": 967000,
      "net_income": 2521000,
      "opex": 24483000,
      "cogs": 150988000,
      "rd": null,
      "sga": 24433000,
      "fcf": -4831000,
      "ocf": 2790000,
      "capex": -7621000,
      "gross_margin": 0.14424330359673088,
      "op_margin": 0.005480678765345334,
      "fcf_margin": -0.027380722973509106,
      "incr_op_margin_yoy": 0.011994555662677934,
      "rev_growth_yoy": 0.2498087439435582,
      "rev_growth_yoy_accel": -0.13458661475502706,
      "fcf_margin_change": 0.08050898704470177
    },
    {
      "date": "2022-06-30T00:00:00",
      "quarter_label": "2022-06 (Q2)",
      "revenue": 194144000,
      "gross_profit": 25938000,
      "operating_income": -6217000,
      "net_income": -7752000,
      "opex": 32155000,
      "cogs": 168206000,
      "rd": null,
      "sga": 24330000,
      "fcf": -27695000,
      "ocf": -25801000,
      "capex": -1894000,
      "gross_margin": 0.13360186253502554,
      "op_margin": -0.032022622383385525,
      "fcf_margin": -0.1426518460524147,
      "incr_op_margin_yoy": -0.05723094710473071,
      "rev_growth_yoy": 0.3648180303552222,
      "rev_growth_yoy_accel": 0.115009286411664,
      "op_leverage_ratio": 0.32024648530559335,
      "fcf_margin_change": -0.11527112307890561
    },
    {
      "date": "2022-09-30T00:00:00",
      "quarter_label": "2022-09 (Q3)",
      "revenue": 219853000,
      "gross_profit": 31969000,
      "operating_income": -21310000,
      "net_income": -24595000,
      "opex": 53279000,
      "cogs": 187884000,
      "rd": null,
      "sga": 24207000,
      "fcf": -13287000,
      "ocf": -5082000,
      "capex": -8205000,
      "gross_margin": 0.14541079721450242,
      "op_margin": -0.09692840215962484,
      "fcf_margin": -0.06043583667268584,
      "incr_op_margin_yoy": -0.22403608792758906,
      "rev_growth_yoy": 0.44833560610552253,
      "rev_growth_yoy_accel": 0.08351757575030033,
      "op_leverage_ratio": 0.20157356006283994,
      "fcf_margin_change": 0.08221600937972887
    },
    {
      "date": "2022-12-31T00:00:00",
      "quarter_label": "2022-12 (Q4)",
      "revenue": 225159000,
      "gross_profit": 38179000,
      "operating_income": 17526000,
      "net_income": 8992000,
      "opex": 20653000,
      "cogs": 186980000,
      "rd": null,
      "sga": 24648000,
      "fcf": -7481000,
      "ocf": 3072000,
      "capex": -10553000,
      "gross_margin": 0.16956461878050622,
      "op_margin": 0.07783832758184217,
      "fcf_margin": -0.03322540959943862,
      "incr_op_margin_yoy": 0.3856697955961049,
      "rev_growth_yoy": 0.25392759087339817,
      "rev_growth_yoy_accel": -0.19440801523212436,
      "op_leverage_ratio": Infinity,
      "fcf_margin_change": 0.027210427073247216
    },
    {
      "date": "2023-03-31T00:00:00",
      "quarter_label": "2023-03 (Q1)",
      "revenue": 200030000,
      "gross_profit": 35292000,
      "operating_income": 10143000,
      "net_income": 5620000,
      "opex": 25149000,
      "cogs": 164738000,
      "rd": null,
      "sga": 25410000,
      "fcf": 22472000,
      "ocf": 29444000,
      "capex": -6972000,
      "gross_margin": 0.17643353496975453,
      "op_margin": 0.050707393890916365,
      "fcf_margin": 0.11234314852772084,
      "incr_op_margin_yoy": 0.3889454052221092,
      "rev_growth_yoy": 0.13371269227717386,
      "rev_growth_yoy_accel": -0.1202148985962243,
      "fcf_margin_change": 0.14556855812715946
    },
    {
      "date": "2023-06-30T00:00:00",
      "quarter_label": "2023-06 (Q2)",
      "revenue": 183256000,
      "gross_profit": 33086000,
      "operating_income": 5878000,
      "net_income": 1702000,
      "opex": 27208000,
      "cogs": 150170000,
      "rd": null,
      "sga": 25576000,
      "fcf": -971000,
      "ocf": 7404000,
      "capex": -8375000,
      "gross_margin": 0.18054524817741302,
      "op_margin": 0.03207534814685467,
      "fcf_margin": -0.005298598681625704,
      "incr_op_margin_yoy": -1.1108559882439384,
      "rev_growth_yoy": -0.05608208340201088,
      "rev_growth_yoy_accel": -0.18979477567918474,
      "fcf_margin_change": -0.11764174720934654
    },
    {
      "date": "2023-09-30T00:00:00",
      "quarter_label": "2023-09 (Q3)",
      "revenue": 57262000,
      "gross_profit": -101871000,
      "operating_income": 13247000,
      "net_income": 7670000,
      "opex": -115118000,
      "cogs": 159133000,
      "rd": null,
      "sga": 26821000,
      "fcf": 22207000,
      "ocf": 26994000,
      "capex": -4787000,
      "gross_margin": -1.7790332157451714,
      "op_margin": 0.2313401557752087,
      "fcf_margin": 0.3878139080018162,
      "incr_op_margin_yoy": -0.21253943945236822,
      "rev_growth_yoy": -0.7395441499547425,
      "rev_growth_yoy_accel": -0.6834620665527316,
      "fcf_margin_change": 0.3931125066834419
    },
    {
      "date": "2023-12-31T00:00:00",
      "quarter_label": "2023-12 (Q4)",
      "revenue": 588407000,
      "gross_profit": 451387000,
      "operating_income": 4362000,
      "net_income": -476000,
      "opex": 447025000,
      "cogs": 137020000,
      "rd": null,
      "sga": 23329000,
      "fcf": 27061000,
      "ocf": 36159000,
      "capex": -9098000,
      "gross_margin": 0.7671339735931082,
      "op_margin": 0.007413236076389302,
      "fcf_margin": 0.04599027543859947,
      "incr_op_margin_yoy": -0.03623970400387614,
      "rev_growth_yoy": 1.6132954934068813,
      "rev_growth_yoy_accel": 2.352839643361624,
      "op_leverage_ratio": Infinity,
      "fcf_margin_change": -0.34182363256321674
    },
    {
      "date": "2024-03-31T00:00:00",
      "quarter_label": "2024-03 (Q1)",
      "revenue": 169107000,
      "gross_profit": 34520000,
      "operating_income": 11859000,
      "net_income": 7293000,
      "opex": 22661000,
      "cogs": 134587000,
      "rd": null,
      "sga": 24344000,
      "fcf": -1932000,
      "ocf": 11950000,
      "capex": -13882000,
      "gross_margin": 0.2041311122543715,
      "op_margin": 0.07012719757313417,
      "fcf_margin": -0.011424719260586493,
      "incr_op_margin_yoy": -0.05549267535491382,
      "rev_growth_yoy": -0.15459181122831575,
      "rev_growth_yoy_accel": -1.767887304635197,
      "fcf_margin_change": -0.05741499469918597
    },
    {
      "date": "2024-06-30T00:00:00",
      "quarter_label": "2024-06 (Q2)",
      "revenue": 179009000,
      "gross_profit": 38925000,
      "operating_income": 13299000,
      "net_income": 8040000,
      "opex": 25626000,
      "cogs": 140084000,
      "rd": null,
      "sga": 26381000,
      "fcf": 20995000,
      "ocf": 27581000,
      "capex": -6586000,
      "gross_margin": 0.21744716746085394,
      "op_margin": 0.07429235401571987,
      "fcf_margin": 0.11728460580194291,
      "incr_op_margin_yoy": -1.7473510713444784,
      "rev_growth_yoy": -0.02317523027895403,
      "rev_growth_yoy_accel": 0.1314165809493617,
      "op_leverage_ratio": 0.44752336026091466,
      "fcf_margin_change": 0.1287093250625294
    },
    {
      "date": "2024-09-30T00:00:00",
      "quarter_label": "2024-09 (Q3)",
      "revenue": 44207000,
      "gross_profit": 12140000,
      "operating_income": 1234000,
      "net_income": -174298000,
      "opex": 10906000,
      "cogs": 32067000,
      "rd": null,
      "sga": 11005000,
      "fcf": -6707000,
      "ocf": 2765000,
      "capex": -9472000,
      "gross_margin": 0.2746171420815708,
      "op_margin": 0.027914131246182732,
      "fcf_margin": -0.15171805370190242,
      "incr_op_margin_yoy": 0.920183837610111,
      "rev_growth_yoy": -0.22798714679892423,
      "rev_growth_yoy_accel": -0.20481191651997022,
      "fcf_margin_change": -0.26900265950384533
    },
    {
      "date": "2024-12-31T00:00:00",
      "quarter_label": "2024-12 (Q4)",
      "revenue": 57524000,
      "gross_profit": 22523000,
      "operating_income": 11644000,
      "net_income": 8703000,
      "opex": 10879000,
      "cogs": 35001000,
      "rd": null,
      "sga": 10713000,
      "fcf": -17718000,
      "ocf": -4127000,
      "capex": -13591000,
      "gross_margin": 0.39154092204992696,
      "op_margin": 0.20241985953688896,
      "fcf_margin": -0.30801056950142547,
      "incr_op_margin_yoy": -0.013716769985100295,
      "rev_growth_yoy": -0.9022377368046267,
      "rev_growth_yoy_accel": -0.6742505900057025,
      "op_leverage_ratio": Infinity,
      "fcf_margin_change": -0.15629251579952305
    },
    {
      "date": "2025-03-31T00:00:00",
      "quarter_label": "2025-03 (Q1)",
      "revenue": 64777000,
      "gross_profit": 25250000,
      "operating_income": 13528000,
      "net_income": 10003000,
      "opex": 11722000,
      "cogs": 39527000,
      "rd": null,
      "sga": 11746000,
      "fcf": -1183000,
      "ocf": 8828000,
      "capex": -10011000,
      "gross_margin": 0.3897988483566698,
      "op_margin": 0.20883955725025857,
      "fcf_margin": -0.018262654954690708,
      "incr_op_margin_yoy": -0.015997316208185564,
      "rev_growth_yoy": -0.6169466669032033,
      "rev_growth_yoy_accel": 0.2852910699014234,
      "op_leverage_ratio": 1.6271590348838254,
      "fcf_margin_change": 0.28974791454673476
    },
    {
      "date": "2025-06-30T00:00:00",
      "quarter_label": "2025-06 (Q2)",
      "revenue": 68233000,
      "gross_profit": 25181000,
      "operating_income": 11629000,
      "net_income": 8678000,
      "opex": 13552000,
      "cogs": 43052000,
      "rd": null,
      "sga": 13657000,
      "fcf": 9746000,
      "ocf": 21440000,
      "capex": -11694000,
      "gross_margin": 0.36904430407574046,
      "op_margin": 0.170430729998681,
      "fcf_margin": 0.142834112526197,
      "incr_op_margin_yoy": 0.015075467610312704,
      "rev_growth_yoy": -0.6188292208771626,
      "rev_growth_yoy_accel": -0.0018825539739593111,
      "op_leverage_ratio": 0.3417460710730914,
      "fcf_margin_change": 0.1610967674808877
    },
    {
      "date": "2025-09-30T00:00:00",
      "quarter_label": "2025-09 (Q3)",
      "revenue": 68838000,
      "gross_profit": 21968000,
      "operating_income": 9057000,
      "net_income": 5654000,
      "opex": 12911000,
      "cogs": 46870000,
      "rd": null,
      "sga": 13279000,
      "fcf": 12002000,
      "ocf": 24716000,
      "capex": -12714000,
      "gross_margin": 0.31912606409250704,
      "op_margin": 0.13156977250936983,
      "fcf_margin": 0.17435137569365758,
      "incr_op_margin_yoy": 0.31760789249319965,
      "rev_growth_yoy": 0.5571742031804918,
      "rev_growth_yoy_accel": 1.1760034240576545,
      "fcf_margin_change": 0.03151726316746059
    }
  ],
  "signals": [
    {
      "quarter": "2025-09 (Q3)",
      "signal": "YoY REVENUE GROWTH ACCELERATION",
      "detail": "YoY growth: +55.7% vs prior quarter YoY: -61.9% (accel: +117.6%)",
      "severity": "HIGH"
    },
    {
      "quarter": "2025-09 (Q3)",
      "signal": "INCREMENTAL MARGIN (YoY)",
      "detail": "YoY Incr OPM: +31.8% vs year-ago OPM: +2.8%",
      "severity": "HIGH"
    },
    {
      "quarter": "2025-06 (Q2)",
      "signal": "FCF TURNED POSITIVE",
      "detail": "FCF margin: -1.8% -> +14.3%",
      "severity": "HIGH"
    },
    {
      "quarter": "2025-03 (Q1)",
      "signal": "FCF MARGIN EXPANSION",
      "detail": "FCF margin: -30.8% -> -1.8% (+29.0%)",
      "severity": "MEDIUM"
    },
    {
      "quarter": "2025-03 (Q1)",
      "signal": "OPERATING LEVERAGE",
      "detail": "Rev growth +12.6% vs OpEx growth +7.7% (leverage: 1.6x)",
      "severity": "MEDIUM"
    },
    {
      "quarter": "2025-03 (Q1)",
      "signal": "YoY REVENUE GROWTH ACCELERATION",
      "detail": "YoY growth: -61.7% vs prior quarter YoY: -90.2% (accel: +28.5%)",
      "severity": "HIGH"
    },
    {
      "quarter": "2024-12 (Q4)",
      "signal": "YoY REVENUE GROWTH DECELERATION",
      "detail": "YoY growth: -90.2% vs prior quarter YoY: -22.8% (decel: -67.4%)",
      "severity": "WARNING"
    },
    {
      "quarter": "2024-09 (Q3)",
      "signal": "YoY REVENUE GROWTH DECELERATION",
      "detail": "YoY growth: -22.8% vs prior quarter YoY: -2.3% (decel: -20.5%)",
      "severity": "WARNING"
    },
    {
      "quarter": "2024-09 (Q3)",
      "signal": "INCREMENTAL MARGIN (YoY)",
      "detail": "YoY Incr OPM: +92.0% vs year-ago OPM: +23.1%",
      "severity": "HIGH"
    },
    {
      "quarter": "2024-06 (Q2)",
      "signal": "FCF TURNED POSITIVE",
      "detail": "FCF margin: -1.1% -> +11.7%",
      "severity": "HIGH"
    },
    {
      "quarter": "2024-06 (Q2)",
      "signal": "YoY REVENUE GROWTH ACCELERATION",
      "detail": "YoY growth: -2.3% vs prior quarter YoY: -15.5% (accel: +13.1%)",
      "severity": "MEDIUM"
    },
    {
      "quarter": "2024-03 (Q1)",
      "signal": "YoY REVENUE GROWTH DECELERATION",
      "detail": "YoY growth: -15.5% vs prior quarter YoY: +161.3% (decel: -176.8%)",
      "severity": "WARNING"
    },
    {
      "quarter": "2023-12 (Q4)",
      "signal": "GROSS MARGIN INFLECTION",
      "detail": "GM: +18.1% -> -177.9% -> +76.7% (reversal +254.6%)",
      "severity": "HIGH"
    },
    {
      "quarter": "2023-12 (Q4)",
      "signal": "YoY REVENUE GROWTH ACCELERATION",
      "detail": "YoY growth: +161.3% vs prior quarter YoY: -74.0% (accel: +235.3%)",
      "severity": "HIGH"
    },
    {
      "quarter": "2023-09 (Q3)",
      "signal": "FCF TURNED POSITIVE",
      "detail": "FCF margin: -0.5% -> +38.8%",
      "severity": "HIGH"
    },
    {
      "quarter": "2023-09 (Q3)",
      "signal": "YoY REVENUE GROWTH DECELERATION",
      "detail": "YoY growth: -74.0% vs prior quarter YoY: -5.6% (decel: -68.3%)",
      "severity": "WARNING"
    },
    {
      "quarter": "2023-09 (Q3)",
      "signal": "OP MARGIN TURNED POSITIVE (YoY)",
      "detail": "Op margin: -9.7% (year-ago) -> +23.1%",
      "severity": "HIGH"
    },
    {
      "quarter": "2023-06 (Q2)",
      "signal": "YoY REVENUE GROWTH DECELERATION",
      "detail": "YoY growth: -5.6% vs prior quarter YoY: +13.4% (decel: -19.0%)",
      "severity": "WARNING"
    },
    {
      "quarter": "2023-06 (Q2)",
      "signal": "OP MARGIN TURNED POSITIVE (YoY)",
      "detail": "Op margin: -3.2% (year-ago) -> +3.2%",
      "severity": "HIGH"
    },
    {
      "quarter": "2023-03 (Q1)",
      "signal": "FCF TURNED POSITIVE",
      "detail": "FCF margin: -3.3% -> +11.2%",
      "severity": "HIGH"
    },
    {
      "quarter": "2023-03 (Q1)",
      "signal": "YoY REVENUE GROWTH DECELERATION",
      "detail": "YoY growth: +13.4% vs prior quarter YoY: +25.4% (decel: -12.0%)",
      "severity": "WARNING"
    },
    {
      "quarter": "2023-03 (Q1)",
      "signal": "INCREMENTAL MARGIN (YoY)",
      "detail": "YoY Incr OPM: +38.9% vs year-ago OPM: +0.5%",
      "severity": "HIGH"
    },
    {
      "quarter": "2022-12 (Q4)",
      "signal": "YoY REVENUE GROWTH DECELERATION",
      "detail": "YoY growth: +25.4% vs prior quarter YoY: +44.8% (decel: -19.4%)",
      "severity": "WARNING"
    },
    {
      "quarter": "2022-12 (Q4)",
      "signal": "OP MARGIN TURNED POSITIVE (YoY)",
      "detail": "Op margin: -0.0% (year-ago) -> +7.8%",
      "severity": "HIGH"
    },
    {
      "quarter": "2022-12 (Q4)",
      "signal": "OP MARGIN TURNED POSITIVE (QoQ)",
      "detail": "Op margin: -9.7% -> +7.8%",
      "severity": "HIGH"
    },
    {
      "quarter": "2022-09 (Q3)",
      "signal": "FCF MARGIN EXPANSION",
      "detail": "FCF margin: -14.3% -> -6.0% (+8.2%)",
      "severity": "MEDIUM"
    },
    {
      "quarter": "2022-09 (Q3)",
      "signal": "YoY REVENUE GROWTH ACCELERATION",
      "detail": "YoY growth: +44.8% vs prior quarter YoY: +36.5% (accel: +8.4%)",
      "severity": "MEDIUM"
    },
    {
      "quarter": "2022-06 (Q2)",
      "signal": "YoY REVENUE GROWTH ACCELERATION",
      "detail": "YoY growth: +36.5% vs prior quarter YoY: +25.0% (accel: +11.5%)",
      "severity": "MEDIUM"
    },
    {
      "quarter": "2022-03 (Q1)",
      "signal": "FCF MARGIN EXPANSION",
      "detail": "FCF margin: -10.8% -> -2.7% (+8.1%)",
      "severity": "MEDIUM"
    },
    {
      "quarter": "2022-03 (Q1)",
      "signal": "YoY REVENUE GROWTH DECELERATION",
      "detail": "YoY growth: +25.0% vs prior quarter YoY: +38.4% (decel: -13.5%)",
      "severity": "WARNING"
    },
    {
      "quarter": "2022-03 (Q1)",
      "signal": "OP MARGIN TURNED POSITIVE (QoQ)",
      "detail": "Op margin: -0.0% -> +0.5%",
      "severity": "HIGH"
    },
    {
      "quarter": "2021-12 (Q4)",
      "signal": "OPERATING LEVERAGE",
      "detail": "Rev growth +18.3% vs OpEx growth +3.3% (leverage: 5.5x)",
      "severity": "MEDIUM"
    },
    {
      "quarter": "2021-03 (Q1)",
      "signal": "OP MARGIN TURNED POSITIVE (QoQ)",
      "detail": "Op margin: -12.7% -> +0.4%",
      "severity": "HIGH"
    }
  ],
  "data_quality": {
    "n_quarters": 20,
    "coverage": {
      "revenue": [
        20,
        20
      ],
      "gross_profit": [
        20,
        20
      ],
      "op_income": [
        20,
        20
      ],
      "fcf": [
        20,
        20
      ]
    },
    "gaps": [],
    "warnings": []
  },
  "market_cap": null,
  "source": "SEC EDGAR",
  "last_updated": "2026-02-02T21:56:29.503512",
  "sector": "Energy",
  "industry": "Oil & Gas Equipment & Services"
}