{
  "ticker": "NRDS",
  "name": "NerdWallet, Inc.",
  "quarters": [
    {
      "date": "2021-03-31T00:00:00",
      "quarter_label": "2021-03 (Q1)",
      "revenue": 90000000,
      "gross_profit": 83500000,
      "operating_income": -13200000,
      "net_income": -12900000,
      "opex": 103200000,
      "cogs": 6500000,
      "rd": 12200000,
      "sga": null,
      "fcf": -3800000,
      "ocf": -3600000,
      "capex": -200000,
      "gross_margin": 0.9277777777777778,
      "op_margin": -0.14666666666666667,
      "fcf_margin": -0.042222222222222223
    },
    {
      "date": "2021-06-30T00:00:00",
      "quarter_label": "2021-06 (Q2)",
      "revenue": 91600000,
      "gross_profit": 84300000,
      "operating_income": -22700000,
      "net_income": -13900000,
      "opex": 114300000,
      "cogs": 7300000,
      "rd": 14800000,
      "sga": null,
      "fcf": -14700000,
      "ocf": -14500000,
      "capex": -200000,
      "gross_margin": 0.9203056768558951,
      "op_margin": -0.24781659388646288,
      "fcf_margin": -0.16048034934497818,
      "op_leverage_ratio": 0.1652852852852853,
      "fcf_margin_change": -0.11825812712275596
    },
    {
      "date": "2021-09-30T00:00:00",
      "quarter_label": "2021-09 (Q3)",
      "revenue": 98500000,
      "gross_profit": 91000000,
      "operating_income": 6300000,
      "net_income": -7800000,
      "opex": 92200000,
      "cogs": 7500000,
      "rd": 16600000,
      "sga": null,
      "fcf": 16300000,
      "ocf": 16600000,
      "capex": -300000,
      "gross_margin": 0.9238578680203046,
      "op_margin": 0.06395939086294417,
      "fcf_margin": 0.16548223350253807,
      "op_leverage_ratio": Infinity,
      "fcf_margin_change": 0.3259625828475162
    },
    {
      "date": "2021-12-31T00:00:00",
      "quarter_label": "2021-12 (Q4)",
      "revenue": 99500000,
      "gross_profit": 92300000,
      "operating_income": -9400000,
      "net_income": -7900000,
      "opex": 108900000,
      "cogs": 7200000,
      "rd": 18600000,
      "sga": null,
      "fcf": 7100000,
      "ocf": 8700000,
      "capex": -1600000,
      "gross_margin": 0.9276381909547738,
      "op_margin": -0.09447236180904522,
      "fcf_margin": 0.07135678391959799,
      "op_leverage_ratio": 0.0560503358764704,
      "fcf_margin_change": -0.09412544958294009
    },
    {
      "date": "2022-03-31T00:00:00",
      "quarter_label": "2022-03 (Q1)",
      "revenue": 129100000,
      "gross_profit": 121400000,
      "operating_income": -9100000,
      "net_income": -10500000,
      "opex": 138200000,
      "cogs": 7700000,
      "rd": 17400000,
      "sga": null,
      "fcf": -300000,
      "ocf": 1600000,
      "capex": -1900000,
      "gross_margin": 0.9403563129357088,
      "op_margin": -0.0704879938032533,
      "fcf_margin": -0.0023237800154918666,
      "incr_op_margin_yoy": 0.10485933503836317,
      "rev_growth_yoy": 0.43444444444444447,
      "op_leverage_ratio": 1.105678563465793,
      "fcf_margin_change": -0.07368056393508986
    },
    {
      "date": "2022-06-30T00:00:00",
      "quarter_label": "2022-06 (Q2)",
      "revenue": 125200000,
      "gross_profit": 117000000,
      "operating_income": -9000000,
      "net_income": -9300000,
      "opex": 134200000,
      "cogs": 8200000,
      "rd": 20100000,
      "sga": null,
      "fcf": -17000000,
      "ocf": -16000000,
      "capex": -1000000,
      "gross_margin": 0.9345047923322684,
      "op_margin": -0.07188498402555911,
      "fcf_margin": -0.13578274760383385,
      "incr_op_margin_yoy": 0.40773809523809523,
      "rev_growth_yoy": 0.36681222707423583,
      "rev_growth_yoy_accel": -0.06763221737020864,
      "fcf_margin_change": -0.133458967588342
    },
    {
      "date": "2022-09-30T00:00:00",
      "quarter_label": "2022-09 (Q3)",
      "revenue": 142600000,
      "gross_profit": 130900000,
      "operating_income": -8800000,
      "net_income": 700000,
      "opex": 151400000,
      "cogs": 11700000,
      "rd": 20700000,
      "sga": null,
      "fcf": 17900000,
      "ocf": 19300000,
      "capex": -1400000,
      "gross_margin": 0.9179523141654979,
      "op_margin": -0.061711079943899017,
      "fcf_margin": 0.12552594670406733,
      "incr_op_margin_yoy": -0.3424036281179138,
      "rev_growth_yoy": 0.44771573604060916,
      "rev_growth_yoy_accel": 0.08090350896637333,
      "op_leverage_ratio": 1.0843487629095772,
      "fcf_margin_change": 0.26130869430790116
    },
    {
      "date": "2022-12-31T00:00:00",
      "quarter_label": "2022-12 (Q4)",
      "revenue": 142000000,
      "gross_profit": 129800000,
      "operating_income": 7900000,
      "net_income": 8900000,
      "opex": 134100000,
      "cogs": 12200000,
      "rd": 19400000,
      "sga": null,
      "fcf": 19800000,
      "ocf": 20100000,
      "capex": -300000,
      "gross_margin": 0.9140845070422535,
      "op_margin": 0.05563380281690141,
      "fcf_margin": 0.13943661971830987,
      "incr_op_margin_yoy": 0.40705882352941175,
      "rev_growth_yoy": 0.4271356783919598,
      "rev_growth_yoy_accel": -0.02058005764864934,
      "fcf_margin_change": 0.013910673014242536
    },
    {
      "date": "2023-03-31T00:00:00",
      "quarter_label": "2023-03 (Q1)",
      "revenue": 169600000,
      "gross_profit": 155800000,
      "operating_income": -800000,
      "net_income": 1700000,
      "opex": 170400000,
      "cogs": 13800000,
      "rd": 19500000,
      "sga": null,
      "fcf": 16100000,
      "ocf": 16400000,
      "capex": -300000,
      "gross_margin": 0.9186320754716981,
      "op_margin": -0.0047169811320754715,
      "fcf_margin": 0.09492924528301887,
      "incr_op_margin_yoy": 0.20493827160493827,
      "rev_growth_yoy": 0.313710302091402,
      "rev_growth_yoy_accel": -0.11342537630055782,
      "op_leverage_ratio": 0.7180304970317775,
      "fcf_margin_change": -0.044507374435291
    },
    {
      "date": "2023-06-30T00:00:00",
      "quarter_label": "2023-06 (Q2)",
      "revenue": 143300000,
      "gross_profit": 130200000,
      "operating_income": -4200000,
      "net_income": -10700000,
      "opex": 147500000,
      "cogs": 13100000,
      "rd": 20000000,
      "sga": null,
      "fcf": -10100000,
      "ocf": -10000000,
      "capex": -100000,
      "gross_margin": 0.9085833914863922,
      "op_margin": -0.02930914166085136,
      "fcf_margin": -0.07048150732728542,
      "incr_op_margin_yoy": 0.26519337016574585,
      "rev_growth_yoy": 0.14456869009584664,
      "rev_growth_yoy_accel": -0.16914161199555536,
      "fcf_margin_change": -0.1654107526103043
    },
    {
      "date": "2023-09-30T00:00:00",
      "quarter_label": "2023-09 (Q3)",
      "revenue": 152800000,
      "gross_profit": 139500000,
      "operating_income": 4000000,
      "net_income": -500000,
      "opex": 148800000,
      "cogs": 13300000,
      "rd": 20700000,
      "sga": null,
      "fcf": 36000000,
      "ocf": 36100000,
      "capex": -100000,
      "gross_margin": 0.9129581151832461,
      "op_margin": 0.02617801047120419,
      "fcf_margin": 0.2356020942408377,
      "incr_op_margin_yoy": 1.2549019607843137,
      "rev_growth_yoy": 0.07152875175315568,
      "rev_growth_yoy_accel": -0.07303993834269096,
      "op_leverage_ratio": 7.521874496752376,
      "fcf_margin_change": 0.3060836015681231
    },
    {
      "date": "2023-12-31T00:00:00",
      "quarter_label": "2023-12 (Q4)",
      "revenue": 133700000,
      "gross_profit": 119900000,
      "operating_income": 4600000,
      "net_income": -2300000,
      "opex": 129100000,
      "cogs": 13800000,
      "rd": 20300000,
      "sga": null,
      "fcf": 29400000,
      "ocf": 29600000,
      "capex": -200000,
      "gross_margin": 0.8967838444278234,
      "op_margin": 0.0344053851907255,
      "fcf_margin": 0.2198952879581152,
      "incr_op_margin_yoy": 0.39759036144578314,
      "rev_growth_yoy": -0.05845070422535211,
      "rev_growth_yoy_accel": -0.1299794559785078,
      "fcf_margin_change": -0.015706806282722502
    },
    {
      "date": "2024-03-31T00:00:00",
      "quarter_label": "2024-03 (Q1)",
      "revenue": 161900000,
      "gross_profit": 147700000,
      "operating_income": 3700000,
      "net_income": 1100000,
      "opex": 158200000,
      "cogs": 14200000,
      "rd": 20700000,
      "sga": null,
      "fcf": 22700000,
      "ocf": 22700000,
      "capex": null,
      "gross_margin": 0.9122915379864114,
      "op_margin": 0.02285361334156887,
      "fcf_margin": 0.14021000617665225,
      "incr_op_margin_yoy": -0.5844155844155844,
      "rev_growth_yoy": -0.04540094339622641,
      "rev_growth_yoy_accel": 0.0130497608291257,
      "op_leverage_ratio": 0.9357308638357918,
      "fcf_margin_change": -0.07968528178146295
    },
    {
      "date": "2024-06-30T00:00:00",
      "quarter_label": "2024-06 (Q2)",
      "revenue": 150600000,
      "gross_profit": 135700000,
      "operating_income": -9600000,
      "net_income": -9400000,
      "opex": 160200000,
      "cogs": 14900000,
      "rd": 22700000,
      "sga": null,
      "fcf": 9900000,
      "ocf": 10200000,
      "capex": -300000,
      "gross_margin": 0.901062416998672,
      "op_margin": -0.06374501992031872,
      "fcf_margin": 0.06573705179282868,
      "incr_op_margin_yoy": -0.7397260273972602,
      "rev_growth_yoy": 0.050942079553384506,
      "rev_growth_yoy_accel": 0.09634302294961092,
      "fcf_margin_change": -0.07447295438382356
    },
    {
      "date": "2024-09-30T00:00:00",
      "quarter_label": "2024-09 (Q3)",
      "revenue": 191300000,
      "gross_profit": 173600000,
      "operating_income": 6600000,
      "net_income": 100000,
      "opex": 184700000,
      "cogs": 17700000,
      "rd": 23000000,
      "sga": null,
      "fcf": 28900000,
      "ocf": 29000000,
      "capex": -100000,
      "gross_margin": 0.9074751698902248,
      "op_margin": 0.03450078410872975,
      "fcf_margin": 0.15107161526398327,
      "incr_op_margin_yoy": 0.06753246753246753,
      "rev_growth_yoy": 0.2519633507853403,
      "rev_growth_yoy_accel": 0.20102127123195582,
      "op_leverage_ratio": 1.7671192779900802,
      "fcf_margin_change": 0.08533456347115459
    },
    {
      "date": "2024-12-31T00:00:00",
      "quarter_label": "2024-12 (Q4)",
      "revenue": 183800000,
      "gross_profit": 167100000,
      "operating_income": 8700000,
      "net_income": 38600000,
      "opex": 175100000,
      "cogs": 16700000,
      "rd": 16100000,
      "sga": null,
      "fcf": 9700000,
      "ocf": 9900000,
      "capex": -200000,
      "gross_margin": 0.9091403699673558,
      "op_margin": 0.04733405875952122,
      "fcf_margin": 0.05277475516866159,
      "incr_op_margin_yoy": 0.08183632734530938,
      "rev_growth_yoy": 0.37471952131638,
      "rev_growth_yoy_accel": 0.12275617053103965,
      "fcf_margin_change": -0.09829686009532168
    },
    {
      "date": "2025-03-31T00:00:00",
      "quarter_label": "2025-03 (Q1)",
      "revenue": 209200000,
      "gross_profit": 191000000,
      "operating_income": 700000,
      "net_income": 200000,
      "opex": 208500000,
      "cogs": 18200000,
      "rd": 16800000,
      "sga": null,
      "fcf": 26500000,
      "ocf": 26700000,
      "capex": -200000,
      "gross_margin": 0.9130019120458891,
      "op_margin": 0.0033460803059273425,
      "fcf_margin": 0.12667304015296368,
      "incr_op_margin_yoy": -0.06342494714587738,
      "rev_growth_yoy": 0.29215565163681284,
      "rev_growth_yoy_accel": -0.08256386967956714,
      "op_leverage_ratio": 0.7244824822607233,
      "fcf_margin_change": 0.07389828498430209
    },
    {
      "date": "2025-06-30T00:00:00",
      "quarter_label": "2025-06 (Q2)",
      "revenue": 186900000,
      "gross_profit": 170300000,
      "operating_income": 10700000,
      "net_income": 8200000,
      "opex": 176200000,
      "cogs": 16600000,
      "rd": 17900000,
      "sga": null,
      "fcf": 16800000,
      "ocf": 17500000,
      "capex": -700000,
      "gross_margin": 0.9111824505082932,
      "op_margin": 0.057249866238630286,
      "fcf_margin": 0.0898876404494382,
      "incr_op_margin_yoy": 0.559228650137741,
      "rev_growth_yoy": 0.2410358565737052,
      "rev_growth_yoy_accel": -0.051119795063107654,
      "fcf_margin_change": -0.036785399703525484
    },
    {
      "date": "2025-09-30T00:00:00",
      "quarter_label": "2025-09 (Q3)",
      "revenue": 215100000,
      "gross_profit": 199800000,
      "operating_income": 34400000,
      "net_income": 26300000,
      "opex": 180700000,
      "cogs": 15300000,
      "rd": 15700000,
      "sga": null,
      "fcf": 48400000,
      "ocf": 48500000,
      "capex": -100000,
      "gross_margin": 0.9288702928870293,
      "op_margin": 0.1599256159925616,
      "fcf_margin": 0.22501162250116225,
      "incr_op_margin_yoy": 1.1680672268907564,
      "rev_growth_yoy": 0.1244119184526921,
      "rev_growth_yoy_accel": -0.11662393812101308,
      "op_leverage_ratio": 5.907900838237917,
      "fcf_margin_change": 0.13512398205172405
    }
  ],
  "signals": [
    {
      "quarter": "2025-09 (Q3)",
      "signal": "FCF MARGIN EXPANSION",
      "detail": "FCF margin: +9.0% -> +22.5% (+13.5%)",
      "severity": "MEDIUM"
    },
    {
      "quarter": "2025-09 (Q3)",
      "signal": "OPERATING LEVERAGE",
      "detail": "Rev growth +15.1% vs OpEx growth +2.6% (leverage: 5.9x)",
      "severity": "MEDIUM"
    },
    {
      "quarter": "2025-09 (Q3)",
      "signal": "YoY REVENUE GROWTH DECELERATION",
      "detail": "YoY growth: +12.4% vs prior quarter YoY: +24.1% (decel: -11.7%)",
      "severity": "WARNING"
    },
    {
      "quarter": "2025-09 (Q3)",
      "signal": "INCREMENTAL MARGIN (YoY)",
      "detail": "YoY Incr OPM: +116.8% vs year-ago OPM: +3.5%",
      "severity": "HIGH"
    },
    {
      "quarter": "2025-06 (Q2)",
      "signal": "YoY REVENUE GROWTH DECELERATION",
      "detail": "YoY growth: +24.1% vs prior quarter YoY: +29.2% (decel: -5.1%)",
      "severity": "WARNING"
    },
    {
      "quarter": "2025-06 (Q2)",
      "signal": "OP MARGIN TURNED POSITIVE (YoY)",
      "detail": "Op margin: -6.4% (year-ago) -> +5.7%",
      "severity": "HIGH"
    },
    {
      "quarter": "2025-03 (Q1)",
      "signal": "FCF MARGIN EXPANSION",
      "detail": "FCF margin: +5.3% -> +12.7% (+7.4%)",
      "severity": "MEDIUM"
    },
    {
      "quarter": "2025-03 (Q1)",
      "signal": "YoY REVENUE GROWTH DECELERATION",
      "detail": "YoY growth: +29.2% vs prior quarter YoY: +37.5% (decel: -8.3%)",
      "severity": "WARNING"
    },
    {
      "quarter": "2024-12 (Q4)",
      "signal": "YoY REVENUE GROWTH ACCELERATION",
      "detail": "YoY growth: +37.5% vs prior quarter YoY: +25.2% (accel: +12.3%)",
      "severity": "MEDIUM"
    },
    {
      "quarter": "2024-09 (Q3)",
      "signal": "FCF MARGIN EXPANSION",
      "detail": "FCF margin: +6.6% -> +15.1% (+8.5%)",
      "severity": "MEDIUM"
    },
    {
      "quarter": "2024-09 (Q3)",
      "signal": "OPERATING LEVERAGE",
      "detail": "Rev growth +27.0% vs OpEx growth +15.3% (leverage: 1.8x)",
      "severity": "MEDIUM"
    },
    {
      "quarter": "2024-09 (Q3)",
      "signal": "YoY REVENUE GROWTH ACCELERATION",
      "detail": "YoY growth: +25.2% vs prior quarter YoY: +5.1% (accel: +20.1%)",
      "severity": "HIGH"
    },
    {
      "quarter": "2024-09 (Q3)",
      "signal": "OP MARGIN TURNED POSITIVE (QoQ)",
      "detail": "Op margin: -6.4% -> +3.5%",
      "severity": "HIGH"
    },
    {
      "quarter": "2024-06 (Q2)",
      "signal": "YoY REVENUE GROWTH ACCELERATION",
      "detail": "YoY growth: +5.1% vs prior quarter YoY: -4.5% (accel: +9.6%)",
      "severity": "MEDIUM"
    },
    {
      "quarter": "2024-03 (Q1)",
      "signal": "OP MARGIN TURNED POSITIVE (YoY)",
      "detail": "Op margin: -0.5% (year-ago) -> +2.3%",
      "severity": "HIGH"
    },
    {
      "quarter": "2023-12 (Q4)",
      "signal": "YoY REVENUE GROWTH DECELERATION",
      "detail": "YoY growth: -5.8% vs prior quarter YoY: +7.2% (decel: -13.0%)",
      "severity": "WARNING"
    },
    {
      "quarter": "2023-12 (Q4)",
      "signal": "INCREMENTAL MARGIN (YoY)",
      "detail": "YoY Incr OPM: +39.8% vs year-ago OPM: +5.6%",
      "severity": "HIGH"
    },
    {
      "quarter": "2023-09 (Q3)",
      "signal": "FCF TURNED POSITIVE",
      "detail": "FCF margin: -7.0% -> +23.6%",
      "severity": "HIGH"
    },
    {
      "quarter": "2023-09 (Q3)",
      "signal": "OPERATING LEVERAGE",
      "detail": "Rev growth +6.6% vs OpEx growth +0.9% (leverage: 7.5x)",
      "severity": "MEDIUM"
    },
    {
      "quarter": "2023-09 (Q3)",
      "signal": "YoY REVENUE GROWTH DECELERATION",
      "detail": "YoY growth: +7.2% vs prior quarter YoY: +14.5% (decel: -7.3%)",
      "severity": "WARNING"
    },
    {
      "quarter": "2023-09 (Q3)",
      "signal": "OP MARGIN TURNED POSITIVE (YoY)",
      "detail": "Op margin: -6.2% (year-ago) -> +2.6%",
      "severity": "HIGH"
    },
    {
      "quarter": "2023-09 (Q3)",
      "signal": "OP MARGIN TURNED POSITIVE (QoQ)",
      "detail": "Op margin: -2.9% -> +2.6%",
      "severity": "HIGH"
    },
    {
      "quarter": "2023-06 (Q2)",
      "signal": "YoY REVENUE GROWTH DECELERATION",
      "detail": "YoY growth: +14.5% vs prior quarter YoY: +31.4% (decel: -16.9%)",
      "severity": "WARNING"
    },
    {
      "quarter": "2023-03 (Q1)",
      "signal": "YoY REVENUE GROWTH DECELERATION",
      "detail": "YoY growth: +31.4% vs prior quarter YoY: +42.7% (decel: -11.3%)",
      "severity": "WARNING"
    },
    {
      "quarter": "2022-12 (Q4)",
      "signal": "OP MARGIN TURNED POSITIVE (YoY)",
      "detail": "Op margin: -9.4% (year-ago) -> +5.6%",
      "severity": "HIGH"
    },
    {
      "quarter": "2022-12 (Q4)",
      "signal": "OP MARGIN TURNED POSITIVE (QoQ)",
      "detail": "Op margin: -6.2% -> +5.6%",
      "severity": "HIGH"
    },
    {
      "quarter": "2022-09 (Q3)",
      "signal": "FCF TURNED POSITIVE",
      "detail": "FCF margin: -13.6% -> +12.6%",
      "severity": "HIGH"
    },
    {
      "quarter": "2022-09 (Q3)",
      "signal": "YoY REVENUE GROWTH ACCELERATION",
      "detail": "YoY growth: +44.8% vs prior quarter YoY: +36.7% (accel: +8.1%)",
      "severity": "MEDIUM"
    },
    {
      "quarter": "2022-06 (Q2)",
      "signal": "YoY REVENUE GROWTH DECELERATION",
      "detail": "YoY growth: +36.7% vs prior quarter YoY: +43.4% (decel: -6.8%)",
      "severity": "WARNING"
    },
    {
      "quarter": "2021-09 (Q3)",
      "signal": "FCF TURNED POSITIVE",
      "detail": "FCF margin: -16.0% -> +16.5%",
      "severity": "HIGH"
    },
    {
      "quarter": "2021-09 (Q3)",
      "signal": "OP MARGIN TURNED POSITIVE (QoQ)",
      "detail": "Op margin: -24.8% -> +6.4%",
      "severity": "HIGH"
    }
  ],
  "data_quality": {
    "n_quarters": 19,
    "coverage": {
      "revenue": [
        19,
        19
      ],
      "gross_profit": [
        19,
        19
      ],
      "op_income": [
        19,
        19
      ],
      "fcf": [
        19,
        19
      ]
    },
    "gaps": [],
    "warnings": []
  },
  "market_cap": null,
  "source": "SEC EDGAR",
  "last_updated": "2026-02-02T22:03:24.603135"
}