{
  "ticker": "NRG",
  "name": "NRG ENERGY, INC.",
  "quarters": [
    {
      "date": "2020-12-31T00:00:00",
      "quarter_label": "2020-12 (Q4)",
      "revenue": 2027000000,
      "gross_profit": 412000000,
      "operating_income": -16000000,
      "net_income": -173000000,
      "opex": 2040000000,
      "cogs": 1615000000,
      "rd": 2000000,
      "sga": 263000000,
      "fcf": 388000000,
      "ocf": 451000000,
      "capex": -63000000,
      "gross_margin": 0.20325604341391218,
      "op_margin": -0.007893438579181056,
      "fcf_margin": 0.1914158855451406
    },
    {
      "date": "2021-03-31T00:00:00",
      "quarter_label": "2021-03 (Q1)",
      "revenue": 8091000000,
      "gross_profit": 1227000000,
      "operating_income": -56000000,
      "net_income": -82000000,
      "opex": 8164000000,
      "cogs": 6864000000,
      "rd": null,
      "sga": 330000000,
      "fcf": -980000000,
      "ocf": -917000000,
      "capex": -63000000,
      "gross_margin": 0.15164998146088246,
      "op_margin": -0.006921270547521938,
      "fcf_margin": -0.12112223458163392,
      "op_leverage_ratio": 0.9965530652971302,
      "fcf_margin_change": -0.3125381201267745
    },
    {
      "date": "2021-06-30T00:00:00",
      "quarter_label": "2021-06 (Q2)",
      "revenue": 5243000000,
      "gross_profit": 2286000000,
      "operating_income": 1557000000,
      "net_income": 1078000000,
      "opex": 3686000000,
      "cogs": 2957000000,
      "rd": null,
      "sga": 308000000,
      "fcf": 1214000000,
      "ocf": 1294000000,
      "capex": -80000000,
      "gross_margin": 0.43600991798588595,
      "op_margin": 0.2969673850848751,
      "fcf_margin": 0.23154682433721152,
      "fcf_margin_change": 0.3526690589188454
    },
    {
      "date": "2021-09-30T00:00:00",
      "quarter_label": "2021-09 (Q3)",
      "revenue": 6609000000,
      "gross_profit": 2917000000,
      "operating_income": 2319000000,
      "net_income": 1618000000,
      "opex": 4290000000,
      "cogs": 3692000000,
      "rd": null,
      "sga": 318000000,
      "fcf": 1402000000,
      "ocf": 1478000000,
      "capex": -76000000,
      "gross_margin": 0.4413678317445907,
      "op_margin": 0.35088515660463004,
      "fcf_margin": 0.2121349674686034,
      "op_leverage_ratio": 1.5899711125398355,
      "fcf_margin_change": -0.019411856868608107
    },
    {
      "date": "2021-12-31T00:00:00",
      "quarter_label": "2021-12 (Q4)",
      "revenue": 7046000000,
      "gross_profit": 60000000,
      "operating_income": -479000000,
      "net_income": -427000000,
      "opex": 7755000000,
      "cogs": 6986000000,
      "rd": null,
      "sga": 320000000,
      "fcf": -1412000000,
      "ocf": -1362000000,
      "capex": -50000000,
      "gross_margin": 0.008515469770082317,
      "op_margin": -0.0679818336644905,
      "fcf_margin": -0.2003973885892705,
      "incr_op_margin_yoy": -0.09224945208208807,
      "rev_growth_yoy": 2.4760730143068574,
      "op_leverage_ratio": 0.08186527750758345,
      "fcf_margin_change": -0.4125323560578739
    },
    {
      "date": "2022-03-31T00:00:00",
      "quarter_label": "2022-03 (Q1)",
      "revenue": 7896000000,
      "gross_profit": 2966000000,
      "operating_income": 2425000000,
      "net_income": 1736000000,
      "opex": 5468000000,
      "cogs": 4930000000,
      "rd": null,
      "sga": 322000000,
      "fcf": 1616000000,
      "ocf": 1676000000,
      "capex": -60000000,
      "gross_margin": 0.37563323201621074,
      "op_margin": 0.3071175278622087,
      "fcf_margin": 0.20466058763931105,
      "incr_op_margin_yoy": -12.723076923076922,
      "rev_growth_yoy": -0.024100852799406748,
      "rev_growth_yoy_accel": -2.5001738671062643,
      "op_leverage_ratio": Infinity,
      "fcf_margin_change": 0.40505797622858153
    },
    {
      "date": "2022-06-30T00:00:00",
      "quarter_label": "2022-06 (Q2)",
      "revenue": 7282000000,
      "gross_profit": 1395000000,
      "operating_income": 754000000,
      "net_income": 513000000,
      "opex": 6560000000,
      "cogs": 5887000000,
      "rd": null,
      "sga": 325000000,
      "fcf": 1423000000,
      "ocf": 1513000000,
      "capex": -90000000,
      "gross_margin": 0.1915682504806372,
      "op_margin": 0.10354298269706125,
      "fcf_margin": 0.19541334798132382,
      "incr_op_margin_yoy": -0.39382050024521825,
      "rev_growth_yoy": 0.3888994850276559,
      "rev_growth_yoy_accel": 0.4130003378270627,
      "fcf_margin_change": -0.009247239657987238
    },
    {
      "date": "2022-09-30T00:00:00",
      "quarter_label": "2022-09 (Q3)",
      "revenue": 8510000000,
      "gross_profit": 708000000,
      "operating_income": 156000000,
      "net_income": 67000000,
      "opex": 8376000000,
      "cogs": 7802000000,
      "rd": null,
      "sga": 326000000,
      "fcf": -1531000000,
      "ocf": -1431000000,
      "capex": -100000000,
      "gross_margin": 0.08319623971797885,
      "op_margin": 0.018331374853113983,
      "fcf_margin": -0.1799059929494712,
      "incr_op_margin_yoy": -1.1378221988427144,
      "rev_growth_yoy": 0.28763806929944014,
      "rev_growth_yoy_accel": -0.10126141572821579,
      "op_leverage_ratio": 0.6091660445707053,
      "fcf_margin_change": -0.375319340930795
    },
    {
      "date": "2022-12-31T00:00:00",
      "quarter_label": "2022-12 (Q4)",
      "revenue": 7855000000,
      "gross_profit": -972000000,
      "operating_income": -1317000000,
      "net_income": -1095000000,
      "opex": 9173000000,
      "cogs": 8827000000,
      "rd": null,
      "sga": 255000000,
      "fcf": -1515000000,
      "ocf": -1398000000,
      "capex": -117000000,
      "gross_margin": -0.12374283895607893,
      "op_margin": -0.1676639083386378,
      "fcf_margin": -0.19287078294080204,
      "incr_op_margin_yoy": -1.0358467243510507,
      "rev_growth_yoy": 0.11481691739994324,
      "rev_growth_yoy_accel": -0.1728211518994969,
      "fcf_margin_change": -0.012964789991330827
    },
    {
      "date": "2023-03-31T00:00:00",
      "quarter_label": "2023-03 (Q1)",
      "revenue": 7722000000,
      "gross_profit": -1056000000,
      "operating_income": -1544000000,
      "net_income": -1335000000,
      "opex": 9465000000,
      "cogs": 8778000000,
      "rd": null,
      "sga": 426000000,
      "fcf": -1740000000,
      "ocf": -1598000000,
      "capex": -142000000,
      "gross_margin": -0.13675213675213677,
      "op_margin": -0.19994819994819996,
      "fcf_margin": -0.22533022533022534,
      "incr_op_margin_yoy": 22.810344827586206,
      "rev_growth_yoy": -0.022036474164133738,
      "rev_growth_yoy_accel": -0.13685339156407697,
      "fcf_margin_change": -0.032459442389423304
    },
    {
      "date": "2023-06-30T00:00:00",
      "quarter_label": "2023-06 (Q2)",
      "revenue": 6348000000,
      "gross_profit": 1386000000,
      "operating_income": 530000000,
      "net_income": 308000000,
      "opex": 5821000000,
      "cogs": 4962000000,
      "rd": null,
      "sga": 522000000,
      "fcf": 388000000,
      "ocf": 570000000,
      "capex": -182000000,
      "gross_margin": 0.21833648393194707,
      "op_margin": 0.08349086326402017,
      "fcf_margin": 0.06112161310649023,
      "incr_op_margin_yoy": 0.2398286937901499,
      "rev_growth_yoy": -0.1282614666300467,
      "rev_growth_yoy_accel": -0.10622499246591297,
      "fcf_margin_change": 0.28645183843671557
    },
    {
      "date": "2023-09-30T00:00:00",
      "quarter_label": "2023-09 (Q3)",
      "revenue": 7946000000,
      "gross_profit": 1525000000,
      "operating_income": 561000000,
      "net_income": 343000000,
      "opex": 7385000000,
      "cogs": 6421000000,
      "rd": null,
      "sga": 638000000,
      "fcf": 397000000,
      "ocf": 566000000,
      "capex": -169000000,
      "gross_margin": 0.19192046312610117,
      "op_margin": 0.07060156053360181,
      "fcf_margin": 0.04996224515479487,
      "incr_op_margin_yoy": -0.7180851063829787,
      "rev_growth_yoy": -0.0662749706227967,
      "rev_growth_yoy_accel": 0.061986496007249994,
      "op_leverage_ratio": 0.9369161118873456,
      "fcf_margin_change": -0.011159367951695365
    },
    {
      "date": "2023-12-31T00:00:00",
      "quarter_label": "2023-12 (Q4)",
      "revenue": 6807000000,
      "gross_profit": 442000000,
      "operating_income": 837000000,
      "net_income": 482000000,
      "opex": 7346000000,
      "cogs": 6365000000,
      "rd": null,
      "sga": 382000000,
      "fcf": 136000000,
      "ocf": 241000000,
      "capex": -105000000,
      "gross_margin": 0.06493315704421919,
      "op_margin": 0.12296165711767298,
      "fcf_margin": 0.019979432936682827,
      "incr_op_margin_yoy": -2.0553435114503817,
      "rev_growth_yoy": -0.13341820496499046,
      "rev_growth_yoy_accel": -0.06714323434219376,
      "fcf_margin_change": -0.02998281221811204
    },
    {
      "date": "2024-03-31T00:00:00",
      "quarter_label": "2024-03 (Q1)",
      "revenue": 7429000000,
      "gross_profit": 1744000000,
      "operating_income": 872000000,
      "net_income": 511000000,
      "opex": 6553000000,
      "cogs": 5685000000,
      "rd": null,
      "sga": 591000000,
      "fcf": 198000000,
      "ocf": 267000000,
      "capex": -69000000,
      "gross_margin": 0.23475568717189393,
      "op_margin": 0.11737784358594697,
      "fcf_margin": 0.02665230852066227,
      "incr_op_margin_yoy": -8.245733788395905,
      "rev_growth_yoy": -0.03794353794353794,
      "rev_growth_yoy_accel": 0.09547466702145252,
      "op_leverage_ratio": Infinity,
      "fcf_margin_change": 0.006672875583979443
    },
    {
      "date": "2024-06-30T00:00:00",
      "quarter_label": "2024-06 (Q2)",
      "revenue": 6659000000,
      "gross_profit": 2303000000,
      "operating_income": 1410000000,
      "net_income": 738000000,
      "opex": 5254000000,
      "cogs": 4356000000,
      "rd": null,
      "sga": 592000000,
      "fcf": 953000000,
      "ocf": 1056000000,
      "capex": -103000000,
      "gross_margin": 0.34584772488361615,
      "op_margin": 0.2117435050307854,
      "fcf_margin": 0.14311458176903438,
      "incr_op_margin_yoy": 2.829581993569132,
      "rev_growth_yoy": 0.04899180844360428,
      "rev_growth_yoy_accel": 0.08693534638714223,
      "fcf_margin_change": 0.1164622732483721
    },
    {
      "date": "2024-09-30T00:00:00",
      "quarter_label": "2024-09 (Q3)",
      "revenue": 7223000000,
      "gross_profit": -16000000,
      "operating_income": -812000000,
      "net_income": -767000000,
      "opex": 8243000000,
      "cogs": 7239000000,
      "rd": null,
      "sga": 645000000,
      "fcf": -83000000,
      "ocf": 31000000,
      "capex": -114000000,
      "gross_margin": -0.00221514606119341,
      "op_margin": -0.11241866260556556,
      "fcf_margin": -0.011491070192440814,
      "incr_op_margin_yoy": 1.8990318118948823,
      "rev_growth_yoy": -0.09098917694437453,
      "rev_growth_yoy_accel": -0.13998098538797882,
      "op_leverage_ratio": 0.14887927406246187,
      "fcf_margin_change": -0.1546056519614752
    },
    {
      "date": "2024-12-31T00:00:00",
      "quarter_label": "2024-12 (Q4)",
      "revenue": 6819000000,
      "gross_profit": 1948000000,
      "operating_income": 954000000,
      "net_income": 643000000,
      "opex": 5864000000,
      "cogs": 4871000000,
      "rd": null,
      "sga": 292000000,
      "fcf": 766000000,
      "ocf": 952000000,
      "capex": -186000000,
      "gross_margin": 0.285672385980349,
      "op_margin": 0.13990321161460625,
      "fcf_margin": 0.11233318668426455,
      "incr_op_margin_yoy": 9.75,
      "rev_growth_yoy": 0.0017628911414720142,
      "rev_growth_yoy_accel": 0.09275206808584655,
      "fcf_margin_change": 0.12382425687670537
    },
    {
      "date": "2025-03-31T00:00:00",
      "quarter_label": "2025-03 (Q1)",
      "revenue": 8585000000,
      "gross_profit": 2024000000,
      "operating_income": 1134000000,
      "net_income": 750000000,
      "opex": 7444000000,
      "cogs": 6561000000,
      "rd": null,
      "sga": 549000000,
      "fcf": 638000000,
      "ocf": 855000000,
      "capex": -217000000,
      "gross_margin": 0.2357600465928946,
      "op_margin": 0.13209085614443797,
      "fcf_margin": 0.07431566686080372,
      "incr_op_margin_yoy": 0.22664359861591696,
      "rev_growth_yoy": 0.15560640732265446,
      "rev_growth_yoy_accel": 0.15384351618118244,
      "op_leverage_ratio": 0.9611847759703435,
      "fcf_margin_change": -0.03801751982346083
    },
    {
      "date": "2025-06-30T00:00:00",
      "quarter_label": "2025-06 (Q2)",
      "revenue": 6740000000,
      "gross_profit": 1111000000,
      "operating_income": 0,
      "net_income": -104000000,
      "opex": 6740000000,
      "cogs": 5629000000,
      "rd": null,
      "sga": 724000000,
      "fcf": 73000000,
      "ocf": 451000000,
      "capex": -378000000,
      "gross_margin": 0.16483679525222553,
      "op_margin": 0.0,
      "fcf_margin": 0.01083086053412463,
      "incr_op_margin_yoy": -17.40740740740741,
      "rev_growth_yoy": 0.012163988586874907,
      "rev_growth_yoy_accel": -0.14344241873577956,
      "fcf_margin_change": -0.06348480632667909
    },
    {
      "date": "2025-09-30T00:00:00",
      "quarter_label": "2025-09 (Q3)",
      "revenue": 7635000000,
      "gross_profit": 1394000000,
      "operating_income": 414000000,
      "net_income": 152000000,
      "opex": 7221000000,
      "cogs": 6241000000,
      "rd": null,
      "sga": 612000000,
      "fcf": 230000000,
      "ocf": 484000000,
      "capex": -254000000,
      "gross_margin": 0.18258022265880813,
      "op_margin": 0.05422396856581532,
      "fcf_margin": 0.030124426981008513,
      "incr_op_margin_yoy": 2.9757281553398056,
      "rev_growth_yoy": 0.057040011075730306,
      "rev_growth_yoy_accel": 0.0448760224888554,
      "op_leverage_ratio": 1.8607068607068609,
      "fcf_margin_change": 0.019293566446883882
    }
  ],
  "signals": [
    {
      "quarter": "2025-09 (Q3)",
      "signal": "OPERATING LEVERAGE",
      "detail": "Rev growth +13.3% vs OpEx growth +7.1% (leverage: 1.9x)",
      "severity": "MEDIUM"
    },
    {
      "quarter": "2025-09 (Q3)",
      "signal": "OP MARGIN TURNED POSITIVE (YoY)",
      "detail": "Op margin: -11.2% (year-ago) -> +5.4%",
      "severity": "HIGH"
    },
    {
      "quarter": "2025-06 (Q2)",
      "signal": "YoY REVENUE GROWTH DECELERATION",
      "detail": "YoY growth: +1.2% vs prior quarter YoY: +15.6% (decel: -14.3%)",
      "severity": "WARNING"
    },
    {
      "quarter": "2025-03 (Q1)",
      "signal": "YoY REVENUE GROWTH ACCELERATION",
      "detail": "YoY growth: +15.6% vs prior quarter YoY: +0.2% (accel: +15.4%)",
      "severity": "HIGH"
    },
    {
      "quarter": "2025-03 (Q1)",
      "signal": "INCREMENTAL MARGIN (YoY)",
      "detail": "YoY Incr OPM: +22.7% vs year-ago OPM: +11.7%",
      "severity": "MEDIUM"
    },
    {
      "quarter": "2024-12 (Q4)",
      "signal": "FCF TURNED POSITIVE",
      "detail": "FCF margin: -1.1% -> +11.2%",
      "severity": "HIGH"
    },
    {
      "quarter": "2024-12 (Q4)",
      "signal": "GROSS MARGIN INFLECTION",
      "detail": "GM: +34.6% -> -0.2% -> +28.6% (reversal +28.8%)",
      "severity": "HIGH"
    },
    {
      "quarter": "2024-12 (Q4)",
      "signal": "YoY REVENUE GROWTH ACCELERATION",
      "detail": "YoY growth: +0.2% vs prior quarter YoY: -9.1% (accel: +9.3%)",
      "severity": "MEDIUM"
    },
    {
      "quarter": "2024-12 (Q4)",
      "signal": "INCREMENTAL MARGIN (YoY)",
      "detail": "YoY Incr OPM: +975.0% vs year-ago OPM: +12.3%",
      "severity": "HIGH"
    },
    {
      "quarter": "2024-12 (Q4)",
      "signal": "OP MARGIN TURNED POSITIVE (QoQ)",
      "detail": "Op margin: -11.2% -> +14.0%",
      "severity": "HIGH"
    },
    {
      "quarter": "2024-09 (Q3)",
      "signal": "YoY REVENUE GROWTH DECELERATION",
      "detail": "YoY growth: -9.1% vs prior quarter YoY: +4.9% (decel: -14.0%)",
      "severity": "WARNING"
    },
    {
      "quarter": "2024-06 (Q2)",
      "signal": "FCF MARGIN EXPANSION",
      "detail": "FCF margin: +2.7% -> +14.3% (+11.6%)",
      "severity": "MEDIUM"
    },
    {
      "quarter": "2024-06 (Q2)",
      "signal": "YoY REVENUE GROWTH ACCELERATION",
      "detail": "YoY growth: +4.9% vs prior quarter YoY: -3.8% (accel: +8.7%)",
      "severity": "MEDIUM"
    },
    {
      "quarter": "2024-06 (Q2)",
      "signal": "INCREMENTAL MARGIN (YoY)",
      "detail": "YoY Incr OPM: +283.0% vs year-ago OPM: +8.3%",
      "severity": "HIGH"
    },
    {
      "quarter": "2024-03 (Q1)",
      "signal": "GROSS MARGIN INFLECTION",
      "detail": "GM: +19.2% -> +6.5% -> +23.5% (reversal +17.0%)",
      "severity": "HIGH"
    },
    {
      "quarter": "2024-03 (Q1)",
      "signal": "YoY REVENUE GROWTH ACCELERATION",
      "detail": "YoY growth: -3.8% vs prior quarter YoY: -13.3% (accel: +9.5%)",
      "severity": "MEDIUM"
    },
    {
      "quarter": "2024-03 (Q1)",
      "signal": "OP MARGIN TURNED POSITIVE (YoY)",
      "detail": "Op margin: -20.0% (year-ago) -> +11.7%",
      "severity": "HIGH"
    },
    {
      "quarter": "2023-12 (Q4)",
      "signal": "YoY REVENUE GROWTH DECELERATION",
      "detail": "YoY growth: -13.3% vs prior quarter YoY: -6.6% (decel: -6.7%)",
      "severity": "WARNING"
    },
    {
      "quarter": "2023-12 (Q4)",
      "signal": "OP MARGIN TURNED POSITIVE (YoY)",
      "detail": "Op margin: -16.8% (year-ago) -> +12.3%",
      "severity": "HIGH"
    },
    {
      "quarter": "2023-09 (Q3)",
      "signal": "YoY REVENUE GROWTH ACCELERATION",
      "detail": "YoY growth: -6.6% vs prior quarter YoY: -12.8% (accel: +6.2%)",
      "severity": "MEDIUM"
    },
    {
      "quarter": "2023-06 (Q2)",
      "signal": "FCF TURNED POSITIVE",
      "detail": "FCF margin: -22.5% -> +6.1%",
      "severity": "HIGH"
    },
    {
      "quarter": "2023-06 (Q2)",
      "signal": "GROSS MARGIN INFLECTION",
      "detail": "GM: -12.4% -> -13.7% -> +21.8% (reversal +35.5%)",
      "severity": "HIGH"
    },
    {
      "quarter": "2023-06 (Q2)",
      "signal": "YoY REVENUE GROWTH DECELERATION",
      "detail": "YoY growth: -12.8% vs prior quarter YoY: -2.2% (decel: -10.6%)",
      "severity": "WARNING"
    },
    {
      "quarter": "2023-06 (Q2)",
      "signal": "INCREMENTAL MARGIN (YoY)",
      "detail": "YoY Incr OPM: +24.0% vs year-ago OPM: +10.4%",
      "severity": "MEDIUM"
    },
    {
      "quarter": "2023-06 (Q2)",
      "signal": "OP MARGIN TURNED POSITIVE (QoQ)",
      "detail": "Op margin: -20.0% -> +8.3%",
      "severity": "HIGH"
    },
    {
      "quarter": "2023-03 (Q1)",
      "signal": "YoY REVENUE GROWTH DECELERATION",
      "detail": "YoY growth: -2.2% vs prior quarter YoY: +11.5% (decel: -13.7%)",
      "severity": "WARNING"
    },
    {
      "quarter": "2022-12 (Q4)",
      "signal": "YoY REVENUE GROWTH DECELERATION",
      "detail": "YoY growth: +11.5% vs prior quarter YoY: +28.8% (decel: -17.3%)",
      "severity": "WARNING"
    },
    {
      "quarter": "2022-09 (Q3)",
      "signal": "YoY REVENUE GROWTH DECELERATION",
      "detail": "YoY growth: +28.8% vs prior quarter YoY: +38.9% (decel: -10.1%)",
      "severity": "WARNING"
    },
    {
      "quarter": "2022-06 (Q2)",
      "signal": "YoY REVENUE GROWTH ACCELERATION",
      "detail": "YoY growth: +38.9% vs prior quarter YoY: -2.4% (accel: +41.3%)",
      "severity": "HIGH"
    },
    {
      "quarter": "2022-03 (Q1)",
      "signal": "FCF TURNED POSITIVE",
      "detail": "FCF margin: -20.0% -> +20.5%",
      "severity": "HIGH"
    },
    {
      "quarter": "2022-03 (Q1)",
      "signal": "GROSS MARGIN INFLECTION",
      "detail": "GM: +44.1% -> +0.9% -> +37.6% (reversal +36.7%)",
      "severity": "HIGH"
    },
    {
      "quarter": "2022-03 (Q1)",
      "signal": "YoY REVENUE GROWTH DECELERATION",
      "detail": "YoY growth: -2.4% vs prior quarter YoY: +247.6% (decel: -250.0%)",
      "severity": "WARNING"
    },
    {
      "quarter": "2022-03 (Q1)",
      "signal": "OP MARGIN TURNED POSITIVE (YoY)",
      "detail": "Op margin: -0.7% (year-ago) -> +30.7%",
      "severity": "HIGH"
    },
    {
      "quarter": "2022-03 (Q1)",
      "signal": "OP MARGIN TURNED POSITIVE (QoQ)",
      "detail": "Op margin: -6.8% -> +30.7%",
      "severity": "HIGH"
    },
    {
      "quarter": "2021-09 (Q3)",
      "signal": "OPERATING LEVERAGE",
      "detail": "Rev growth +26.1% vs OpEx growth +16.4% (leverage: 1.6x)",
      "severity": "MEDIUM"
    },
    {
      "quarter": "2021-06 (Q2)",
      "signal": "FCF TURNED POSITIVE",
      "detail": "FCF margin: -12.1% -> +23.2%",
      "severity": "HIGH"
    },
    {
      "quarter": "2021-06 (Q2)",
      "signal": "GROSS MARGIN INFLECTION",
      "detail": "GM: +20.3% -> +15.2% -> +43.6% (reversal +28.4%)",
      "severity": "HIGH"
    },
    {
      "quarter": "2021-06 (Q2)",
      "signal": "OP MARGIN TURNED POSITIVE (QoQ)",
      "detail": "Op margin: -0.7% -> +29.7%",
      "severity": "HIGH"
    }
  ],
  "data_quality": {
    "n_quarters": 20,
    "coverage": {
      "revenue": [
        20,
        20
      ],
      "gross_profit": [
        20,
        20
      ],
      "op_income": [
        20,
        20
      ],
      "fcf": [
        20,
        20
      ]
    },
    "gaps": [],
    "warnings": []
  },
  "market_cap": null,
  "source": "SEC EDGAR",
  "last_updated": "2026-02-02T20:09:03.523928",
  "sector": "Utilities",
  "industry": "Utilities - Independent Power Producers"
}