{
  "ticker": "NRGV",
  "name": "ENERGY VAULT HOLDINGS, INC.",
  "quarters": [
    {
      "date": "2021-03-31T00:00:00",
      "quarter_label": "2021-03 (Q1)",
      "revenue": 0,
      "gross_profit": null,
      "operating_income": -186183,
      "net_income": -1628037,
      "opex": null,
      "cogs": null,
      "rd": 1021000,
      "sga": null,
      "fcf": -6007000,
      "ocf": -6004000,
      "capex": -3000,
      "gross_margin": null,
      "op_margin": null,
      "fcf_margin": null
    },
    {
      "date": "2021-06-30T00:00:00",
      "quarter_label": "2021-06 (Q2)",
      "revenue": 0,
      "gross_profit": null,
      "operating_income": -275512,
      "net_income": -6217,
      "opex": null,
      "cogs": null,
      "rd": 2202000,
      "sga": null,
      "fcf": -3008000,
      "ocf": -2938000,
      "capex": -70000,
      "gross_margin": null,
      "op_margin": null,
      "fcf_margin": null
    },
    {
      "date": "2021-09-30T00:00:00",
      "quarter_label": "2021-09 (Q3)",
      "revenue": 0,
      "gross_profit": null,
      "operating_income": -318126,
      "net_income": 1065381,
      "opex": null,
      "cogs": null,
      "rd": 1697000,
      "sga": null,
      "fcf": -5136000,
      "ocf": -5133000,
      "capex": -3000,
      "gross_margin": null,
      "op_margin": null,
      "fcf_margin": null
    },
    {
      "date": "2021-12-31T00:00:00",
      "quarter_label": "2021-12 (Q4)",
      "revenue": 0,
      "gross_profit": null,
      "operating_income": -467434,
      "net_income": -2769665,
      "opex": null,
      "cogs": null,
      "rd": 2991548,
      "sga": null,
      "fcf": -8085000,
      "ocf": -7991000,
      "capex": -94000,
      "gross_margin": null,
      "op_margin": null,
      "fcf_margin": null
    },
    {
      "date": "2022-03-31T00:00:00",
      "quarter_label": "2022-03 (Q1)",
      "revenue": 42884000,
      "gross_profit": 42884000,
      "operating_income": 20837000,
      "net_income": -20079000,
      "opex": 22047000,
      "cogs": 0,
      "rd": 9661000,
      "sga": null,
      "fcf": -16894000,
      "ocf": -16811000,
      "capex": -83000,
      "gross_margin": 1.0,
      "op_margin": 0.4858921742374778,
      "fcf_margin": -0.39394646021826324,
      "incr_op_margin_yoy": 0.4902337235332525
    },
    {
      "date": "2022-06-30T00:00:00",
      "quarter_label": "2022-06 (Q2)",
      "revenue": 977000,
      "gross_profit": 406000,
      "operating_income": -21974000,
      "net_income": -6178000,
      "opex": 22380000,
      "cogs": 571000,
      "rd": 9763000,
      "sga": null,
      "fcf": -10293000,
      "ocf": -10043000,
      "capex": -250000,
      "gross_margin": 0.4155578300921187,
      "op_margin": -22.491299897645856,
      "fcf_margin": -10.535312180143295,
      "fcf_margin_change": -10.141365719925032
    },
    {
      "date": "2022-09-30T00:00:00",
      "quarter_label": "2022-09 (Q3)",
      "revenue": 1694000,
      "gross_profit": 71000,
      "operating_income": -36206000,
      "net_income": -28765000,
      "opex": 36277000,
      "cogs": 1623000,
      "rd": 16731000,
      "sga": null,
      "fcf": -21287000,
      "ocf": -20941000,
      "capex": -346000,
      "gross_margin": 0.04191263282172373,
      "op_margin": -21.373081463990555,
      "fcf_margin": -12.566115702479339,
      "incr_op_margin_yoy": -21.185285714285715,
      "op_leverage_ratio": 1.1818534209389169,
      "fcf_margin_change": -2.0308035223360434
    },
    {
      "date": "2022-12-31T00:00:00",
      "quarter_label": "2022-12 (Q4)",
      "revenue": 100322000,
      "gross_profit": 15936000,
      "operating_income": -25740000,
      "net_income": -23277000,
      "opex": 41676000,
      "cogs": 84386000,
      "rd": 13903000,
      "sga": null,
      "fcf": 22809000,
      "ocf": 24449000,
      "capex": -1640000,
      "gross_margin": 0.1588485078048683,
      "op_margin": -0.2565738322601224,
      "fcf_margin": 0.22735790753772853,
      "incr_op_margin_yoy": -0.25191449532505333,
      "op_leverage_ratio": 391.2054154066311,
      "fcf_margin_change": 12.793473610017067
    },
    {
      "date": "2023-03-31T00:00:00",
      "quarter_label": "2023-03 (Q1)",
      "revenue": 11422000,
      "gross_profit": 2419000,
      "operating_income": -32942000,
      "net_income": -31167000,
      "opex": 35361000,
      "cogs": 9003000,
      "rd": 11241000,
      "sga": null,
      "fcf": -82407000,
      "ocf": -70772000,
      "capex": -11635000,
      "gross_margin": 0.21178427595867624,
      "op_margin": -2.8840833479250567,
      "fcf_margin": -7.214760987567852,
      "incr_op_margin_yoy": 1.7093318924416756,
      "rev_growth_yoy": -0.7336535770916892,
      "fcf_margin_change": -7.44211889510558
    },
    {
      "date": "2023-06-30T00:00:00",
      "quarter_label": "2023-06 (Q2)",
      "revenue": 39680000,
      "gross_profit": 3947000,
      "operating_income": -28361000,
      "net_income": -26162000,
      "opex": 32308000,
      "cogs": 35733000,
      "rd": 10218000,
      "sga": null,
      "fcf": -28234000,
      "ocf": -21052000,
      "capex": -7182000,
      "gross_margin": 0.09947076612903226,
      "op_margin": -0.7147429435483871,
      "fcf_margin": -0.7115423387096774,
      "incr_op_margin_yoy": -0.16502596697930394,
      "rev_growth_yoy": 39.61412487205732,
      "rev_growth_yoy_accel": 40.347778449149004,
      "op_leverage_ratio": Infinity,
      "fcf_margin_change": 6.503218648858174
    },
    {
      "date": "2023-09-30T00:00:00",
      "quarter_label": "2023-09 (Q3)",
      "revenue": 172205000,
      "gross_profit": 7148000,
      "operating_income": -21236000,
      "net_income": -18942000,
      "opex": 28384000,
      "cogs": 165057000,
      "rd": 8156000,
      "sga": null,
      "fcf": -32591000,
      "ocf": -24226000,
      "capex": -8365000,
      "gross_margin": 0.04150866699573183,
      "op_margin": -0.12331813826543944,
      "fcf_margin": -0.18925699021515055,
      "incr_op_margin_yoy": 0.08779492232172705,
      "rev_growth_yoy": 100.65584415584415,
      "rev_growth_yoy_accel": 61.04171928378683,
      "op_leverage_ratio": Infinity,
      "fcf_margin_change": 0.5222853484945269
    },
    {
      "date": "2023-12-31T00:00:00",
      "quarter_label": "2023-12 (Q4)",
      "revenue": 118236000,
      "gross_profit": 4017000,
      "operating_income": -24197000,
      "net_income": -22172000,
      "opex": 28214000,
      "cogs": 114219000,
      "rd": 7552000,
      "sga": null,
      "fcf": 20146000,
      "ocf": 23395000,
      "capex": -3249000,
      "gross_margin": 0.033974424033289354,
      "op_margin": -0.20465002198991847,
      "fcf_margin": 0.17038803748435333,
      "incr_op_margin_yoy": 0.08613375013955565,
      "rev_growth_yoy": 0.17856502063355995,
      "rev_growth_yoy_accel": -100.4772791352106,
      "fcf_margin_change": 0.3596450276995039
    },
    {
      "date": "2024-03-31T00:00:00",
      "quarter_label": "2024-03 (Q1)",
      "revenue": 7759000,
      "gross_profit": 2068000,
      "operating_income": -24627000,
      "net_income": -21139000,
      "opex": 26695000,
      "cogs": 5691000,
      "rd": 6966000,
      "sga": null,
      "fcf": -7821000,
      "ocf": 947000,
      "capex": -8768000,
      "gross_margin": 0.26652919190617347,
      "op_margin": -3.1739914937491944,
      "fcf_margin": -1.0079907204536667,
      "incr_op_margin_yoy": -2.26999726999727,
      "rev_growth_yoy": -0.3206969007179128,
      "rev_growth_yoy_accel": -0.49926192135147274,
      "fcf_margin_change": -1.17837875793802
    },
    {
      "date": "2024-06-30T00:00:00",
      "quarter_label": "2024-06 (Q2)",
      "revenue": 3770000,
      "gross_profit": 1049000,
      "operating_income": -27885000,
      "net_income": -26188000,
      "opex": 28934000,
      "cogs": 2721000,
      "rd": 6951000,
      "sga": null,
      "fcf": -25076000,
      "ocf": -12793000,
      "capex": -12283000,
      "gross_margin": 0.2782493368700265,
      "op_margin": -7.396551724137931,
      "fcf_margin": -6.651458885941644,
      "incr_op_margin_yoy": -0.013255360623781676,
      "rev_growth_yoy": -0.9049899193548387,
      "rev_growth_yoy_accel": -0.584293018636926,
      "fcf_margin_change": -5.6434681654879775
    },
    {
      "date": "2024-09-30T00:00:00",
      "quarter_label": "2024-09 (Q3)",
      "revenue": 1199000,
      "gross_profit": 483000,
      "operating_income": -27075000,
      "net_income": -26593000,
      "opex": 27558000,
      "cogs": 716000,
      "rd": 5704000,
      "sga": null,
      "fcf": -36449000,
      "ocf": -9194000,
      "capex": -27255000,
      "gross_margin": 0.40283569641367806,
      "op_margin": -22.581317764804,
      "fcf_margin": -30.399499582985822,
      "incr_op_margin_yoy": 0.034145000760207246,
      "rev_growth_yoy": -0.9930373682529543,
      "rev_growth_yoy_accel": -0.08804744889811555,
      "fcf_margin_change": -23.74804069704418
    },
    {
      "date": "2024-12-31T00:00:00",
      "quarter_label": "2024-12 (Q4)",
      "revenue": 33471000,
      "gross_profit": 2587000,
      "operating_income": -50409000,
      "net_income": -61830000,
      "opex": 52996000,
      "cogs": 30884000,
      "rd": 6378000,
      "sga": null,
      "fcf": -45367000,
      "ocf": -34820000,
      "capex": -10547000,
      "gross_margin": 0.07729078904125959,
      "op_margin": -1.5060500134444743,
      "fcf_margin": -1.3554121478294643,
      "incr_op_margin_yoy": 0.309231404471185,
      "rev_growth_yoy": -0.7169136303663859,
      "rev_growth_yoy_accel": 0.2761237378865684,
      "op_leverage_ratio": 29.15891974606561,
      "fcf_margin_change": 29.044087435156356
    },
    {
      "date": "2025-03-31T00:00:00",
      "quarter_label": "2025-03 (Q1)",
      "revenue": 8534000,
      "gross_profit": 4876000,
      "operating_income": -20893000,
      "net_income": -21136000,
      "opex": 25769000,
      "cogs": 3658000,
      "rd": 3824000,
      "sga": null,
      "fcf": -9513000,
      "ocf": -2730000,
      "capex": -6783000,
      "gross_margin": 0.5713616123740333,
      "op_margin": -2.448207171314741,
      "fcf_margin": -1.1147176001874854,
      "rev_growth_yoy": 0.09988400567083387,
      "rev_growth_yoy_accel": 0.8167976360372198,
      "fcf_margin_change": 0.24069454764197884
    },
    {
      "date": "2025-06-30T00:00:00",
      "quarter_label": "2025-06 (Q2)",
      "revenue": 8512000,
      "gross_profit": 2516000,
      "operating_income": -28148000,
      "net_income": -34927000,
      "opex": 30664000,
      "cogs": 5996000,
      "rd": 4074000,
      "sga": null,
      "fcf": 6948000,
      "ocf": 15359000,
      "capex": -8411000,
      "gross_margin": 0.2955827067669173,
      "op_margin": -3.306860902255639,
      "fcf_margin": 0.8162593984962406,
      "incr_op_margin_yoy": -0.05546183045128638,
      "rev_growth_yoy": 1.2578249336870027,
      "rev_growth_yoy_accel": 1.1579409280161688,
      "fcf_margin_change": 1.9309769986837262
    },
    {
      "date": "2025-09-30T00:00:00",
      "quarter_label": "2025-09 (Q3)",
      "revenue": 33319000,
      "gross_profit": 9010000,
      "operating_income": -17583000,
      "net_income": -26817000,
      "opex": 26593000,
      "cogs": 24309000,
      "rd": 3362000,
      "sga": null,
      "fcf": -27164000,
      "ocf": -11708000,
      "capex": -15456000,
      "gross_margin": 0.27041627899997,
      "op_margin": -0.5277169182748582,
      "fcf_margin": -0.8152705663435277,
      "incr_op_margin_yoy": 0.2955168119551681,
      "rev_growth_yoy": 26.788990825688074,
      "rev_growth_yoy_accel": 25.53116589200107,
      "op_leverage_ratio": Infinity,
      "fcf_margin_change": -1.6315299648397683
    }
  ],
  "signals": [
    {
      "quarter": "2025-09 (Q3)",
      "signal": "YoY REVENUE GROWTH ACCELERATION",
      "detail": "YoY growth: +2678.9% vs prior quarter YoY: +125.8% (accel: +2553.1%)",
      "severity": "HIGH"
    },
    {
      "quarter": "2025-06 (Q2)",
      "signal": "FCF TURNED POSITIVE",
      "detail": "FCF margin: -111.5% -> +81.6%",
      "severity": "HIGH"
    },
    {
      "quarter": "2025-06 (Q2)",
      "signal": "YoY REVENUE GROWTH ACCELERATION",
      "detail": "YoY growth: +125.8% vs prior quarter YoY: +10.0% (accel: +115.8%)",
      "severity": "HIGH"
    },
    {
      "quarter": "2025-03 (Q1)",
      "signal": "FCF MARGIN EXPANSION",
      "detail": "FCF margin: -135.5% -> -111.5% (+24.1%)",
      "severity": "MEDIUM"
    },
    {
      "quarter": "2025-03 (Q1)",
      "signal": "GROSS MARGIN INFLECTION",
      "detail": "GM: +40.3% -> +7.7% -> +57.1% (reversal +49.4%)",
      "severity": "HIGH"
    },
    {
      "quarter": "2025-03 (Q1)",
      "signal": "YoY REVENUE GROWTH ACCELERATION",
      "detail": "YoY growth: +10.0% vs prior quarter YoY: -71.7% (accel: +81.7%)",
      "severity": "HIGH"
    },
    {
      "quarter": "2024-12 (Q4)",
      "signal": "FCF MARGIN EXPANSION",
      "detail": "FCF margin: -3039.9% -> -135.5% (+2904.4%)",
      "severity": "MEDIUM"
    },
    {
      "quarter": "2024-12 (Q4)",
      "signal": "OPERATING LEVERAGE",
      "detail": "Rev growth +2691.6% vs OpEx growth +92.3% (leverage: 29.2x)",
      "severity": "MEDIUM"
    },
    {
      "quarter": "2024-12 (Q4)",
      "signal": "YoY REVENUE GROWTH ACCELERATION",
      "detail": "YoY growth: -71.7% vs prior quarter YoY: -99.3% (accel: +27.6%)",
      "severity": "HIGH"
    },
    {
      "quarter": "2024-09 (Q3)",
      "signal": "YoY REVENUE GROWTH DECELERATION",
      "detail": "YoY growth: -99.3% vs prior quarter YoY: -90.5% (decel: -8.8%)",
      "severity": "WARNING"
    },
    {
      "quarter": "2024-06 (Q2)",
      "signal": "YoY REVENUE GROWTH DECELERATION",
      "detail": "YoY growth: -90.5% vs prior quarter YoY: -32.1% (decel: -58.4%)",
      "severity": "WARNING"
    },
    {
      "quarter": "2024-03 (Q1)",
      "signal": "GROSS MARGIN INFLECTION",
      "detail": "GM: +4.2% -> +3.4% -> +26.7% (reversal +23.3%)",
      "severity": "HIGH"
    },
    {
      "quarter": "2024-03 (Q1)",
      "signal": "YoY REVENUE GROWTH DECELERATION",
      "detail": "YoY growth: -32.1% vs prior quarter YoY: +17.9% (decel: -49.9%)",
      "severity": "WARNING"
    },
    {
      "quarter": "2023-12 (Q4)",
      "signal": "FCF TURNED POSITIVE",
      "detail": "FCF margin: -18.9% -> +17.0%",
      "severity": "HIGH"
    },
    {
      "quarter": "2023-12 (Q4)",
      "signal": "YoY REVENUE GROWTH DECELERATION",
      "detail": "YoY growth: +17.9% vs prior quarter YoY: +10065.6% (decel: -10047.7%)",
      "severity": "WARNING"
    },
    {
      "quarter": "2023-09 (Q3)",
      "signal": "FCF MARGIN EXPANSION",
      "detail": "FCF margin: -71.2% -> -18.9% (+52.2%)",
      "severity": "MEDIUM"
    },
    {
      "quarter": "2023-09 (Q3)",
      "signal": "YoY REVENUE GROWTH ACCELERATION",
      "detail": "YoY growth: +10065.6% vs prior quarter YoY: +3961.4% (accel: +6104.2%)",
      "severity": "HIGH"
    },
    {
      "quarter": "2023-06 (Q2)",
      "signal": "FCF MARGIN EXPANSION",
      "detail": "FCF margin: -721.5% -> -71.2% (+650.3%)",
      "severity": "MEDIUM"
    },
    {
      "quarter": "2023-06 (Q2)",
      "signal": "YoY REVENUE GROWTH ACCELERATION",
      "detail": "YoY growth: +3961.4% vs prior quarter YoY: -73.4% (accel: +4034.8%)",
      "severity": "HIGH"
    },
    {
      "quarter": "2022-12 (Q4)",
      "signal": "FCF TURNED POSITIVE",
      "detail": "FCF margin: -1256.6% -> +22.7%",
      "severity": "HIGH"
    },
    {
      "quarter": "2022-12 (Q4)",
      "signal": "OPERATING LEVERAGE",
      "detail": "Rev growth +5822.2% vs OpEx growth +14.9% (leverage: 391.2x)",
      "severity": "MEDIUM"
    },
    {
      "quarter": "2022-12 (Q4)",
      "signal": "GROSS MARGIN INFLECTION",
      "detail": "GM: +41.6% -> +4.2% -> +15.9% (reversal +11.7%)",
      "severity": "HIGH"
    }
  ],
  "data_quality": {
    "n_quarters": 19,
    "coverage": {
      "revenue": [
        19,
        19
      ],
      "gross_profit": [
        15,
        19
      ],
      "op_income": [
        19,
        19
      ],
      "fcf": [
        19,
        19
      ]
    },
    "gaps": [],
    "warnings": [
      "gross_profit: 15/19Q"
    ]
  },
  "market_cap": null,
  "source": "SEC EDGAR",
  "last_updated": "2026-02-02T22:05:49.802760",
  "sector": "Utilities",
  "industry": "Utilities - Renewable"
}