{
  "ticker": "NSIT",
  "name": "INSIGHT ENTERPRISES, INC.",
  "sector": "Technology",
  "industry": "Electronics & Computer Distribution",
  "quarters": [
    {
      "date": "2021-03-31T00:00:00",
      "quarter_label": "2021-03 (Q1)",
      "revenue": 2193068000,
      "gross_profit": 331474000,
      "operating_income": 67024000,
      "net_income": 43168000,
      "opex": 264450000,
      "cogs": 1861594000,
      "rd": null,
      "sga": 271190000,
      "fcf": 34859000,
      "ocf": 42706000,
      "capex": -7847000,
      "gross_margin": 0.15114624808715463,
      "op_margin": 0.030561751847183946,
      "fcf_margin": 0.01589508396456471
    },
    {
      "date": "2021-06-30T00:00:00",
      "quarter_label": "2021-06 (Q2)",
      "revenue": 2229501000,
      "gross_profit": 366683000,
      "operating_income": 88469000,
      "net_income": 58561000,
      "opex": 278214000,
      "cogs": 1862818000,
      "rd": null,
      "sga": 277087000,
      "fcf": -46509000,
      "ocf": -37519000,
      "capex": -8990000,
      "gross_margin": 0.16446864118921678,
      "op_margin": 0.0396810766175929,
      "fcf_margin": -0.02086072174894741,
      "op_leverage_ratio": 0.31918446320189275,
      "fcf_margin_change": -0.03675580571351212
    },
    {
      "date": "2021-09-30T00:00:00",
      "quarter_label": "2021-09 (Q3)",
      "revenue": 2447521000,
      "gross_profit": 364545000,
      "operating_income": 83151000,
      "net_income": 55483000,
      "opex": 281394000,
      "cogs": 2082976000,
      "rd": null,
      "sga": 278998000,
      "fcf": -134149000,
      "ocf": -122975000,
      "capex": -11174000,
      "gross_margin": 0.14894458515371267,
      "op_margin": 0.03397355936884709,
      "fcf_margin": -0.05481015280359188,
      "op_leverage_ratio": 8.555404033932527,
      "fcf_margin_change": -0.03394943105464447
    },
    {
      "date": "2021-12-31T00:00:00",
      "quarter_label": "2021-12 (Q4)",
      "revenue": 2566023000,
      "gross_profit": 384855000,
      "operating_income": 93417000,
      "net_income": 62133000,
      "opex": 291438000,
      "cogs": 2181168000,
      "rd": null,
      "sga": 289855000,
      "fcf": 257431000,
      "ocf": 281499000,
      "capex": -24068000,
      "gross_margin": 0.14998111864157102,
      "op_margin": 0.03640536347491819,
      "fcf_margin": 0.10032295111930017,
      "op_leverage_ratio": 1.3564612203861153,
      "fcf_margin_change": 0.15513310392289206
    },
    {
      "date": "2022-03-31T00:00:00",
      "quarter_label": "2022-03 (Q1)",
      "revenue": 2650850000,
      "gross_profit": 378861000,
      "operating_income": 79849000,
      "net_income": 56631000,
      "opex": 299012000,
      "cogs": 2271989000,
      "rd": null,
      "sga": 297640000,
      "fcf": -309984000,
      "ocf": -284239000,
      "capex": -25745000,
      "gross_margin": 0.14292057264650962,
      "op_margin": 0.030122036327970274,
      "fcf_margin": -0.11693758605730238,
      "incr_op_margin_yoy": 0.02801551830347196,
      "rev_growth_yoy": 0.20874044945254774,
      "op_leverage_ratio": 1.272021466004972,
      "fcf_margin_change": -0.21726053717660254
    },
    {
      "date": "2022-06-30T00:00:00",
      "quarter_label": "2022-06 (Q2)",
      "revenue": 2743377000,
      "gross_profit": 437889000,
      "operating_income": 129556000,
      "net_income": 89184000,
      "opex": 308333000,
      "cogs": 2305488000,
      "rd": null,
      "sga": 306001000,
      "fcf": -179269000,
      "ocf": -157758000,
      "capex": -21511000,
      "gross_margin": 0.15961677888237744,
      "op_margin": 0.04722500771858917,
      "fcf_margin": -0.06534610445447345,
      "incr_op_margin_yoy": 0.07995508644108695,
      "rev_growth_yoy": 0.23048924400572146,
      "rev_growth_yoy_accel": 0.021748794553173717,
      "op_leverage_ratio": 1.119720005358383,
      "fcf_margin_change": 0.051591481602828934
    },
    {
      "date": "2022-09-30T00:00:00",
      "quarter_label": "2022-09 (Q3)",
      "revenue": 2534354000,
      "gross_profit": 399258000,
      "operating_income": 90279000,
      "net_income": 57316000,
      "opex": 308979000,
      "cogs": 2135096000,
      "rd": null,
      "sga": 308253000,
      "fcf": 224098000,
      "ocf": 236112000,
      "capex": -12014000,
      "gross_margin": 0.15753837072484744,
      "op_margin": 0.0356220954136636,
      "fcf_margin": 0.08842411123307951,
      "incr_op_margin_yoy": 0.08208860686605322,
      "rev_growth_yoy": 0.035477938697972354,
      "rev_growth_yoy_accel": -0.1950113053077491,
      "fcf_margin_change": 0.15377021568755295
    },
    {
      "date": "2022-12-31T00:00:00",
      "quarter_label": "2022-12 (Q4)",
      "revenue": 2502610000,
      "gross_profit": 420559000,
      "operating_income": 114016000,
      "net_income": 77477000,
      "opex": 306543000,
      "cogs": 2082051000,
      "rd": null,
      "sga": 304766000,
      "fcf": 292322000,
      "ocf": 303991000,
      "capex": -11669000,
      "gross_margin": 0.16804815772333684,
      "op_margin": 0.0455588365746161,
      "fcf_margin": 0.11680685364479483,
      "incr_op_margin_yoy": -0.3248387554602369,
      "rev_growth_yoy": -0.02471256103316299,
      "rev_growth_yoy_accel": -0.06019049973113534,
      "fcf_margin_change": 0.028382742411715317
    },
    {
      "date": "2023-03-31T00:00:00",
      "quarter_label": "2023-03 (Q1)",
      "revenue": 2323947000,
      "gross_profit": 391315000,
      "operating_income": 77461000,
      "net_income": 49972000,
      "opex": 313854000,
      "cogs": 1932632000,
      "rd": null,
      "sga": 310001000,
      "fcf": 151054000,
      "ocf": 160160000,
      "capex": -9106000,
      "gross_margin": 0.16838378844267962,
      "op_margin": 0.033331655153925624,
      "fcf_margin": 0.06499890057733675,
      "incr_op_margin_yoy": 0.007304919196214167,
      "rev_growth_yoy": -0.12332006714827319,
      "rev_growth_yoy_accel": -0.0986075061151102,
      "fcf_margin_change": -0.051807953067458085
    },
    {
      "date": "2023-06-30T00:00:00",
      "quarter_label": "2023-06 (Q2)",
      "revenue": 2349596000,
      "gross_profit": 433190000,
      "operating_income": 118611000,
      "net_income": 80482000,
      "opex": 314579000,
      "cogs": 1916406000,
      "rd": null,
      "sga": 318243000,
      "fcf": 23704000,
      "ocf": 27800000,
      "capex": -4096000,
      "gross_margin": 0.18436786579480047,
      "op_margin": 0.050481444469602434,
      "fcf_margin": 0.010088542881414506,
      "incr_op_margin_yoy": 0.027794637120633042,
      "rev_growth_yoy": -0.14353878449808394,
      "rev_growth_yoy_accel": -0.020218717349810747,
      "op_leverage_ratio": 4.777865057549312,
      "fcf_margin_change": -0.05491035769592224
    },
    {
      "date": "2023-09-30T00:00:00",
      "quarter_label": "2023-09 (Q3)",
      "revenue": 2266286000,
      "gross_profit": 408870000,
      "operating_income": 91862000,
      "net_income": 60247000,
      "opex": 317008000,
      "cogs": 1857416000,
      "rd": null,
      "sga": 309793000,
      "fcf": 209914000,
      "ocf": 225782000,
      "capex": -15868000,
      "gross_margin": 0.18041412248939453,
      "op_margin": 0.04053416029574378,
      "fcf_margin": 0.09262467314363677,
      "incr_op_margin_yoy": -0.005905218078994882,
      "rev_growth_yoy": -0.10577370012239805,
      "rev_growth_yoy_accel": 0.03776508437568589,
      "fcf_margin_change": 0.08253613026222227
    },
    {
      "date": "2023-12-31T00:00:00",
      "quarter_label": "2023-12 (Q4)",
      "revenue": 2236011000,
      "gross_profit": 436150000,
      "operating_income": 131861000,
      "net_income": 90608000,
      "opex": 304289000,
      "cogs": 1799861000,
      "rd": null,
      "sga": 298206000,
      "fcf": 195607000,
      "ocf": 205789000,
      "capex": -10182000,
      "gross_margin": 0.19505717995126143,
      "op_margin": 0.058971534576529365,
      "fcf_margin": 0.0874803388713204,
      "incr_op_margin_yoy": -0.06693573494274171,
      "rev_growth_yoy": -0.10652838436672114,
      "rev_growth_yoy_accel": -0.000754684244323095,
      "fcf_margin_change": -0.005144334272316378
    },
    {
      "date": "2024-03-31T00:00:00",
      "quarter_label": "2024-03 (Q1)",
      "revenue": 2379485000,
      "gross_profit": 440928000,
      "operating_income": 99986000,
      "net_income": 67027000,
      "opex": 340942000,
      "cogs": 1938557000,
      "rd": null,
      "sga": 337434000,
      "fcf": 240697000,
      "ocf": 247179000,
      "capex": -6482000,
      "gross_margin": 0.18530396283229356,
      "op_margin": 0.04202001693643793,
      "fcf_margin": 0.10115508187696078,
      "incr_op_margin_yoy": 0.405578162699413,
      "rev_growth_yoy": 0.023898135370557076,
      "rev_growth_yoy_accel": 0.13042651973727823,
      "op_leverage_ratio": 0.5326917819685786,
      "fcf_margin_change": 0.01367474300564038
    },
    {
      "date": "2024-06-30T00:00:00",
      "quarter_label": "2024-06 (Q2)",
      "revenue": 2161662000,
      "gross_profit": 453365000,
      "operating_income": 131073000,
      "net_income": 87444000,
      "opex": 322292000,
      "cogs": 1708297000,
      "rd": null,
      "sga": 317234000,
      "fcf": 33623000,
      "ocf": 45785000,
      "capex": -12162000,
      "gross_margin": 0.2097298282525205,
      "op_margin": 0.06063528895821826,
      "fcf_margin": 0.015554235583546364,
      "incr_op_margin_yoy": -0.06631051326529526,
      "rev_growth_yoy": -0.0799856656208131,
      "rev_growth_yoy_accel": -0.10388380099137018,
      "fcf_margin_change": -0.08560084629341441
    },
    {
      "date": "2024-09-30T00:00:00",
      "quarter_label": "2024-09 (Q3)",
      "revenue": 2087886000,
      "gross_profit": 432085000,
      "operating_income": 92851000,
      "net_income": 58208000,
      "opex": 339234000,
      "cogs": 1655801000,
      "rd": null,
      "sga": 329996000,
      "fcf": 111040000,
      "ocf": 124767000,
      "capex": -13727000,
      "gross_margin": 0.20694855945200072,
      "op_margin": 0.04447129776242573,
      "fcf_margin": 0.05318298029681697,
      "incr_op_margin_yoy": -0.00554372197309417,
      "rev_growth_yoy": -0.07871910253163104,
      "rev_growth_yoy_accel": 0.0012665630891820628,
      "fcf_margin_change": 0.03762874471327061
    },
    {
      "date": "2024-12-31T00:00:00",
      "quarter_label": "2024-12 (Q4)",
      "revenue": 2072665000,
      "gross_profit": 439638000,
      "operating_income": 64674000,
      "net_income": 37012000,
      "opex": 374964000,
      "cogs": 1633027000,
      "rd": null,
      "sga": 358487000,
      "fcf": 200703000,
      "ocf": 215114000,
      "capex": -14411000,
      "gross_margin": 0.21211242530751473,
      "op_margin": 0.031203305888795344,
      "fcf_margin": 0.09683330398303633,
      "incr_op_margin_yoy": 0.4113170815324526,
      "rev_growth_yoy": -0.07305241342730424,
      "rev_growth_yoy_accel": 0.0056666891043268,
      "fcf_margin_change": 0.04365032368621936
    },
    {
      "date": "2025-03-31T00:00:00",
      "quarter_label": "2025-03 (Q1)",
      "revenue": 2103556000,
      "gross_profit": 406477000,
      "operating_income": 60103000,
      "net_income": 7514000,
      "opex": 346374000,
      "cogs": 1697079000,
      "rd": null,
      "sga": 339173000,
      "fcf": 70920000,
      "ocf": 78050000,
      "capex": -7130000,
      "gross_margin": 0.19323326785690517,
      "op_margin": 0.028572094111114704,
      "fcf_margin": 0.03371433895746061,
      "incr_op_margin_yoy": 0.14454080578699594,
      "rev_growth_yoy": -0.11596164716314665,
      "rev_growth_yoy_accel": -0.042909233735842406,
      "op_leverage_ratio": null,
      "fcf_margin_change": -0.06311896502557572
    },
    {
      "date": "2025-06-30T00:00:00",
      "quarter_label": "2025-06 (Q2)",
      "revenue": 2091482000,
      "gross_profit": 442327000,
      "operating_income": 86532000,
      "net_income": 46932000,
      "opex": 355795000,
      "cogs": 1649155000,
      "rd": null,
      "sga": 352314000,
      "fcf": -181899000,
      "ocf": -177051000,
      "capex": -4848000,
      "gross_margin": 0.2114897474613695,
      "op_margin": 0.0413735332171159,
      "fcf_margin": -0.08697134376485191,
      "incr_op_margin_yoy": 0.6346679965802223,
      "rev_growth_yoy": -0.03246576014196484,
      "rev_growth_yoy_accel": 0.08349588702118181,
      "fcf_margin_change": -0.12068568272231252
    },
    {
      "date": "2025-09-30T00:00:00",
      "quarter_label": "2025-09 (Q3)",
      "revenue": 2003845000,
      "gross_profit": 434195000,
      "operating_income": 93067000,
      "net_income": 50947000,
      "opex": 341128000,
      "cogs": 1569650000,
      "rd": null,
      "sga": 332907000,
      "fcf": 243485000,
      "ocf": 249058000,
      "capex": -5573000,
      "gross_margin": 0.2166809309103249,
      "op_margin": 0.04644421100434415,
      "fcf_margin": 0.12150889914140066,
      "incr_op_margin_yoy": -0.0025701740816982187,
      "rev_growth_yoy": -0.040251718724106586,
      "rev_growth_yoy_accel": -0.007785958582141747,
      "fcf_margin_change": 0.20848024290625256
    },
    {
      "date": "2025-12-31T00:00:00",
      "quarter_label": "2025-12 (Q4)",
      "revenue": 2048297000,
      "gross_profit": 478428000,
      "operating_income": 95221000,
      "net_income": 51954000,
      "opex": 383207000,
      "cogs": 1569869000,
      "rd": null,
      "sga": 361412000,
      "fcf": 146801000,
      "ocf": 153770000,
      "capex": -6969000,
      "gross_margin": 0.2335735491483901,
      "op_margin": 0.04648788725463153,
      "fcf_margin": 0.07166978226302143,
      "incr_op_margin_yoy": -1.2535702560735391,
      "rev_growth_yoy": -0.01175684444905472,
      "rev_growth_yoy_accel": 0.028494874275051867,
      "op_leverage_ratio": 0.17983703684167057,
      "fcf_margin_change": -0.04983911687837923
    }
  ],
  "signals": [
    {
      "quarter": "2025-09 (Q3)",
      "signal": "FCF TURNED POSITIVE",
      "detail": "FCF margin: -8.7% -> +12.2%",
      "severity": "HIGH"
    },
    {
      "quarter": "2025-06 (Q2)",
      "signal": "YoY REVENUE GROWTH ACCELERATION",
      "detail": "YoY growth: -3.2% vs prior quarter YoY: -11.6% (accel: +8.3%)",
      "severity": "MEDIUM"
    },
    {
      "quarter": "2025-06 (Q2)",
      "signal": "INCREMENTAL MARGIN (YoY)",
      "detail": "YoY Incr OPM: +63.5% vs year-ago OPM: +6.1%",
      "severity": "HIGH"
    },
    {
      "quarter": "2025-03 (Q1)",
      "signal": "INCREMENTAL MARGIN (YoY)",
      "detail": "YoY Incr OPM: +14.5% vs year-ago OPM: +4.2%",
      "severity": "MEDIUM"
    },
    {
      "quarter": "2024-12 (Q4)",
      "signal": "INCREMENTAL MARGIN (YoY)",
      "detail": "YoY Incr OPM: +41.1% vs year-ago OPM: +5.9%",
      "severity": "HIGH"
    },
    {
      "quarter": "2024-06 (Q2)",
      "signal": "GROSS MARGIN INFLECTION",
      "detail": "GM: +19.5% -> +18.5% -> +21.0% (reversal +2.4%)",
      "severity": "MEDIUM"
    },
    {
      "quarter": "2024-06 (Q2)",
      "signal": "YoY REVENUE GROWTH DECELERATION",
      "detail": "YoY growth: -8.0% vs prior quarter YoY: +2.4% (decel: -10.4%)",
      "severity": "WARNING"
    },
    {
      "quarter": "2024-03 (Q1)",
      "signal": "YoY REVENUE GROWTH ACCELERATION",
      "detail": "YoY growth: +2.4% vs prior quarter YoY: -10.7% (accel: +13.0%)",
      "severity": "MEDIUM"
    },
    {
      "quarter": "2024-03 (Q1)",
      "signal": "INCREMENTAL MARGIN (YoY)",
      "detail": "YoY Incr OPM: +40.6% vs year-ago OPM: +3.3%",
      "severity": "HIGH"
    },
    {
      "quarter": "2023-09 (Q3)",
      "signal": "FCF MARGIN EXPANSION",
      "detail": "FCF margin: +1.0% -> +9.3% (+8.3%)",
      "severity": "MEDIUM"
    },
    {
      "quarter": "2023-06 (Q2)",
      "signal": "OPERATING LEVERAGE",
      "detail": "Rev growth +1.1% vs OpEx growth +0.2% (leverage: 4.8x)",
      "severity": "MEDIUM"
    },
    {
      "quarter": "2023-03 (Q1)",
      "signal": "YoY REVENUE GROWTH DECELERATION",
      "detail": "YoY growth: -12.3% vs prior quarter YoY: -2.5% (decel: -9.9%)",
      "severity": "WARNING"
    },
    {
      "quarter": "2022-12 (Q4)",
      "signal": "YoY REVENUE GROWTH DECELERATION",
      "detail": "YoY growth: -2.5% vs prior quarter YoY: +3.5% (decel: -6.0%)",
      "severity": "WARNING"
    },
    {
      "quarter": "2022-09 (Q3)",
      "signal": "FCF TURNED POSITIVE",
      "detail": "FCF margin: -6.5% -> +8.8%",
      "severity": "HIGH"
    },
    {
      "quarter": "2022-09 (Q3)",
      "signal": "YoY REVENUE GROWTH DECELERATION",
      "detail": "YoY growth: +3.5% vs prior quarter YoY: +23.0% (decel: -19.5%)",
      "severity": "WARNING"
    },
    {
      "quarter": "2022-06 (Q2)",
      "signal": "FCF MARGIN EXPANSION",
      "detail": "FCF margin: -11.7% -> -6.5% (+5.2%)",
      "severity": "MEDIUM"
    },
    {
      "quarter": "2021-12 (Q4)",
      "signal": "FCF TURNED POSITIVE",
      "detail": "FCF margin: -5.5% -> +10.0%",
      "severity": "HIGH"
    },
    {
      "quarter": "2021-09 (Q3)",
      "signal": "OPERATING LEVERAGE",
      "detail": "Rev growth +9.8% vs OpEx growth +1.1% (leverage: 8.6x)",
      "severity": "MEDIUM"
    }
  ],
  "data_quality": {
    "n_quarters": 20,
    "coverage": {
      "revenue": [
        20,
        20
      ],
      "gross_profit": [
        20,
        20
      ],
      "op_income": [
        20,
        20
      ],
      "fcf": [
        20,
        20
      ]
    },
    "gaps": [],
    "warnings": []
  },
  "market_cap": null,
  "source": "SEC EDGAR",
  "last_updated": "2026-02-24T10:56:02.030788"
}