{
  "ticker": "NSSC",
  "name": "NAPCO SECURITY TECHNOLOGIES,\u00a0INC",
  "quarters": [
    {
      "date": "2021-03-31T00:00:00",
      "quarter_label": "2021-03 (Q1)",
      "revenue": 28228000,
      "gross_profit": 12910000,
      "operating_income": 5028000,
      "net_income": 4360000,
      "opex": 7882000,
      "cogs": 15318000,
      "rd": 1902000,
      "sga": 5980000,
      "fcf": 7317000,
      "ocf": 7494000,
      "capex": -177000,
      "gross_margin": 0.4573473147229701,
      "op_margin": 0.17812101459543717,
      "fcf_margin": 0.25921071276746493
    },
    {
      "date": "2021-06-30T00:00:00",
      "quarter_label": "2021-06 (Q2)",
      "revenue": 35429000,
      "gross_profit": 15146000,
      "operating_income": 5984000,
      "net_income": 5025000,
      "opex": 9162000,
      "cogs": 20283000,
      "rd": 1945000,
      "sga": 7217000,
      "fcf": 6115000,
      "ocf": 6556000,
      "capex": -441000,
      "gross_margin": 0.427502893110164,
      "op_margin": 0.16890118264698412,
      "fcf_margin": 0.17259871856388834,
      "op_leverage_ratio": 1.5708660837643476,
      "fcf_margin_change": -0.0866119942035766
    },
    {
      "date": "2021-09-30T00:00:00",
      "quarter_label": "2021-09 (Q3)",
      "revenue": 31051000,
      "gross_profit": 13456000,
      "operating_income": 4179000,
      "net_income": 7752000,
      "opex": 9277000,
      "cogs": 17595000,
      "rd": 1931000,
      "sga": 7346000,
      "fcf": 2941000,
      "ocf": 3463000,
      "capex": -522000,
      "gross_margin": 0.43335158287977843,
      "op_margin": 0.13458503751892048,
      "fcf_margin": 0.0947151460500467,
      "fcf_margin_change": -0.07788357251384163
    },
    {
      "date": "2021-12-31T00:00:00",
      "quarter_label": "2021-12 (Q4)",
      "revenue": 33408000,
      "gross_profit": 11443000,
      "operating_income": 1270000,
      "net_income": 1037000,
      "opex": 10173000,
      "cogs": 21965000,
      "rd": 1978000,
      "sga": 8195000,
      "fcf": 4089000,
      "ocf": 4338000,
      "capex": -249000,
      "gross_margin": 0.3425227490421456,
      "op_margin": 0.03801484674329502,
      "fcf_margin": 0.12239583333333333,
      "op_leverage_ratio": 0.7859294055977033,
      "fcf_margin_change": 0.027680687283286626
    },
    {
      "date": "2022-03-31T00:00:00",
      "quarter_label": "2022-03 (Q1)",
      "revenue": 35905000,
      "gross_profit": 15033000,
      "operating_income": 4582000,
      "net_income": 3273000,
      "opex": 10451000,
      "cogs": 20872000,
      "rd": 2009000,
      "sga": 8442000,
      "fcf": 194000,
      "ocf": 612000,
      "capex": -418000,
      "gross_margin": 0.41868820498537807,
      "op_margin": 0.1276145383651302,
      "fcf_margin": 0.005403147193984124,
      "incr_op_margin_yoy": -0.05809561026442621,
      "rev_growth_yoy": 0.27196400736857024,
      "op_leverage_ratio": 2.7350943598569417,
      "fcf_margin_change": -0.11699268613934921
    },
    {
      "date": "2022-06-30T00:00:00",
      "quarter_label": "2022-06 (Q2)",
      "revenue": 43229000,
      "gross_profit": 19224000,
      "operating_income": 8194000,
      "net_income": 7537000,
      "opex": 11030000,
      "cogs": 24005000,
      "rd": 2106000,
      "sga": 8924000,
      "fcf": -374000,
      "ocf": -81000,
      "capex": -293000,
      "gross_margin": 0.44470147354784983,
      "op_margin": 0.1895486825973305,
      "fcf_margin": -0.008651599620625044,
      "incr_op_margin_yoy": 0.2833333333333333,
      "rev_growth_yoy": 0.2201586271133817,
      "rev_growth_yoy_accel": -0.05180538025518855,
      "op_leverage_ratio": 3.681905931479612,
      "fcf_margin_change": -0.014054746814609168
    },
    {
      "date": "2022-09-30T00:00:00",
      "quarter_label": "2022-09 (Q3)",
      "revenue": 39493000,
      "gross_profit": 18167000,
      "operating_income": 7249000,
      "net_income": 6402000,
      "opex": 10918000,
      "cogs": 21326000,
      "rd": 2428000,
      "sga": 8490000,
      "fcf": -2337000,
      "ocf": -1965000,
      "capex": -372000,
      "gross_margin": 0.4600055706074494,
      "op_margin": 0.18355151545843568,
      "fcf_margin": -0.05917504367862659,
      "incr_op_margin_yoy": 0.3636579009713338,
      "rev_growth_yoy": 0.2718753019226434,
      "rev_growth_yoy_accel": 0.05171667480926173,
      "fcf_margin_change": -0.05052344405800155
    },
    {
      "date": "2022-12-31T00:00:00",
      "quarter_label": "2022-12 (Q4)",
      "revenue": 42314000,
      "gross_profit": 19462000,
      "operating_income": 9436000,
      "net_income": 8446000,
      "opex": 10026000,
      "cogs": 22852000,
      "rd": 2222000,
      "sga": 7804000,
      "fcf": 2609000,
      "ocf": 3053000,
      "capex": -444000,
      "gross_margin": 0.45994233586992483,
      "op_margin": 0.22299948007751572,
      "fcf_margin": 0.06165808006806258,
      "incr_op_margin_yoy": 0.9169099483494274,
      "rev_growth_yoy": 0.2665828544061303,
      "rev_growth_yoy_accel": -0.0052924475165131435,
      "op_leverage_ratio": null,
      "fcf_margin_change": 0.12083312374668917
    },
    {
      "date": "2023-03-31T00:00:00",
      "quarter_label": "2023-03 (Q1)",
      "revenue": 43532000,
      "gross_profit": 22671000,
      "operating_income": 11932000,
      "net_income": 10840000,
      "opex": 10739000,
      "cogs": 20861000,
      "rd": 2314000,
      "sga": 8425000,
      "fcf": 9597000,
      "ocf": 11328000,
      "capex": -1731000,
      "gross_margin": 0.5207893044197373,
      "op_margin": 0.27409721584122027,
      "fcf_margin": 0.2204585132775889,
      "incr_op_margin_yoy": 0.9636816572702243,
      "rev_growth_yoy": 0.21242166829132433,
      "rev_growth_yoy_accel": -0.05416118611480594,
      "op_leverage_ratio": 0.4047635320549149,
      "fcf_margin_change": 0.1588004332095263
    },
    {
      "date": "2023-06-30T00:00:00",
      "quarter_label": "2023-06 (Q2)",
      "revenue": 44658000,
      "gross_profit": 12933000,
      "operating_income": 1708000,
      "net_income": 1439000,
      "opex": 11225000,
      "cogs": 31725000,
      "rd": 2364000,
      "sga": 8861000,
      "fcf": 11869000,
      "ocf": 12284000,
      "capex": -415000,
      "gross_margin": 0.28960096735187424,
      "op_margin": 0.03824622687984236,
      "fcf_margin": 0.26577544896771016,
      "incr_op_margin_yoy": -4.538838348495451,
      "rev_growth_yoy": 0.03305651298896574,
      "rev_growth_yoy_accel": -0.17936515530235858,
      "op_leverage_ratio": 0.5715540982292389,
      "fcf_margin_change": 0.04531693569012127
    },
    {
      "date": "2023-09-30T00:00:00",
      "quarter_label": "2023-09 (Q3)",
      "revenue": 41676000,
      "gross_profit": 22413000,
      "operating_income": 11555000,
      "net_income": 10478000,
      "opex": 10858000,
      "cogs": 19263000,
      "rd": 2437000,
      "sga": 8421000,
      "fcf": 10953000,
      "ocf": 11209000,
      "capex": -256000,
      "gross_margin": 0.5377915346962281,
      "op_margin": 0.2772578942316921,
      "fcf_margin": 0.2628131298589116,
      "incr_op_margin_yoy": 1.972514887769125,
      "rev_growth_yoy": 0.0552756184640316,
      "rev_growth_yoy_accel": 0.022219105475065865,
      "fcf_margin_change": -0.0029623191087985723
    },
    {
      "date": "2023-12-31T00:00:00",
      "quarter_label": "2023-12 (Q4)",
      "revenue": 47547000,
      "gross_profit": 25012000,
      "operating_income": 13805000,
      "net_income": 12610000,
      "opex": 11207000,
      "cogs": 22535000,
      "rd": 2542000,
      "sga": 8665000,
      "fcf": 7058000,
      "ocf": 7484000,
      "capex": -426000,
      "gross_margin": 0.5260479104885692,
      "op_margin": 0.2903442909121501,
      "fcf_margin": 0.14844259364418366,
      "incr_op_margin_yoy": 0.8348939422893178,
      "rev_growth_yoy": 0.12367065273904618,
      "rev_growth_yoy_accel": 0.06839503427501457,
      "op_leverage_ratio": 4.382787974691376,
      "fcf_margin_change": -0.11437053621472792
    },
    {
      "date": "2024-03-31T00:00:00",
      "quarter_label": "2024-03 (Q1)",
      "revenue": 49267000,
      "gross_profit": 26484000,
      "operating_income": 14494000,
      "net_income": 13196000,
      "opex": 11990000,
      "cogs": 22783000,
      "rd": 2757000,
      "sga": 9233000,
      "fcf": 11978000,
      "ocf": 12339000,
      "capex": -361000,
      "gross_margin": 0.53756063896726,
      "op_margin": 0.2941928674366209,
      "fcf_margin": 0.2431242007834859,
      "incr_op_margin_yoy": 0.44673060156931127,
      "rev_growth_yoy": 0.13174216668198108,
      "rev_growth_yoy_accel": 0.0080715139429349,
      "op_leverage_ratio": 0.5177652945995413,
      "fcf_margin_change": 0.09468160713930224
    },
    {
      "date": "2024-06-30T00:00:00",
      "quarter_label": "2024-06 (Q2)",
      "revenue": 50330000,
      "gross_profit": 27845000,
      "operating_income": 13964000,
      "net_income": 13534000,
      "opex": 13881000,
      "cogs": 22485000,
      "rd": 3027000,
      "sga": 10854000,
      "fcf": 13785000,
      "ocf": 14336000,
      "capex": -551000,
      "gross_margin": 0.5532485595072522,
      "op_margin": 0.27744883767136896,
      "fcf_margin": 0.27389231074905623,
      "incr_op_margin_yoy": 2.1607898448519043,
      "rev_growth_yoy": 0.12700971830355143,
      "rev_growth_yoy_accel": -0.004732448378429649,
      "op_leverage_ratio": 0.13680589166423554,
      "fcf_margin_change": 0.030768109965570334
    },
    {
      "date": "2024-09-30T00:00:00",
      "quarter_label": "2024-09 (Q3)",
      "revenue": 44003000,
      "gross_profit": 24616000,
      "operating_income": 11856000,
      "net_income": 11185000,
      "opex": 12760000,
      "cogs": 19387000,
      "rd": 3057000,
      "sga": 9703000,
      "fcf": 11345000,
      "ocf": 12025000,
      "capex": -680000,
      "gross_margin": 0.559416403427039,
      "op_margin": 0.2694361748062632,
      "fcf_margin": 0.2578233302274845,
      "incr_op_margin_yoy": 0.12935109583154275,
      "rev_growth_yoy": 0.05583549284960169,
      "rev_growth_yoy_accel": -0.07117422545394975,
      "fcf_margin_change": -0.01606898052157174
    },
    {
      "date": "2024-12-31T00:00:00",
      "quarter_label": "2024-12 (Q4)",
      "revenue": 42933000,
      "gross_profit": 24489000,
      "operating_income": 11171000,
      "net_income": 10467000,
      "opex": 13318000,
      "cogs": 18444000,
      "rd": 3107000,
      "sga": 10211000,
      "fcf": 12365000,
      "ocf": 13499000,
      "capex": -1134000,
      "gross_margin": 0.570400391307386,
      "op_margin": 0.26019611953508953,
      "fcf_margin": 0.28800689446346633,
      "incr_op_margin_yoy": 0.5708712613784135,
      "rev_growth_yoy": -0.0970408227648432,
      "rev_growth_yoy_accel": -0.1528763156144449,
      "fcf_margin_change": 0.03018356423598184
    },
    {
      "date": "2025-03-31T00:00:00",
      "quarter_label": "2025-03 (Q1)",
      "revenue": 43961000,
      "gross_profit": 25127000,
      "operating_income": 11146000,
      "net_income": 10122000,
      "opex": 13981000,
      "cogs": 18834000,
      "rd": 3185000,
      "sga": 10796000,
      "fcf": 13314000,
      "ocf": 13379000,
      "capex": -65000,
      "gross_margin": 0.571574804940743,
      "op_margin": 0.25354291303655513,
      "fcf_margin": 0.30285935260799346,
      "incr_op_margin_yoy": 0.63098379193366,
      "rev_growth_yoy": -0.1076988653662695,
      "rev_growth_yoy_accel": -0.010658042601426304,
      "op_leverage_ratio": 0.48098037915825137,
      "fcf_margin_change": 0.014852458144527125
    },
    {
      "date": "2025-06-30T00:00:00",
      "quarter_label": "2025-06 (Q2)",
      "revenue": 50724000,
      "gross_profit": 26798000,
      "operating_income": 12086000,
      "net_income": 11632000,
      "opex": 14712000,
      "cogs": 23926000,
      "rd": 3232000,
      "sga": 11480000,
      "fcf": 14387000,
      "ocf": 14624000,
      "capex": -237000,
      "gross_margin": 0.5283100701837394,
      "op_margin": 0.238269852535289,
      "fcf_margin": 0.2836329942433562,
      "rev_growth_yoy": 0.007828333002185574,
      "rev_growth_yoy_accel": 0.11552719836845508,
      "op_leverage_ratio": 2.942338830298252,
      "fcf_margin_change": -0.019226358364637264
    },
    {
      "date": "2025-09-30T00:00:00",
      "quarter_label": "2025-09 (Q3)",
      "revenue": 49168000,
      "gross_profit": 27846000,
      "operating_income": 13643000,
      "net_income": 12165000,
      "opex": 14203000,
      "cogs": 21322000,
      "rd": 3240000,
      "sga": 10963000,
      "fcf": 11444000,
      "ocf": 11637000,
      "capex": -193000,
      "gross_margin": 0.5663439635535308,
      "op_margin": 0.27747722095671984,
      "fcf_margin": 0.23275301008786203,
      "incr_op_margin_yoy": 0.3459825750242014,
      "rev_growth_yoy": 0.11737836056632503,
      "rev_growth_yoy_accel": 0.10955002756413945,
      "fcf_margin_change": -0.05087998415549416
    },
    {
      "date": "2025-12-31T00:00:00",
      "quarter_label": "2025-12 (Q4)",
      "revenue": 48172000,
      "gross_profit": 28238000,
      "operating_income": 14753000,
      "net_income": 13503000,
      "opex": 13485000,
      "cogs": 19934000,
      "rd": 3473000,
      "sga": 10012000,
      "fcf": 14513000,
      "ocf": 15098000,
      "capex": -585000,
      "gross_margin": 0.5861911483849539,
      "op_margin": 0.3062567466578095,
      "fcf_margin": 0.30127459935232087,
      "incr_op_margin_yoy": 0.6837182668448177,
      "rev_growth_yoy": 0.12202734493280228,
      "rev_growth_yoy_accel": 0.004648984366477246,
      "fcf_margin_change": 0.06852158926445884
    }
  ],
  "signals": [
    {
      "quarter": "2025-12 (Q4)",
      "signal": "FCF MARGIN EXPANSION",
      "detail": "FCF margin: +23.3% -> +30.1% (+6.9%)",
      "severity": "MEDIUM"
    },
    {
      "quarter": "2025-12 (Q4)",
      "signal": "INCREMENTAL MARGIN (YoY)",
      "detail": "YoY Incr OPM: +68.4% vs year-ago OPM: +26.0%",
      "severity": "HIGH"
    },
    {
      "quarter": "2025-09 (Q3)",
      "signal": "GROSS MARGIN INFLECTION",
      "detail": "GM: +57.2% -> +52.8% -> +56.6% (reversal +3.8%)",
      "severity": "MEDIUM"
    },
    {
      "quarter": "2025-09 (Q3)",
      "signal": "YoY REVENUE GROWTH ACCELERATION",
      "detail": "YoY growth: +11.7% vs prior quarter YoY: +0.8% (accel: +11.0%)",
      "severity": "MEDIUM"
    },
    {
      "quarter": "2025-06 (Q2)",
      "signal": "OPERATING LEVERAGE",
      "detail": "Rev growth +15.4% vs OpEx growth +5.2% (leverage: 2.9x)",
      "severity": "MEDIUM"
    },
    {
      "quarter": "2025-06 (Q2)",
      "signal": "YoY REVENUE GROWTH ACCELERATION",
      "detail": "YoY growth: +0.8% vs prior quarter YoY: -10.8% (accel: +11.6%)",
      "severity": "MEDIUM"
    },
    {
      "quarter": "2025-03 (Q1)",
      "signal": "INCREMENTAL MARGIN (YoY)",
      "detail": "YoY Incr OPM: +63.1% vs year-ago OPM: +29.4%",
      "severity": "HIGH"
    },
    {
      "quarter": "2024-12 (Q4)",
      "signal": "YoY REVENUE GROWTH DECELERATION",
      "detail": "YoY growth: -9.7% vs prior quarter YoY: +5.6% (decel: -15.3%)",
      "severity": "WARNING"
    },
    {
      "quarter": "2024-12 (Q4)",
      "signal": "INCREMENTAL MARGIN (YoY)",
      "detail": "YoY Incr OPM: +57.1% vs year-ago OPM: +29.0%",
      "severity": "HIGH"
    },
    {
      "quarter": "2024-09 (Q3)",
      "signal": "YoY REVENUE GROWTH DECELERATION",
      "detail": "YoY growth: +5.6% vs prior quarter YoY: +12.7% (decel: -7.1%)",
      "severity": "WARNING"
    },
    {
      "quarter": "2024-06 (Q2)",
      "signal": "INCREMENTAL MARGIN (YoY)",
      "detail": "YoY Incr OPM: +216.1% vs year-ago OPM: +3.8%",
      "severity": "HIGH"
    },
    {
      "quarter": "2024-03 (Q1)",
      "signal": "FCF MARGIN EXPANSION",
      "detail": "FCF margin: +14.8% -> +24.3% (+9.5%)",
      "severity": "MEDIUM"
    },
    {
      "quarter": "2024-03 (Q1)",
      "signal": "INCREMENTAL MARGIN (YoY)",
      "detail": "YoY Incr OPM: +44.7% vs year-ago OPM: +27.4%",
      "severity": "MEDIUM"
    },
    {
      "quarter": "2023-12 (Q4)",
      "signal": "OPERATING LEVERAGE",
      "detail": "Rev growth +14.1% vs OpEx growth +3.2% (leverage: 4.4x)",
      "severity": "MEDIUM"
    },
    {
      "quarter": "2023-12 (Q4)",
      "signal": "YoY REVENUE GROWTH ACCELERATION",
      "detail": "YoY growth: +12.4% vs prior quarter YoY: +5.5% (accel: +6.8%)",
      "severity": "MEDIUM"
    },
    {
      "quarter": "2023-12 (Q4)",
      "signal": "INCREMENTAL MARGIN (YoY)",
      "detail": "YoY Incr OPM: +83.5% vs year-ago OPM: +22.3%",
      "severity": "HIGH"
    },
    {
      "quarter": "2023-09 (Q3)",
      "signal": "GROSS MARGIN INFLECTION",
      "detail": "GM: +52.1% -> +29.0% -> +53.8% (reversal +24.8%)",
      "severity": "HIGH"
    },
    {
      "quarter": "2023-09 (Q3)",
      "signal": "INCREMENTAL MARGIN (YoY)",
      "detail": "YoY Incr OPM: +197.3% vs year-ago OPM: +18.4%",
      "severity": "HIGH"
    },
    {
      "quarter": "2023-06 (Q2)",
      "signal": "YoY REVENUE GROWTH DECELERATION",
      "detail": "YoY growth: +3.3% vs prior quarter YoY: +21.2% (decel: -17.9%)",
      "severity": "WARNING"
    },
    {
      "quarter": "2023-03 (Q1)",
      "signal": "FCF MARGIN EXPANSION",
      "detail": "FCF margin: +6.2% -> +22.0% (+15.9%)",
      "severity": "MEDIUM"
    },
    {
      "quarter": "2023-03 (Q1)",
      "signal": "GROSS MARGIN INFLECTION",
      "detail": "GM: +46.0% -> +46.0% -> +52.1% (reversal +6.1%)",
      "severity": "HIGH"
    },
    {
      "quarter": "2023-03 (Q1)",
      "signal": "YoY REVENUE GROWTH DECELERATION",
      "detail": "YoY growth: +21.2% vs prior quarter YoY: +26.7% (decel: -5.4%)",
      "severity": "WARNING"
    },
    {
      "quarter": "2023-03 (Q1)",
      "signal": "INCREMENTAL MARGIN (YoY)",
      "detail": "YoY Incr OPM: +96.4% vs year-ago OPM: +12.8%",
      "severity": "HIGH"
    },
    {
      "quarter": "2022-12 (Q4)",
      "signal": "FCF TURNED POSITIVE",
      "detail": "FCF margin: -5.9% -> +6.2%",
      "severity": "HIGH"
    },
    {
      "quarter": "2022-12 (Q4)",
      "signal": "INCREMENTAL MARGIN (YoY)",
      "detail": "YoY Incr OPM: +91.7% vs year-ago OPM: +3.8%",
      "severity": "HIGH"
    },
    {
      "quarter": "2022-09 (Q3)",
      "signal": "YoY REVENUE GROWTH ACCELERATION",
      "detail": "YoY growth: +27.2% vs prior quarter YoY: +22.0% (accel: +5.2%)",
      "severity": "MEDIUM"
    },
    {
      "quarter": "2022-09 (Q3)",
      "signal": "INCREMENTAL MARGIN (YoY)",
      "detail": "YoY Incr OPM: +36.4% vs year-ago OPM: +13.5%",
      "severity": "HIGH"
    },
    {
      "quarter": "2022-06 (Q2)",
      "signal": "OPERATING LEVERAGE",
      "detail": "Rev growth +20.4% vs OpEx growth +5.5% (leverage: 3.7x)",
      "severity": "MEDIUM"
    },
    {
      "quarter": "2022-06 (Q2)",
      "signal": "YoY REVENUE GROWTH DECELERATION",
      "detail": "YoY growth: +22.0% vs prior quarter YoY: +27.2% (decel: -5.2%)",
      "severity": "WARNING"
    },
    {
      "quarter": "2022-06 (Q2)",
      "signal": "INCREMENTAL MARGIN (YoY)",
      "detail": "YoY Incr OPM: +28.3% vs year-ago OPM: +16.9%",
      "severity": "MEDIUM"
    },
    {
      "quarter": "2022-03 (Q1)",
      "signal": "OPERATING LEVERAGE",
      "detail": "Rev growth +7.5% vs OpEx growth +2.7% (leverage: 2.7x)",
      "severity": "MEDIUM"
    },
    {
      "quarter": "2022-03 (Q1)",
      "signal": "GROSS MARGIN INFLECTION",
      "detail": "GM: +43.3% -> +34.3% -> +41.9% (reversal +7.6%)",
      "severity": "HIGH"
    },
    {
      "quarter": "2021-06 (Q2)",
      "signal": "OPERATING LEVERAGE",
      "detail": "Rev growth +25.5% vs OpEx growth +16.2% (leverage: 1.6x)",
      "severity": "MEDIUM"
    }
  ],
  "data_quality": {
    "n_quarters": 20,
    "coverage": {
      "revenue": [
        20,
        20
      ],
      "gross_profit": [
        20,
        20
      ],
      "op_income": [
        20,
        20
      ],
      "fcf": [
        20,
        20
      ]
    },
    "gaps": [],
    "warnings": []
  },
  "market_cap": null,
  "source": "SEC EDGAR",
  "last_updated": "2026-02-04T13:48:28.054431",
  "sector": "Industrials",
  "industry": "Security & Protection Services"
}