{
  "ticker": "NSYS",
  "name": "NORTECH SYSTEMS INCORPORATED",
  "quarters": [
    {
      "date": "2020-12-31T00:00:00",
      "quarter_label": "2020-12 (Q4)",
      "revenue": 23843000,
      "gross_profit": 1363000,
      "operating_income": -3765000,
      "net_income": -3531000,
      "opex": 5128000,
      "cogs": 22480000,
      "rd": 0,
      "sga": null,
      "fcf": 1374000,
      "ocf": 1462000,
      "capex": -88000,
      "gross_margin": 0.05716562513106572,
      "op_margin": -0.15790798137818227,
      "fcf_margin": 0.057626976471081656
    },
    {
      "date": "2021-03-31T00:00:00",
      "quarter_label": "2021-03 (Q1)",
      "revenue": 22072000,
      "gross_profit": 1561000,
      "operating_income": -2175000,
      "net_income": -1554000,
      "opex": 3736000,
      "cogs": 20511000,
      "rd": 0,
      "sga": null,
      "fcf": -1104000,
      "ocf": -896000,
      "capex": -208000,
      "gross_margin": 0.07072308807538963,
      "op_margin": -0.09854113809351214,
      "fcf_margin": -0.05001812250815513,
      "fcf_margin_change": -0.10764509897923678
    },
    {
      "date": "2021-06-30T00:00:00",
      "quarter_label": "2021-06 (Q2)",
      "revenue": 30182000,
      "gross_profit": 3585000,
      "operating_income": 406000,
      "net_income": 179000,
      "opex": 3179000,
      "cogs": 26597000,
      "rd": 207000,
      "sga": null,
      "fcf": -4988000,
      "ocf": -4537000,
      "capex": -451000,
      "gross_margin": 0.11877940494334371,
      "op_margin": 0.013451726194420515,
      "fcf_margin": -0.16526406467430918,
      "op_leverage_ratio": Infinity,
      "fcf_margin_change": -0.11524594216615405
    },
    {
      "date": "2021-09-30T00:00:00",
      "quarter_label": "2021-09 (Q3)",
      "revenue": 29452000,
      "gross_profit": 8041000,
      "operating_income": 4916000,
      "net_income": 3557000,
      "opex": 3125000,
      "cogs": 21411000,
      "rd": 141000,
      "sga": null,
      "fcf": 2042000,
      "ocf": 2581000,
      "capex": -539000,
      "gross_margin": 0.27302050794513105,
      "op_margin": 0.16691565937797093,
      "fcf_margin": 0.06933315224772511,
      "fcf_margin_change": 0.23459721692203428
    },
    {
      "date": "2021-12-31T00:00:00",
      "quarter_label": "2021-12 (Q4)",
      "revenue": 33462000,
      "gross_profit": 2677000,
      "operating_income": -876000,
      "net_income": 4966000,
      "opex": 3553000,
      "cogs": 30785000,
      "rd": 135000,
      "sga": null,
      "fcf": -1782000,
      "ocf": -1688000,
      "capex": -94000,
      "gross_margin": 0.08000119538581077,
      "op_margin": -0.026178949255872334,
      "fcf_margin": -0.05325443786982249,
      "incr_op_margin_yoy": 0.300343071005302,
      "rev_growth_yoy": 0.4034307763284822,
      "op_leverage_ratio": 0.994113184005402,
      "fcf_margin_change": -0.1225875901175476
    },
    {
      "date": "2022-03-31T00:00:00",
      "quarter_label": "2022-03 (Q1)",
      "revenue": 30711000,
      "gross_profit": 4044000,
      "operating_income": 169000,
      "net_income": 138000,
      "opex": 3875000,
      "cogs": 26667000,
      "rd": 328000,
      "sga": null,
      "fcf": 962000,
      "ocf": 1491000,
      "capex": -529000,
      "gross_margin": 0.1316792028914721,
      "op_margin": 0.00550291426524698,
      "fcf_margin": 0.03132428120217512,
      "incr_op_margin_yoy": 0.2713276999652738,
      "rev_growth_yoy": 0.39140086988039147,
      "rev_growth_yoy_accel": -0.01202990644809071,
      "fcf_margin_change": 0.0845787190719976
    },
    {
      "date": "2022-06-30T00:00:00",
      "quarter_label": "2022-06 (Q2)",
      "revenue": 32518000,
      "gross_profit": 5004000,
      "operating_income": 1025000,
      "net_income": 719000,
      "opex": 3979000,
      "cogs": 27514000,
      "rd": 351000,
      "sga": null,
      "fcf": -4084000,
      "ocf": -3431000,
      "capex": -653000,
      "gross_margin": 0.15388400270619348,
      "op_margin": 0.03152100375176825,
      "fcf_margin": -0.1255919798265576,
      "incr_op_margin_yoy": 0.2649828767123288,
      "rev_growth_yoy": 0.07739712411371016,
      "rev_growth_yoy_accel": -0.31400374576668133,
      "op_leverage_ratio": 2.1923130148806615,
      "fcf_margin_change": -0.1569162610287327
    },
    {
      "date": "2022-09-30T00:00:00",
      "quarter_label": "2022-09 (Q3)",
      "revenue": 35276000,
      "gross_profit": 6328000,
      "operating_income": 1945000,
      "net_income": 1534000,
      "opex": 4383000,
      "cogs": 28948000,
      "rd": 475000,
      "sga": null,
      "fcf": 2435000,
      "ocf": 2940000,
      "capex": -505000,
      "gross_margin": 0.17938541784782855,
      "op_margin": 0.05513663680689421,
      "fcf_margin": 0.06902710057829686,
      "incr_op_margin_yoy": -0.5101304945054945,
      "rev_growth_yoy": 0.19774548417764498,
      "rev_growth_yoy_accel": 0.12034836006393482,
      "op_leverage_ratio": 0.8353394829611506,
      "fcf_margin_change": 0.19461908040485446
    },
    {
      "date": "2022-12-31T00:00:00",
      "quarter_label": "2022-12 (Q4)",
      "revenue": 35618000,
      "gross_profit": 5104000,
      "operating_income": 749000,
      "net_income": -381000,
      "opex": 4355000,
      "cogs": 30514000,
      "rd": 309000,
      "sga": null,
      "fcf": 3719000,
      "ocf": 4402000,
      "capex": -683000,
      "gross_margin": 0.1432983323038913,
      "op_margin": 0.021028693357291257,
      "fcf_margin": 0.10441349879274524,
      "incr_op_margin_yoy": 0.7537105751391465,
      "rev_growth_yoy": 0.06443129520052597,
      "rev_growth_yoy_accel": -0.133314188977119,
      "fcf_margin_change": 0.035386398214448375
    },
    {
      "date": "2023-03-31T00:00:00",
      "quarter_label": "2023-03 (Q1)",
      "revenue": 34888000,
      "gross_profit": 5484000,
      "operating_income": 1053000,
      "net_income": 681000,
      "opex": 4431000,
      "cogs": 29404000,
      "rd": 276000,
      "sga": null,
      "fcf": 1222000,
      "ocf": 1718000,
      "capex": -496000,
      "gross_margin": 0.1571887181839028,
      "op_margin": 0.030182297638156386,
      "fcf_margin": 0.03502637009860124,
      "incr_op_margin_yoy": 0.21163514484079482,
      "rev_growth_yoy": 0.13600989873335287,
      "rev_growth_yoy_accel": 0.0715786035328269,
      "fcf_margin_change": -0.069387128694144
    },
    {
      "date": "2023-06-30T00:00:00",
      "quarter_label": "2023-06 (Q2)",
      "revenue": 35021000,
      "gross_profit": 5474000,
      "operating_income": 1099000,
      "net_income": 634000,
      "opex": 4375000,
      "cogs": 29547000,
      "rd": 317000,
      "sga": null,
      "fcf": -1897000,
      "ocf": -1437000,
      "capex": -460000,
      "gross_margin": 0.15630621627023786,
      "op_margin": 0.03138117129722167,
      "fcf_margin": -0.05416749950029982,
      "incr_op_margin_yoy": 0.029564522572912505,
      "rev_growth_yoy": 0.07697275355187896,
      "rev_growth_yoy_accel": -0.059037145181473905,
      "fcf_margin_change": -0.08919386959890106
    },
    {
      "date": "2023-09-30T00:00:00",
      "quarter_label": "2023-09 (Q3)",
      "revenue": 33369000,
      "gross_profit": 5319000,
      "operating_income": 1124000,
      "net_income": 1207000,
      "opex": 4195000,
      "cogs": 28050000,
      "rd": 314000,
      "sga": null,
      "fcf": 1735000,
      "ocf": 1900000,
      "capex": -165000,
      "gross_margin": 0.15939944259642183,
      "op_margin": 0.0336839581647637,
      "fcf_margin": 0.05199436602834966,
      "incr_op_margin_yoy": 0.4305191400104877,
      "rev_growth_yoy": -0.05405941716747931,
      "rev_growth_yoy_accel": -0.13103217071935827,
      "fcf_margin_change": 0.10616186552864948
    },
    {
      "date": "2023-12-31T00:00:00",
      "quarter_label": "2023-12 (Q4)",
      "revenue": -89848000,
      "gross_profit": 6827000,
      "operating_income": 2677000,
      "net_income": 4352000,
      "opex": 4150000,
      "cogs": 29227000,
      "rd": 292000,
      "sga": null,
      "fcf": -575000,
      "ocf": -412000,
      "capex": -163000,
      "gross_margin": -0.07598388389279673,
      "op_margin": -0.02979476449114059,
      "fcf_margin": 0.006399697266494524,
      "incr_op_margin_yoy": -0.015366712894329938,
      "rev_growth_yoy": -3.522544780728845,
      "rev_growth_yoy_accel": -3.4684853635613657,
      "fcf_margin_change": -0.04559466876185514
    },
    {
      "date": "2024-03-31T00:00:00",
      "quarter_label": "2024-03 (Q1)",
      "revenue": 34215000,
      "gross_profit": 5448000,
      "operating_income": 1155000,
      "net_income": 765000,
      "opex": 4293000,
      "cogs": 28767000,
      "rd": 318000,
      "sga": null,
      "fcf": 2084000,
      "ocf": 2828000,
      "capex": -744000,
      "gross_margin": 0.1592284085927225,
      "op_margin": 0.033757124068391056,
      "fcf_margin": 0.060908958059330706,
      "rev_growth_yoy": -0.01929030038981885,
      "rev_growth_yoy_accel": 3.503254480339026,
      "fcf_margin_change": 0.05450926079283618
    },
    {
      "date": "2024-06-30T00:00:00",
      "quarter_label": "2024-06 (Q2)",
      "revenue": 33891000,
      "gross_profit": 4617000,
      "operating_income": 344000,
      "net_income": 157000,
      "opex": 4273000,
      "cogs": 29274000,
      "rd": 291000,
      "sga": null,
      "fcf": -4562000,
      "ocf": -4286000,
      "capex": -276000,
      "gross_margin": 0.13623085774984509,
      "op_margin": 0.010150187365377239,
      "fcf_margin": -0.13460800802572956,
      "incr_op_margin_yoy": 0.668141592920354,
      "rev_growth_yoy": -0.032266354473030466,
      "rev_growth_yoy_accel": -0.012976054083211615,
      "fcf_margin_change": -0.19551696608506025
    },
    {
      "date": "2024-09-30T00:00:00",
      "quarter_label": "2024-09 (Q3)",
      "revenue": 31407000,
      "gross_profit": 3835000,
      "operating_income": -467000,
      "net_income": -739000,
      "opex": 4302000,
      "cogs": 27572000,
      "rd": 284000,
      "sga": null,
      "fcf": -1545000,
      "ocf": -1585000,
      "capex": 40000,
      "gross_margin": 0.12210653675932118,
      "op_margin": -0.014869296653612252,
      "fcf_margin": -0.04919285509599771,
      "incr_op_margin_yoy": 0.8109072375127421,
      "rev_growth_yoy": -0.05879708711678504,
      "rev_growth_yoy_accel": -0.026530732643754572,
      "fcf_margin_change": 0.08541515292973184
    },
    {
      "date": "2024-12-31T00:00:00",
      "quarter_label": "2024-12 (Q4)",
      "revenue": -85142000,
      "gross_profit": 2822000,
      "operating_income": -1227000,
      "net_income": -1478000,
      "opex": 4049000,
      "cogs": 25798000,
      "rd": 298000,
      "sga": null,
      "fcf": 503000,
      "ocf": 793000,
      "capex": -290000,
      "gross_margin": -0.03314462897277489,
      "op_margin": 0.014411218904888305,
      "fcf_margin": -0.005907777595076461,
      "incr_op_margin_yoy": -0.8295792605184871,
      "fcf_margin_change": 0.04328507750092125
    },
    {
      "date": "2025-03-31T00:00:00",
      "quarter_label": "2025-03 (Q1)",
      "revenue": 13406000,
      "gross_profit": 3078000,
      "operating_income": -1613000,
      "net_income": -1316000,
      "opex": 4691000,
      "cogs": 23817000,
      "rd": 326000,
      "sga": null,
      "fcf": -3198000,
      "ocf": -2930000,
      "capex": -268000,
      "gross_margin": 0.22959868715500523,
      "op_margin": -0.12031926003282112,
      "fcf_margin": -0.23854990302849471,
      "incr_op_margin_yoy": 0.1330193666202124,
      "rev_growth_yoy": -0.6081835452287009,
      "fcf_margin_change": -0.23264212543341825
    },
    {
      "date": "2025-06-30T00:00:00",
      "quarter_label": "2025-06 (Q2)",
      "revenue": 30675000,
      "gross_profit": 4837000,
      "operating_income": 742000,
      "net_income": 313000,
      "opex": 4095000,
      "cogs": 25838000,
      "rd": 302000,
      "sga": null,
      "fcf": 58000,
      "ocf": 157000,
      "capex": -99000,
      "gross_margin": 0.15768541157294214,
      "op_margin": 0.024189079054604726,
      "fcf_margin": 0.0018907905460472697,
      "incr_op_margin_yoy": -0.12375621890547264,
      "rev_growth_yoy": -0.09489244932282907,
      "rev_growth_yoy_accel": 0.5132910959058719,
      "op_leverage_ratio": Infinity,
      "fcf_margin_change": 0.24044069357454198
    },
    {
      "date": "2025-09-30T00:00:00",
      "quarter_label": "2025-09 (Q3)",
      "revenue": 30482000,
      "gross_profit": 5025000,
      "operating_income": 945000,
      "net_income": -146000,
      "opex": 4080000,
      "cogs": 25457000,
      "rd": 266000,
      "sga": null,
      "fcf": -242000,
      "ocf": -92000,
      "capex": -150000,
      "gross_margin": 0.1648513877042189,
      "op_margin": 0.03100190276228594,
      "fcf_margin": -0.007939111606849944,
      "rev_growth_yoy": -0.029452032986276945,
      "rev_growth_yoy_accel": 0.06544041633655212,
      "fcf_margin_change": -0.009829902152897214
    }
  ],
  "signals": [
    {
      "quarter": "2025-09 (Q3)",
      "signal": "YoY REVENUE GROWTH ACCELERATION",
      "detail": "YoY growth: -2.9% vs prior quarter YoY: -9.5% (accel: +6.5%)",
      "severity": "MEDIUM"
    },
    {
      "quarter": "2025-09 (Q3)",
      "signal": "OP MARGIN TURNED POSITIVE (YoY)",
      "detail": "Op margin: -1.5% (year-ago) -> +3.1%",
      "severity": "HIGH"
    },
    {
      "quarter": "2025-06 (Q2)",
      "signal": "FCF TURNED POSITIVE",
      "detail": "FCF margin: -23.9% -> +0.2%",
      "severity": "HIGH"
    },
    {
      "quarter": "2025-06 (Q2)",
      "signal": "YoY REVENUE GROWTH ACCELERATION",
      "detail": "YoY growth: -9.5% vs prior quarter YoY: -60.8% (accel: +51.3%)",
      "severity": "HIGH"
    },
    {
      "quarter": "2025-06 (Q2)",
      "signal": "OP MARGIN TURNED POSITIVE (QoQ)",
      "detail": "Op margin: -12.0% -> +2.4%",
      "severity": "HIGH"
    },
    {
      "quarter": "2025-03 (Q1)",
      "signal": "GROSS MARGIN INFLECTION",
      "detail": "GM: +12.2% -> -3.3% -> +23.0% (reversal +26.3%)",
      "severity": "HIGH"
    },
    {
      "quarter": "2024-12 (Q4)",
      "signal": "OP MARGIN TURNED POSITIVE (YoY)",
      "detail": "Op margin: -3.0% (year-ago) -> +1.4%",
      "severity": "HIGH"
    },
    {
      "quarter": "2024-12 (Q4)",
      "signal": "OP MARGIN TURNED POSITIVE (QoQ)",
      "detail": "Op margin: -1.5% -> +1.4%",
      "severity": "HIGH"
    },
    {
      "quarter": "2024-09 (Q3)",
      "signal": "FCF MARGIN EXPANSION",
      "detail": "FCF margin: -13.5% -> -4.9% (+8.5%)",
      "severity": "MEDIUM"
    },
    {
      "quarter": "2024-06 (Q2)",
      "signal": "INCREMENTAL MARGIN (YoY)",
      "detail": "YoY Incr OPM: +66.8% vs year-ago OPM: +3.1%",
      "severity": "HIGH"
    },
    {
      "quarter": "2024-03 (Q1)",
      "signal": "FCF MARGIN EXPANSION",
      "detail": "FCF margin: +0.6% -> +6.1% (+5.5%)",
      "severity": "MEDIUM"
    },
    {
      "quarter": "2024-03 (Q1)",
      "signal": "GROSS MARGIN INFLECTION",
      "detail": "GM: +15.9% -> -7.6% -> +15.9% (reversal +23.5%)",
      "severity": "HIGH"
    },
    {
      "quarter": "2024-03 (Q1)",
      "signal": "YoY REVENUE GROWTH ACCELERATION",
      "detail": "YoY growth: -1.9% vs prior quarter YoY: -352.3% (accel: +350.3%)",
      "severity": "HIGH"
    },
    {
      "quarter": "2024-03 (Q1)",
      "signal": "OP MARGIN TURNED POSITIVE (QoQ)",
      "detail": "Op margin: -3.0% -> +3.4%",
      "severity": "HIGH"
    },
    {
      "quarter": "2023-12 (Q4)",
      "signal": "YoY REVENUE GROWTH DECELERATION",
      "detail": "YoY growth: -352.3% vs prior quarter YoY: -5.4% (decel: -346.8%)",
      "severity": "WARNING"
    },
    {
      "quarter": "2023-09 (Q3)",
      "signal": "FCF TURNED POSITIVE",
      "detail": "FCF margin: -5.4% -> +5.2%",
      "severity": "HIGH"
    },
    {
      "quarter": "2023-09 (Q3)",
      "signal": "YoY REVENUE GROWTH DECELERATION",
      "detail": "YoY growth: -5.4% vs prior quarter YoY: +7.7% (decel: -13.1%)",
      "severity": "WARNING"
    },
    {
      "quarter": "2023-09 (Q3)",
      "signal": "INCREMENTAL MARGIN (YoY)",
      "detail": "YoY Incr OPM: +43.1% vs year-ago OPM: +5.5%",
      "severity": "HIGH"
    },
    {
      "quarter": "2023-06 (Q2)",
      "signal": "YoY REVENUE GROWTH DECELERATION",
      "detail": "YoY growth: +7.7% vs prior quarter YoY: +13.6% (decel: -5.9%)",
      "severity": "WARNING"
    },
    {
      "quarter": "2023-03 (Q1)",
      "signal": "YoY REVENUE GROWTH ACCELERATION",
      "detail": "YoY growth: +13.6% vs prior quarter YoY: +6.4% (accel: +7.2%)",
      "severity": "MEDIUM"
    },
    {
      "quarter": "2023-03 (Q1)",
      "signal": "INCREMENTAL MARGIN (YoY)",
      "detail": "YoY Incr OPM: +21.2% vs year-ago OPM: +0.6%",
      "severity": "HIGH"
    },
    {
      "quarter": "2022-12 (Q4)",
      "signal": "YoY REVENUE GROWTH DECELERATION",
      "detail": "YoY growth: +6.4% vs prior quarter YoY: +19.8% (decel: -13.3%)",
      "severity": "WARNING"
    },
    {
      "quarter": "2022-12 (Q4)",
      "signal": "OP MARGIN TURNED POSITIVE (YoY)",
      "detail": "Op margin: -2.6% (year-ago) -> +2.1%",
      "severity": "HIGH"
    },
    {
      "quarter": "2022-09 (Q3)",
      "signal": "FCF TURNED POSITIVE",
      "detail": "FCF margin: -12.6% -> +6.9%",
      "severity": "HIGH"
    },
    {
      "quarter": "2022-09 (Q3)",
      "signal": "YoY REVENUE GROWTH ACCELERATION",
      "detail": "YoY growth: +19.8% vs prior quarter YoY: +7.7% (accel: +12.0%)",
      "severity": "MEDIUM"
    },
    {
      "quarter": "2022-06 (Q2)",
      "signal": "OPERATING LEVERAGE",
      "detail": "Rev growth +5.9% vs OpEx growth +2.7% (leverage: 2.2x)",
      "severity": "MEDIUM"
    },
    {
      "quarter": "2022-06 (Q2)",
      "signal": "YoY REVENUE GROWTH DECELERATION",
      "detail": "YoY growth: +7.7% vs prior quarter YoY: +39.1% (decel: -31.4%)",
      "severity": "WARNING"
    },
    {
      "quarter": "2022-06 (Q2)",
      "signal": "INCREMENTAL MARGIN (YoY)",
      "detail": "YoY Incr OPM: +26.5% vs year-ago OPM: +1.3%",
      "severity": "HIGH"
    },
    {
      "quarter": "2022-03 (Q1)",
      "signal": "FCF TURNED POSITIVE",
      "detail": "FCF margin: -5.3% -> +3.1%",
      "severity": "HIGH"
    },
    {
      "quarter": "2022-03 (Q1)",
      "signal": "GROSS MARGIN INFLECTION",
      "detail": "GM: +27.3% -> +8.0% -> +13.2% (reversal +5.2%)",
      "severity": "HIGH"
    },
    {
      "quarter": "2022-03 (Q1)",
      "signal": "OP MARGIN TURNED POSITIVE (YoY)",
      "detail": "Op margin: -9.9% (year-ago) -> +0.6%",
      "severity": "HIGH"
    },
    {
      "quarter": "2022-03 (Q1)",
      "signal": "OP MARGIN TURNED POSITIVE (QoQ)",
      "detail": "Op margin: -2.6% -> +0.6%",
      "severity": "HIGH"
    },
    {
      "quarter": "2021-09 (Q3)",
      "signal": "FCF TURNED POSITIVE",
      "detail": "FCF margin: -16.5% -> +6.9%",
      "severity": "HIGH"
    },
    {
      "quarter": "2021-06 (Q2)",
      "signal": "OP MARGIN TURNED POSITIVE (QoQ)",
      "detail": "Op margin: -9.9% -> +1.3%",
      "severity": "HIGH"
    }
  ],
  "data_quality": {
    "n_quarters": 20,
    "coverage": {
      "revenue": [
        20,
        20
      ],
      "gross_profit": [
        20,
        20
      ],
      "op_income": [
        20,
        20
      ],
      "fcf": [
        20,
        20
      ]
    },
    "gaps": [],
    "warnings": []
  },
  "market_cap": null,
  "source": "SEC EDGAR",
  "last_updated": "2026-02-02T23:55:00.361329"
}