{
  "ticker": "NTAP",
  "name": "NetApp, Inc.",
  "quarters": [
    {
      "date": "2021-01-29T00:00:00",
      "quarter_label": "2021-01 (Q1)",
      "revenue": 1470000000,
      "gross_profit": 975000000,
      "operating_income": 258000000,
      "net_income": 182000000,
      "opex": 717000000,
      "cogs": 495000000,
      "rd": 215000000,
      "sga": null,
      "fcf": 341000000,
      "ocf": 373000000,
      "capex": -32000000,
      "gross_margin": 0.6632653061224489,
      "op_margin": 0.17551020408163265,
      "fcf_margin": 0.23197278911564626
    },
    {
      "date": "2021-04-30T00:00:00",
      "quarter_label": "2021-04 (Q2)",
      "revenue": 1555000000,
      "gross_profit": 1035000000,
      "operating_income": 455000000,
      "net_income": 334000000,
      "opex": 580000000,
      "cogs": 520000000,
      "rd": 221000000,
      "sga": null,
      "fcf": 521000000,
      "ocf": 559000000,
      "capex": -38000000,
      "gross_margin": 0.6655948553054662,
      "op_margin": 0.29260450160771706,
      "fcf_margin": 0.335048231511254,
      "op_leverage_ratio": Infinity,
      "fcf_margin_change": 0.10307544239560776
    },
    {
      "date": "2021-07-30T00:00:00",
      "quarter_label": "2021-07 (Q3)",
      "revenue": 1458000000,
      "gross_profit": 999000000,
      "operating_income": 249000000,
      "net_income": 202000000,
      "opex": 750000000,
      "cogs": 459000000,
      "rd": 210000000,
      "sga": null,
      "fcf": 191000000,
      "ocf": 242000000,
      "capex": -51000000,
      "gross_margin": 0.6851851851851852,
      "op_margin": 0.17078189300411523,
      "fcf_margin": 0.1310013717421125,
      "fcf_margin_change": -0.20404685976914153
    },
    {
      "date": "2021-10-29T00:00:00",
      "quarter_label": "2021-10 (Q4)",
      "revenue": 1566000000,
      "gross_profit": 1059000000,
      "operating_income": 294000000,
      "net_income": 224000000,
      "opex": 765000000,
      "cogs": 507000000,
      "rd": 216000000,
      "sga": null,
      "fcf": 252000000,
      "ocf": 298000000,
      "capex": -46000000,
      "gross_margin": 0.6762452107279694,
      "op_margin": 0.18773946360153257,
      "fcf_margin": 0.16091954022988506,
      "op_leverage_ratio": 3.7037037037037033,
      "fcf_margin_change": 0.029918168487772567
    },
    {
      "date": "2022-01-28T00:00:00",
      "quarter_label": "2022-01 (Q1)",
      "revenue": 1614000000,
      "gross_profit": 1073000000,
      "operating_income": 321000000,
      "net_income": 252000000,
      "opex": 752000000,
      "cogs": 541000000,
      "rd": 220000000,
      "sga": null,
      "fcf": 199000000,
      "ocf": 260000000,
      "capex": -61000000,
      "gross_margin": 0.6648079306071871,
      "op_margin": 0.19888475836431227,
      "fcf_margin": 0.12329615861214374,
      "incr_op_margin_yoy": 0.4375,
      "rev_growth_yoy": 0.09795918367346938,
      "op_leverage_ratio": Infinity,
      "fcf_margin_change": -0.037623381617741314
    },
    {
      "date": "2022-04-29T00:00:00",
      "quarter_label": "2022-04 (Q2)",
      "revenue": 1680000000,
      "gross_profit": 1089000000,
      "operating_income": 293000000,
      "net_income": 259000000,
      "opex": 796000000,
      "cogs": 591000000,
      "rd": 235000000,
      "sga": null,
      "fcf": 343000000,
      "ocf": 411000000,
      "capex": -68000000,
      "gross_margin": 0.6482142857142857,
      "op_margin": 0.1744047619047619,
      "fcf_margin": 0.20416666666666666,
      "incr_op_margin_yoy": -1.296,
      "rev_growth_yoy": 0.08038585209003216,
      "rev_growth_yoy_accel": -0.017573331583437227,
      "op_leverage_ratio": 0.6988847583643123,
      "fcf_margin_change": 0.08087050805452292
    },
    {
      "date": "2022-07-29T00:00:00",
      "quarter_label": "2022-07 (Q3)",
      "revenue": 1592000000,
      "gross_profit": 1046000000,
      "operating_income": 255000000,
      "net_income": 214000000,
      "opex": 791000000,
      "cogs": 546000000,
      "rd": 240000000,
      "sga": null,
      "fcf": 216000000,
      "ocf": 281000000,
      "capex": -65000000,
      "gross_margin": 0.657035175879397,
      "op_margin": 0.16017587939698494,
      "fcf_margin": 0.135678391959799,
      "incr_op_margin_yoy": 0.04477611940298507,
      "rev_growth_yoy": 0.09190672153635117,
      "rev_growth_yoy_accel": 0.011520869446319013,
      "fcf_margin_change": -0.06848827470686766
    },
    {
      "date": "2022-10-28T00:00:00",
      "quarter_label": "2022-10 (Q4)",
      "revenue": 1663000000,
      "gross_profit": 1087000000,
      "operating_income": 282000000,
      "net_income": 750000000,
      "opex": 805000000,
      "cogs": 576000000,
      "rd": 243000000,
      "sga": null,
      "fcf": 137000000,
      "ocf": 214000000,
      "capex": -77000000,
      "gross_margin": 0.6536380036079374,
      "op_margin": 0.16957306073361395,
      "fcf_margin": 0.08238123872519543,
      "incr_op_margin_yoy": -0.12371134020618557,
      "rev_growth_yoy": 0.06194125159642401,
      "rev_growth_yoy_accel": -0.02996546993992716,
      "op_leverage_ratio": 2.519786432160804,
      "fcf_margin_change": -0.05329715323460357
    },
    {
      "date": "2023-01-27T00:00:00",
      "quarter_label": "2023-01 (Q1)",
      "revenue": 1526000000,
      "gross_profit": 1001000000,
      "operating_income": 172000000,
      "net_income": 65000000,
      "opex": 829000000,
      "cogs": 525000000,
      "rd": 230000000,
      "sga": null,
      "fcf": 319000000,
      "ocf": 377000000,
      "capex": -58000000,
      "gross_margin": 0.6559633027522935,
      "op_margin": 0.1127129750982962,
      "fcf_margin": 0.209043250327654,
      "incr_op_margin_yoy": 1.6931818181818181,
      "rev_growth_yoy": -0.05452292441140025,
      "rev_growth_yoy_accel": -0.11646417600782426,
      "fcf_margin_change": 0.12666201160245857
    },
    {
      "date": "2023-04-28T00:00:00",
      "quarter_label": "2023-04 (Q2)",
      "revenue": 1581000000,
      "gross_profit": 1075000000,
      "operating_income": 309000000,
      "net_income": 245000000,
      "opex": 766000000,
      "cogs": 506000000,
      "rd": 243000000,
      "sga": null,
      "fcf": 196000000,
      "ocf": 235000000,
      "capex": -39000000,
      "gross_margin": 0.6799493991144845,
      "op_margin": 0.1954459203036053,
      "fcf_margin": 0.12397216951296648,
      "incr_op_margin_yoy": -0.16161616161616163,
      "rev_growth_yoy": -0.05892857142857143,
      "rev_growth_yoy_accel": -0.00440564701717118,
      "op_leverage_ratio": Infinity,
      "fcf_margin_change": -0.08507108081468752
    },
    {
      "date": "2023-07-28T00:00:00",
      "quarter_label": "2023-07 (Q3)",
      "revenue": 1432000000,
      "gross_profit": 996000000,
      "operating_income": 178000000,
      "net_income": 149000000,
      "opex": 818000000,
      "cogs": 436000000,
      "rd": 247000000,
      "sga": null,
      "fcf": 418000000,
      "ocf": 453000000,
      "capex": -35000000,
      "gross_margin": 0.6955307262569832,
      "op_margin": 0.12430167597765363,
      "fcf_margin": 0.2918994413407821,
      "incr_op_margin_yoy": 0.48125,
      "rev_growth_yoy": -0.10050251256281408,
      "rev_growth_yoy_accel": -0.04157394113424265,
      "fcf_margin_change": 0.16792727182781564
    },
    {
      "date": "2023-10-27T00:00:00",
      "quarter_label": "2023-10 (Q4)",
      "revenue": 1562000000,
      "gross_profit": 1110000000,
      "operating_income": 304000000,
      "net_income": 233000000,
      "opex": 806000000,
      "cogs": 452000000,
      "rd": 262000000,
      "sga": null,
      "fcf": 97000000,
      "ocf": 135000000,
      "capex": -38000000,
      "gross_margin": 0.7106274007682458,
      "op_margin": 0.1946222791293214,
      "fcf_margin": 0.06209987195902689,
      "incr_op_margin_yoy": -0.21782178217821782,
      "rev_growth_yoy": -0.060733613950691524,
      "rev_growth_yoy_accel": 0.03976889861212255,
      "op_leverage_ratio": Infinity,
      "fcf_margin_change": -0.22979956938175522
    },
    {
      "date": "2024-01-26T00:00:00",
      "quarter_label": "2024-01 (Q1)",
      "revenue": 1606000000,
      "gross_profit": 1151000000,
      "operating_income": 366000000,
      "net_income": 313000000,
      "opex": 785000000,
      "cogs": 455000000,
      "rd": 249000000,
      "sga": null,
      "fcf": 448000000,
      "ocf": 484000000,
      "capex": -36000000,
      "gross_margin": 0.7166874221668742,
      "op_margin": 0.22789539227895392,
      "fcf_margin": 0.27895392278953923,
      "incr_op_margin_yoy": 2.425,
      "rev_growth_yoy": 0.05242463958060288,
      "rev_growth_yoy_accel": 0.11315825353129441,
      "op_leverage_ratio": Infinity,
      "fcf_margin_change": 0.21685405083051235
    },
    {
      "date": "2024-04-26T00:00:00",
      "quarter_label": "2024-04 (Q2)",
      "revenue": 1668000000,
      "gross_profit": 1176000000,
      "operating_income": 366000000,
      "net_income": 291000000,
      "opex": 810000000,
      "cogs": 492000000,
      "rd": 271000000,
      "sga": null,
      "fcf": 567000000,
      "ocf": 613000000,
      "capex": -46000000,
      "gross_margin": 0.7050359712230215,
      "op_margin": 0.21942446043165467,
      "fcf_margin": 0.33992805755395683,
      "incr_op_margin_yoy": 0.6551724137931034,
      "rev_growth_yoy": 0.05502846299810247,
      "rev_growth_yoy_accel": 0.0026038234174995886,
      "op_leverage_ratio": 1.2122042341220425,
      "fcf_margin_change": 0.0609741347644176
    },
    {
      "date": "2024-07-26T00:00:00",
      "quarter_label": "2024-07 (Q3)",
      "revenue": 1541000000,
      "gross_profit": 1098000000,
      "operating_income": 282000000,
      "net_income": 248000000,
      "opex": 816000000,
      "cogs": 443000000,
      "rd": 252000000,
      "sga": null,
      "fcf": 300000000,
      "ocf": 341000000,
      "capex": -41000000,
      "gross_margin": 0.7125243348475017,
      "op_margin": 0.18299805321219986,
      "fcf_margin": 0.1946787800129786,
      "incr_op_margin_yoy": 0.9541284403669725,
      "rev_growth_yoy": 0.07611731843575419,
      "rev_growth_yoy_accel": 0.021088855437651717,
      "fcf_margin_change": -0.14524927754097824
    },
    {
      "date": "2024-10-25T00:00:00",
      "quarter_label": "2024-10 (Q4)",
      "revenue": 1658000000,
      "gross_profit": 1177000000,
      "operating_income": 345000000,
      "net_income": 299000000,
      "opex": 832000000,
      "cogs": 481000000,
      "rd": 257000000,
      "sga": null,
      "fcf": 60000000,
      "ocf": 105000000,
      "capex": -45000000,
      "gross_margin": 0.7098914354644149,
      "op_margin": 0.2080820265379976,
      "fcf_margin": 0.03618817852834741,
      "incr_op_margin_yoy": 0.4270833333333333,
      "rev_growth_yoy": 0.06145966709346991,
      "rev_growth_yoy_accel": -0.014657651342284278,
      "op_leverage_ratio": 3.8721609344581442,
      "fcf_margin_change": -0.15849060148463118
    },
    {
      "date": "2025-01-24T00:00:00",
      "quarter_label": "2025-01 (Q1)",
      "revenue": 1641000000,
      "gross_profit": 1145000000,
      "operating_income": 362000000,
      "net_income": 299000000,
      "opex": 783000000,
      "cogs": 496000000,
      "rd": 247000000,
      "sga": null,
      "fcf": 338000000,
      "ocf": 385000000,
      "capex": -47000000,
      "gross_margin": 0.6977452772699574,
      "op_margin": 0.2205971968312005,
      "fcf_margin": 0.20597196831200487,
      "incr_op_margin_yoy": -0.11428571428571428,
      "rev_growth_yoy": 0.021793275217932753,
      "rev_growth_yoy_accel": -0.03966639187553715,
      "fcf_margin_change": 0.16978378978365746
    },
    {
      "date": "2025-04-25T00:00:00",
      "quarter_label": "2025-04 (Q2)",
      "revenue": 1732000000,
      "gross_profit": 1193000000,
      "operating_income": 348000000,
      "net_income": 340000000,
      "opex": 845000000,
      "cogs": 539000000,
      "rd": 256000000,
      "sga": null,
      "fcf": 640000000,
      "ocf": 675000000,
      "capex": -35000000,
      "gross_margin": 0.6887990762124712,
      "op_margin": 0.20092378752886836,
      "fcf_margin": 0.3695150115473441,
      "incr_op_margin_yoy": -0.28125,
      "rev_growth_yoy": 0.03836930455635491,
      "rev_growth_yoy_accel": 0.01657602933842216,
      "op_leverage_ratio": 0.7003302470955947,
      "fcf_margin_change": 0.16354304323533925
    },
    {
      "date": "2025-07-25T00:00:00",
      "quarter_label": "2025-07 (Q3)",
      "revenue": 1559000000,
      "gross_profit": 1098000000,
      "operating_income": 309000000,
      "net_income": 233000000,
      "opex": 789000000,
      "cogs": 461000000,
      "rd": 242000000,
      "sga": null,
      "fcf": 620000000,
      "ocf": 673000000,
      "capex": -53000000,
      "gross_margin": 0.7042976266837716,
      "op_margin": 0.19820397690827454,
      "fcf_margin": 0.3976908274534958,
      "incr_op_margin_yoy": 1.5,
      "rev_growth_yoy": 0.011680726800778715,
      "rev_growth_yoy_accel": -0.026688577755576197,
      "fcf_margin_change": 0.028175815906151702
    },
    {
      "date": "2025-10-24T00:00:00",
      "quarter_label": "2025-10 (Q4)",
      "revenue": 1705000000,
      "gross_profit": 1227000000,
      "operating_income": 399000000,
      "net_income": 305000000,
      "opex": 828000000,
      "cogs": 478000000,
      "rd": 251000000,
      "sga": null,
      "fcf": 78000000,
      "ocf": 127000000,
      "capex": -49000000,
      "gross_margin": 0.7196480938416422,
      "op_margin": 0.23401759530791788,
      "fcf_margin": 0.04574780058651026,
      "incr_op_margin_yoy": 1.148936170212766,
      "rev_growth_yoy": 0.028347406513872134,
      "rev_growth_yoy_accel": 0.01666667971309342,
      "op_leverage_ratio": 1.8946069965954508,
      "fcf_margin_change": -0.35194302686698553
    }
  ],
  "signals": [
    {
      "quarter": "2025-10 (Q4)",
      "signal": "OPERATING LEVERAGE",
      "detail": "Rev growth +9.4% vs OpEx growth +4.9% (leverage: 1.9x)",
      "severity": "MEDIUM"
    },
    {
      "quarter": "2025-10 (Q4)",
      "signal": "INCREMENTAL MARGIN (YoY)",
      "detail": "YoY Incr OPM: +114.9% vs year-ago OPM: +20.8%",
      "severity": "HIGH"
    },
    {
      "quarter": "2025-07 (Q3)",
      "signal": "INCREMENTAL MARGIN (YoY)",
      "detail": "YoY Incr OPM: +150.0% vs year-ago OPM: +18.3%",
      "severity": "HIGH"
    },
    {
      "quarter": "2025-04 (Q2)",
      "signal": "FCF MARGIN EXPANSION",
      "detail": "FCF margin: +20.6% -> +37.0% (+16.4%)",
      "severity": "MEDIUM"
    },
    {
      "quarter": "2025-01 (Q1)",
      "signal": "FCF MARGIN EXPANSION",
      "detail": "FCF margin: +3.6% -> +20.6% (+17.0%)",
      "severity": "MEDIUM"
    },
    {
      "quarter": "2024-10 (Q4)",
      "signal": "OPERATING LEVERAGE",
      "detail": "Rev growth +7.6% vs OpEx growth +2.0% (leverage: 3.9x)",
      "severity": "MEDIUM"
    },
    {
      "quarter": "2024-10 (Q4)",
      "signal": "INCREMENTAL MARGIN (YoY)",
      "detail": "YoY Incr OPM: +42.7% vs year-ago OPM: +19.5%",
      "severity": "HIGH"
    },
    {
      "quarter": "2024-07 (Q3)",
      "signal": "INCREMENTAL MARGIN (YoY)",
      "detail": "YoY Incr OPM: +95.4% vs year-ago OPM: +12.4%",
      "severity": "HIGH"
    },
    {
      "quarter": "2024-04 (Q2)",
      "signal": "FCF MARGIN EXPANSION",
      "detail": "FCF margin: +27.9% -> +34.0% (+6.1%)",
      "severity": "MEDIUM"
    },
    {
      "quarter": "2024-04 (Q2)",
      "signal": "INCREMENTAL MARGIN (YoY)",
      "detail": "YoY Incr OPM: +65.5% vs year-ago OPM: +19.5%",
      "severity": "HIGH"
    },
    {
      "quarter": "2024-01 (Q1)",
      "signal": "FCF MARGIN EXPANSION",
      "detail": "FCF margin: +6.2% -> +27.9% (+21.7%)",
      "severity": "MEDIUM"
    },
    {
      "quarter": "2024-01 (Q1)",
      "signal": "YoY REVENUE GROWTH ACCELERATION",
      "detail": "YoY growth: +5.2% vs prior quarter YoY: -6.1% (accel: +11.3%)",
      "severity": "MEDIUM"
    },
    {
      "quarter": "2024-01 (Q1)",
      "signal": "INCREMENTAL MARGIN (YoY)",
      "detail": "YoY Incr OPM: +242.5% vs year-ago OPM: +11.3%",
      "severity": "HIGH"
    },
    {
      "quarter": "2023-07 (Q3)",
      "signal": "FCF MARGIN EXPANSION",
      "detail": "FCF margin: +12.4% -> +29.2% (+16.8%)",
      "severity": "MEDIUM"
    },
    {
      "quarter": "2023-07 (Q3)",
      "signal": "INCREMENTAL MARGIN (YoY)",
      "detail": "YoY Incr OPM: +48.1% vs year-ago OPM: +16.0%",
      "severity": "HIGH"
    },
    {
      "quarter": "2023-01 (Q1)",
      "signal": "FCF MARGIN EXPANSION",
      "detail": "FCF margin: +8.2% -> +20.9% (+12.7%)",
      "severity": "MEDIUM"
    },
    {
      "quarter": "2023-01 (Q1)",
      "signal": "YoY REVENUE GROWTH DECELERATION",
      "detail": "YoY growth: -5.5% vs prior quarter YoY: +6.2% (decel: -11.6%)",
      "severity": "WARNING"
    },
    {
      "quarter": "2023-01 (Q1)",
      "signal": "INCREMENTAL MARGIN (YoY)",
      "detail": "YoY Incr OPM: +169.3% vs year-ago OPM: +19.9%",
      "severity": "HIGH"
    },
    {
      "quarter": "2022-10 (Q4)",
      "signal": "OPERATING LEVERAGE",
      "detail": "Rev growth +4.5% vs OpEx growth +1.8% (leverage: 2.5x)",
      "severity": "MEDIUM"
    },
    {
      "quarter": "2022-04 (Q2)",
      "signal": "FCF MARGIN EXPANSION",
      "detail": "FCF margin: +12.3% -> +20.4% (+8.1%)",
      "severity": "MEDIUM"
    },
    {
      "quarter": "2022-01 (Q1)",
      "signal": "INCREMENTAL MARGIN (YoY)",
      "detail": "YoY Incr OPM: +43.8% vs year-ago OPM: +17.6%",
      "severity": "HIGH"
    },
    {
      "quarter": "2021-10 (Q4)",
      "signal": "OPERATING LEVERAGE",
      "detail": "Rev growth +7.4% vs OpEx growth +2.0% (leverage: 3.7x)",
      "severity": "MEDIUM"
    },
    {
      "quarter": "2021-04 (Q2)",
      "signal": "FCF MARGIN EXPANSION",
      "detail": "FCF margin: +23.2% -> +33.5% (+10.3%)",
      "severity": "MEDIUM"
    }
  ],
  "data_quality": {
    "n_quarters": 20,
    "coverage": {
      "revenue": [
        20,
        20
      ],
      "gross_profit": [
        20,
        20
      ],
      "op_income": [
        20,
        20
      ],
      "fcf": [
        20,
        20
      ]
    },
    "gaps": [],
    "warnings": []
  },
  "market_cap": null,
  "source": "SEC EDGAR",
  "last_updated": "2026-02-02T20:18:37.512380"
}