{
  "ticker": "NTGR",
  "name": "NETGEAR, Inc.",
  "quarters": [
    {
      "date": "2020-12-31T00:00:00",
      "quarter_label": "2020-12 (Q4)",
      "revenue": 367073000,
      "gross_profit": 111116000,
      "operating_income": 33842000,
      "net_income": null,
      "opex": 77274000,
      "cogs": 255957000,
      "rd": 23376000,
      "sga": null,
      "fcf": 41904000,
      "ocf": 46088000,
      "capex": -4184000,
      "gross_margin": 0.30270818066161226,
      "op_margin": 0.09219419570494153,
      "fcf_margin": 0.11415712950829944
    },
    {
      "date": "2021-03-28T00:00:00",
      "quarter_label": "2021-03 (Q1)",
      "revenue": 317925000,
      "gross_profit": 110941000,
      "operating_income": 31327000,
      "net_income": 22960000,
      "opex": 79614000,
      "cogs": 206984000,
      "rd": 23829000,
      "sga": null,
      "fcf": 12149000,
      "ocf": 13737000,
      "capex": -1588000,
      "gross_margin": 0.34895336950538647,
      "op_margin": 0.09853581819611544,
      "fcf_margin": 0.03821341511362743,
      "fcf_margin_change": -0.07594371439467201
    },
    {
      "date": "2021-06-27T00:00:00",
      "quarter_label": "2021-06 (Q2)",
      "revenue": 308811000,
      "gross_profit": 93356000,
      "operating_income": 21504000,
      "net_income": 17834000,
      "opex": 71852000,
      "cogs": 215455000,
      "rd": 22586000,
      "sga": null,
      "fcf": -8195000,
      "ocf": -5227000,
      "capex": -2968000,
      "gross_margin": 0.3023078841103458,
      "op_margin": 0.06963482518433604,
      "fcf_margin": -0.026537267131028365,
      "fcf_margin_change": -0.0647506822446558
    },
    {
      "date": "2021-10-03T00:00:00",
      "quarter_label": "2021-10 (Q4)",
      "revenue": 290150000,
      "gross_profit": 86841000,
      "operating_income": 12915000,
      "net_income": 9584000,
      "opex": 73926000,
      "cogs": 203309000,
      "rd": 23472000,
      "sga": null,
      "fcf": -19370000,
      "ocf": -17008000,
      "capex": -2362000,
      "gross_margin": 0.2992969153885921,
      "op_margin": 0.04451145958986731,
      "fcf_margin": -0.06675857315181803,
      "fcf_margin_change": -0.04022130602078967
    },
    {
      "date": "2021-12-31T00:00:00",
      "quarter_label": "2021-12 (Q4)",
      "revenue": 251187000,
      "gross_profit": 74699000,
      "operating_income": 851000,
      "net_income": -991000,
      "opex": 73848000,
      "cogs": 176488000,
      "rd": 23080000,
      "sga": null,
      "fcf": 973000,
      "ocf": 3919000,
      "capex": -2946000,
      "gross_margin": 0.29738402066985953,
      "op_margin": 0.0033879141834569464,
      "fcf_margin": 0.003873608108699893,
      "incr_op_margin_yoy": 0.284684949001605,
      "rev_growth_yoy": -0.3157028710910364,
      "fcf_margin_change": 0.07063218126051793
    },
    {
      "date": "2022-04-03T00:00:00",
      "quarter_label": "2022-04 (Q2)",
      "revenue": 210558000,
      "gross_profit": 58903000,
      "operating_income": -58545000,
      "net_income": -57210000,
      "opex": 117448000,
      "cogs": 151655000,
      "rd": 23821000,
      "sga": null,
      "fcf": 337000,
      "ocf": 1294000,
      "capex": -957000,
      "gross_margin": 0.27974714805421785,
      "op_margin": -0.2780469039409569,
      "fcf_margin": 0.0016005091233769317,
      "incr_op_margin_yoy": 0.837054215913642,
      "rev_growth_yoy": -0.3377117244633168,
      "rev_growth_yoy_accel": -0.022008853372280424,
      "fcf_margin_change": -0.0022730989853229615
    },
    {
      "date": "2022-07-03T00:00:00",
      "quarter_label": "2022-07 (Q3)",
      "revenue": 223224000,
      "gross_profit": 61421000,
      "operating_income": -10050000,
      "net_income": -8534000,
      "opex": 71471000,
      "cogs": 161803000,
      "rd": 22205000,
      "sga": null,
      "fcf": 4072000,
      "ocf": 5152000,
      "capex": -1080000,
      "gross_margin": 0.2751541052933376,
      "op_margin": -0.045022040640791315,
      "fcf_margin": 0.01824176611833853,
      "incr_op_margin_yoy": 0.3686774860668092,
      "rev_growth_yoy": -0.27715010151840447,
      "rev_growth_yoy_accel": 0.06056162294491235,
      "op_leverage_ratio": Infinity,
      "fcf_margin_change": 0.0166412569949616
    },
    {
      "date": "2022-10-02T00:00:00",
      "quarter_label": "2022-10 (Q4)",
      "revenue": 249587000,
      "gross_profit": 68529000,
      "operating_income": -2151000,
      "net_income": 2801000,
      "opex": 70680000,
      "cogs": 181058000,
      "rd": 22167000,
      "sga": null,
      "fcf": -17341000,
      "ocf": -15245000,
      "capex": -2096000,
      "gross_margin": 0.2745695889609635,
      "op_margin": -0.008618237328065966,
      "fcf_margin": -0.06947877894281353,
      "incr_op_margin_yoy": 0.3714222320834258,
      "rev_growth_yoy": -0.1398001033947958,
      "rev_growth_yoy_accel": 0.13734999812360868,
      "op_leverage_ratio": Infinity,
      "fcf_margin_change": -0.08772054506115205
    },
    {
      "date": "2022-12-31T00:00:00",
      "quarter_label": "2022-12 (Q4)",
      "revenue": 249103000,
      "gross_profit": 61696000,
      "operating_income": -12178000,
      "net_income": -6044000,
      "opex": 73874000,
      "cogs": 187407000,
      "rd": 20250000,
      "sga": null,
      "fcf": -6557000,
      "ocf": -4933000,
      "capex": -1624000,
      "gross_margin": 0.24767264946628503,
      "op_margin": -0.048887408019975674,
      "fcf_margin": -0.026322444932417515,
      "incr_op_margin_yoy": 6.251919385796545,
      "rev_growth_yoy": -0.00829660770660902,
      "rev_growth_yoy_accel": 0.13150349568818676,
      "fcf_margin_change": 0.04315633401039601
    },
    {
      "date": "2023-04-02T00:00:00",
      "quarter_label": "2023-04 (Q2)",
      "revenue": 180908000,
      "gross_profit": 60382000,
      "operating_income": -11975000,
      "net_income": -9712000,
      "opex": 72357000,
      "cogs": 120526000,
      "rd": 22134000,
      "sga": null,
      "fcf": 8252000,
      "ocf": 9122000,
      "capex": -870000,
      "gross_margin": 0.33377186194087605,
      "op_margin": -0.06619386649567736,
      "fcf_margin": 0.04561434541313817,
      "incr_op_margin_yoy": -1.5706576728499158,
      "rev_growth_yoy": -0.14081630714577456,
      "rev_growth_yoy_accel": -0.13251969943916553,
      "fcf_margin_change": 0.07193679034555568
    },
    {
      "date": "2023-07-02T00:00:00",
      "quarter_label": "2023-07 (Q3)",
      "revenue": 173413000,
      "gross_profit": 54300000,
      "operating_income": -17778000,
      "net_income": -8587000,
      "opex": 72078000,
      "cogs": 119113000,
      "rd": 20831000,
      "sga": null,
      "fcf": -35319000,
      "ocf": -34590000,
      "capex": -729000,
      "gross_margin": 0.3131253135578071,
      "op_margin": -0.10251826564329088,
      "fcf_margin": -0.20366985174121893,
      "incr_op_margin_yoy": 0.15514645359458754,
      "rev_growth_yoy": -0.22314356879188618,
      "rev_growth_yoy_accel": -0.08232726164611162,
      "fcf_margin_change": -0.2492841971543571
    },
    {
      "date": "2023-10-01T00:00:00",
      "quarter_label": "2023-10 (Q4)",
      "revenue": 197845000,
      "gross_profit": 68934000,
      "operating_income": -648000,
      "net_income": -84799000,
      "opex": 69582000,
      "cogs": 128911000,
      "rd": 20738000,
      "sga": null,
      "fcf": 24048000,
      "ocf": 26050000,
      "capex": -2002000,
      "gross_margin": 0.3484242715256893,
      "op_margin": -0.0032752912633627336,
      "fcf_margin": 0.12154969799590588,
      "incr_op_margin_yoy": -0.029047968768118743,
      "rev_growth_yoy": -0.20731047690785176,
      "rev_growth_yoy_accel": 0.015833091884034423,
      "op_leverage_ratio": Infinity,
      "fcf_margin_change": 0.3252195497371248
    },
    {
      "date": "2023-12-31T00:00:00",
      "quarter_label": "2023-12 (Q4)",
      "revenue": 188674000,
      "gross_profit": 65636000,
      "operating_income": -2874000,
      "net_income": -1669000,
      "opex": 68510000,
      "cogs": 123038000,
      "rd": 19592000,
      "sga": null,
      "fcf": 54073000,
      "ocf": 56271000,
      "capex": -2198000,
      "gross_margin": 0.34788047107709597,
      "op_margin": -0.01523262346693238,
      "fcf_margin": 0.286594867337312,
      "incr_op_margin_yoy": -0.15396581111717883,
      "rev_growth_yoy": -0.24258640000321152,
      "rev_growth_yoy_accel": -0.03527592309535976,
      "fcf_margin_change": 0.16504516934140612
    },
    {
      "date": "2024-03-31T00:00:00",
      "quarter_label": "2024-03 (Q1)",
      "revenue": 164586000,
      "gross_profit": 48237000,
      "operating_income": -21648000,
      "net_income": -18650000,
      "opex": 69885000,
      "cogs": 116349000,
      "rd": 20227000,
      "sga": null,
      "fcf": 14680000,
      "ocf": 17190000,
      "capex": -2510000,
      "gross_margin": 0.2930808209689767,
      "op_margin": -0.13153002077941015,
      "fcf_margin": 0.08919349154849136,
      "incr_op_margin_yoy": 0.5926357064085284,
      "rev_growth_yoy": -0.09022265460897251,
      "rev_growth_yoy_accel": 0.15236374539423903,
      "fcf_margin_change": -0.1974013757888206
    },
    {
      "date": "2024-06-30T00:00:00",
      "quarter_label": "2024-06 (Q2)",
      "revenue": 143900000,
      "gross_profit": 31823000,
      "operating_income": -46859000,
      "net_income": -45175000,
      "opex": 78682000,
      "cogs": 112077000,
      "rd": 19851000,
      "sga": null,
      "fcf": 16138000,
      "ocf": 18445000,
      "capex": -2307000,
      "gross_margin": 0.2211466296038916,
      "op_margin": -0.32563585823488533,
      "fcf_margin": 0.11214732453092426,
      "incr_op_margin_yoy": 0.9853623826788195,
      "rev_growth_yoy": -0.17018908617001033,
      "rev_growth_yoy_accel": -0.07996643156103782,
      "fcf_margin_change": 0.022953832982432892
    },
    {
      "date": "2024-09-29T00:00:00",
      "quarter_label": "2024-09 (Q3)",
      "revenue": 182854000,
      "gross_profit": 56483000,
      "operating_income": 95808000,
      "net_income": 85074000,
      "opex": -39325000,
      "cogs": 126371000,
      "rd": 20905000,
      "sga": null,
      "fcf": 105995000,
      "ocf": 107680000,
      "capex": -1685000,
      "gross_margin": 0.30889671541229613,
      "op_margin": 0.5239590055454079,
      "fcf_margin": 0.579670119330176,
      "incr_op_margin_yoy": -6.4342605563338005,
      "rev_growth_yoy": -0.07577143723622028,
      "rev_growth_yoy_accel": 0.09441764893379005,
      "op_leverage_ratio": Infinity,
      "fcf_margin_change": 0.46752279479925174
    },
    {
      "date": "2024-12-31T00:00:00",
      "quarter_label": "2024-12 (Q4)",
      "revenue": 182419000,
      "gross_profit": 59384000,
      "operating_income": -15085000,
      "net_income": -8886000,
      "opex": 74469000,
      "cogs": 123035000,
      "rd": 20099000,
      "sga": null,
      "fcf": 18990000,
      "ocf": 21482000,
      "capex": -2492000,
      "gross_margin": 0.32553626541094954,
      "op_margin": -0.08269423689418318,
      "fcf_margin": 0.10410099825127865,
      "incr_op_margin_yoy": 1.9521982414068746,
      "rev_growth_yoy": -0.033152421637321516,
      "rev_growth_yoy_accel": 0.04261901559889876,
      "fcf_margin_change": -0.4755691210788973
    },
    {
      "date": "2025-03-30T00:00:00",
      "quarter_label": "2025-03 (Q1)",
      "revenue": 162060000,
      "gross_profit": 56326000,
      "operating_income": -12799000,
      "net_income": -6034000,
      "opex": 69125000,
      "cogs": 105734000,
      "rd": 18309000,
      "sga": null,
      "fcf": -10145000,
      "ocf": -8749000,
      "capex": -1396000,
      "gross_margin": 0.34756263112427493,
      "op_margin": -0.07897692212760705,
      "fcf_margin": -0.06260027150438109,
      "incr_op_margin_yoy": -3.5031670625494855,
      "rev_growth_yoy": -0.015347599431300353,
      "rev_growth_yoy_accel": 0.017804822206021163,
      "fcf_margin_change": -0.16670126975565974
    },
    {
      "date": "2025-06-29T00:00:00",
      "quarter_label": "2025-06 (Q2)",
      "revenue": 170532000,
      "gross_profit": 63978000,
      "operating_income": -9540000,
      "net_income": -6428000,
      "opex": 73518000,
      "cogs": 106554000,
      "rd": 20845000,
      "sga": null,
      "fcf": -5302000,
      "ocf": -1771000,
      "capex": -3531000,
      "gross_margin": 0.3751671240588277,
      "op_margin": -0.05594257969178805,
      "fcf_margin": -0.031090938944010507,
      "incr_op_margin_yoy": 1.4012841694202463,
      "rev_growth_yoy": 0.18507296733842946,
      "rev_growth_yoy_accel": 0.2004205667697298,
      "op_leverage_ratio": 0.8225911894263476,
      "fcf_margin_change": 0.031509332560370584
    },
    {
      "date": "2025-09-28T00:00:00",
      "quarter_label": "2025-09 (Q3)",
      "revenue": 184561000,
      "gross_profit": 72252000,
      "operating_income": -7069000,
      "net_income": -4777000,
      "opex": 79321000,
      "cogs": 112309000,
      "rd": 23328000,
      "sga": null,
      "fcf": -17086000,
      "ocf": -7382000,
      "capex": -9704000,
      "gross_margin": 0.3914803235786542,
      "op_margin": -0.03830169970903929,
      "fcf_margin": -0.09257643814240278,
      "incr_op_margin_yoy": -60.26772114821324,
      "rev_growth_yoy": 0.009335316700755793,
      "rev_growth_yoy_accel": -0.17573765063767366,
      "op_leverage_ratio": 1.0422260957982747,
      "fcf_margin_change": -0.061485499198392274
    }
  ],
  "signals": [
    {
      "quarter": "2025-09 (Q3)",
      "signal": "YoY REVENUE GROWTH DECELERATION",
      "detail": "YoY growth: +0.9% vs prior quarter YoY: +18.5% (decel: -17.6%)",
      "severity": "WARNING"
    },
    {
      "quarter": "2025-06 (Q2)",
      "signal": "YoY REVENUE GROWTH ACCELERATION",
      "detail": "YoY growth: +18.5% vs prior quarter YoY: -1.5% (accel: +20.0%)",
      "severity": "HIGH"
    },
    {
      "quarter": "2024-09 (Q3)",
      "signal": "FCF MARGIN EXPANSION",
      "detail": "FCF margin: +11.2% -> +58.0% (+46.8%)",
      "severity": "MEDIUM"
    },
    {
      "quarter": "2024-09 (Q3)",
      "signal": "GROSS MARGIN INFLECTION",
      "detail": "GM: +29.3% -> +22.1% -> +30.9% (reversal +8.8%)",
      "severity": "HIGH"
    },
    {
      "quarter": "2024-09 (Q3)",
      "signal": "YoY REVENUE GROWTH ACCELERATION",
      "detail": "YoY growth: -7.6% vs prior quarter YoY: -17.0% (accel: +9.4%)",
      "severity": "MEDIUM"
    },
    {
      "quarter": "2024-09 (Q3)",
      "signal": "OP MARGIN TURNED POSITIVE (YoY)",
      "detail": "Op margin: -0.3% (year-ago) -> +52.4%",
      "severity": "HIGH"
    },
    {
      "quarter": "2024-09 (Q3)",
      "signal": "OP MARGIN TURNED POSITIVE (QoQ)",
      "detail": "Op margin: -32.6% -> +52.4%",
      "severity": "HIGH"
    },
    {
      "quarter": "2024-06 (Q2)",
      "signal": "YoY REVENUE GROWTH DECELERATION",
      "detail": "YoY growth: -17.0% vs prior quarter YoY: -9.0% (decel: -8.0%)",
      "severity": "WARNING"
    },
    {
      "quarter": "2024-03 (Q1)",
      "signal": "YoY REVENUE GROWTH ACCELERATION",
      "detail": "YoY growth: -9.0% vs prior quarter YoY: -24.3% (accel: +15.2%)",
      "severity": "HIGH"
    },
    {
      "quarter": "2023-12 (Q4)",
      "signal": "FCF MARGIN EXPANSION",
      "detail": "FCF margin: +12.2% -> +28.7% (+16.5%)",
      "severity": "MEDIUM"
    },
    {
      "quarter": "2023-10 (Q4)",
      "signal": "FCF TURNED POSITIVE",
      "detail": "FCF margin: -20.4% -> +12.2%",
      "severity": "HIGH"
    },
    {
      "quarter": "2023-10 (Q4)",
      "signal": "GROSS MARGIN INFLECTION",
      "detail": "GM: +33.4% -> +31.3% -> +34.8% (reversal +3.5%)",
      "severity": "MEDIUM"
    },
    {
      "quarter": "2023-07 (Q3)",
      "signal": "YoY REVENUE GROWTH DECELERATION",
      "detail": "YoY growth: -22.3% vs prior quarter YoY: -14.1% (decel: -8.2%)",
      "severity": "WARNING"
    },
    {
      "quarter": "2023-04 (Q2)",
      "signal": "FCF TURNED POSITIVE",
      "detail": "FCF margin: -2.6% -> +4.6%",
      "severity": "HIGH"
    },
    {
      "quarter": "2023-04 (Q2)",
      "signal": "GROSS MARGIN INFLECTION",
      "detail": "GM: +27.5% -> +24.8% -> +33.4% (reversal +8.6%)",
      "severity": "HIGH"
    },
    {
      "quarter": "2023-04 (Q2)",
      "signal": "YoY REVENUE GROWTH DECELERATION",
      "detail": "YoY growth: -14.1% vs prior quarter YoY: -0.8% (decel: -13.3%)",
      "severity": "WARNING"
    },
    {
      "quarter": "2022-12 (Q4)",
      "signal": "YoY REVENUE GROWTH ACCELERATION",
      "detail": "YoY growth: -0.8% vs prior quarter YoY: -14.0% (accel: +13.2%)",
      "severity": "MEDIUM"
    },
    {
      "quarter": "2022-10 (Q4)",
      "signal": "YoY REVENUE GROWTH ACCELERATION",
      "detail": "YoY growth: -14.0% vs prior quarter YoY: -27.7% (accel: +13.7%)",
      "severity": "MEDIUM"
    },
    {
      "quarter": "2022-07 (Q3)",
      "signal": "YoY REVENUE GROWTH ACCELERATION",
      "detail": "YoY growth: -27.7% vs prior quarter YoY: -33.8% (accel: +6.1%)",
      "severity": "MEDIUM"
    },
    {
      "quarter": "2021-12 (Q4)",
      "signal": "FCF TURNED POSITIVE",
      "detail": "FCF margin: -6.7% -> +0.4%",
      "severity": "HIGH"
    },
    {
      "quarter": "2021-12 (Q4)",
      "signal": "INCREMENTAL MARGIN (YoY)",
      "detail": "YoY Incr OPM: +28.5% vs year-ago OPM: +9.2%",
      "severity": "MEDIUM"
    }
  ],
  "data_quality": {
    "n_quarters": 20,
    "coverage": {
      "revenue": [
        20,
        20
      ],
      "gross_profit": [
        20,
        20
      ],
      "op_income": [
        20,
        20
      ],
      "fcf": [
        20,
        20
      ]
    },
    "gaps": [],
    "warnings": []
  },
  "market_cap": null,
  "source": "SEC EDGAR",
  "last_updated": "2026-02-02T22:16:39.678934"
}