{
  "ticker": "NTIC",
  "name": "NORTHERN TECHNOLOGIES INTERNATIONAL CORPORATION",
  "quarters": [
    {
      "date": "2021-02-28T00:00:00",
      "quarter_label": "2021-02 (Q1)",
      "revenue": 12782882,
      "gross_profit": 4251203,
      "operating_income": 1767737,
      "net_income": 1312575,
      "opex": 5866162,
      "cogs": 8531679,
      "rd": 1075180,
      "sga": null,
      "fcf": 200957,
      "ocf": 358129,
      "capex": -157172,
      "gross_margin": 0.33256999477895516,
      "op_margin": 0.1382893935811971,
      "fcf_margin": 0.015720789724883638
    },
    {
      "date": "2021-05-31T00:00:00",
      "quarter_label": "2021-05 (Q2)",
      "revenue": 15418524,
      "gross_profit": 5265942,
      "operating_income": 2578754,
      "net_income": 2053916,
      "opex": 6310345,
      "cogs": 10152582,
      "rd": 1066493,
      "sga": null,
      "fcf": -1162423,
      "ocf": -905554,
      "capex": -256869,
      "gross_margin": 0.3415334697406833,
      "op_margin": 0.16725038012717688,
      "fcf_margin": -0.07539132798963118,
      "op_leverage_ratio": 2.7230132774013804,
      "fcf_margin_change": -0.09111211771451481
    },
    {
      "date": "2021-08-31T00:00:00",
      "quarter_label": "2021-08 (Q3)",
      "revenue": 15513301,
      "gross_profit": 5590069,
      "operating_income": 2259785,
      "net_income": 1652348,
      "opex": 6591632,
      "cogs": 9923232,
      "rd": 1183069,
      "sga": null,
      "fcf": -2970064,
      "ocf": 1839245,
      "capex": -4809309,
      "gross_margin": 0.36034039434933934,
      "op_margin": 0.14566757906650557,
      "fcf_margin": -0.19145274110261898,
      "fcf_margin_change": -0.1160614131129878
    },
    {
      "date": "2021-11-30T00:00:00",
      "quarter_label": "2021-11 (Q4)",
      "revenue": 18193413,
      "gross_profit": 5702930,
      "operating_income": 1266611,
      "net_income": 4493759,
      "opex": 7069926,
      "cogs": 12490483,
      "rd": 1235821,
      "sga": null,
      "fcf": 3003634,
      "ocf": 3319024,
      "capex": -315390,
      "gross_margin": 0.3134612510582814,
      "op_margin": 0.06961920778690617,
      "fcf_margin": 0.165094586705639,
      "op_leverage_ratio": 2.380930644440339,
      "fcf_margin_change": 0.356547327808258
    },
    {
      "date": "2022-02-28T00:00:00",
      "quarter_label": "2022-02 (Q1)",
      "revenue": 16748639,
      "gross_profit": 4984335,
      "operating_income": 445223,
      "net_income": 182847,
      "opex": 6708853,
      "cogs": 11764304,
      "rd": 1218674,
      "sga": null,
      "fcf": -1503439,
      "ocf": -1200296,
      "capex": -303143,
      "gross_margin": 0.2975964196254991,
      "op_margin": 0.026582637550430218,
      "fcf_margin": -0.08976484596748428,
      "incr_op_margin_yoy": -0.3334833677403835,
      "rev_growth_yoy": 0.3102396626989125,
      "fcf_margin_change": -0.2548594326731233
    },
    {
      "date": "2022-05-31T00:00:00",
      "quarter_label": "2022-05 (Q2)",
      "revenue": 18964921,
      "gross_profit": 6242088,
      "operating_income": 1822936,
      "net_income": 1000167,
      "opex": 7113737,
      "cogs": 12722833,
      "rd": 1102942,
      "sga": null,
      "fcf": -683805,
      "ocf": -340634,
      "capex": -343171,
      "gross_margin": 0.3291386238835374,
      "op_margin": 0.09612146552047329,
      "fcf_margin": -0.036056306271985,
      "incr_op_margin_yoy": -0.2131227834898349,
      "rev_growth_yoy": 0.23000885169034338,
      "rev_growth_yoy_accel": -0.08023081100856913,
      "op_leverage_ratio": 2.1926189260324302,
      "fcf_margin_change": 0.05370853969549928
    },
    {
      "date": "2022-08-31T00:00:00",
      "quarter_label": "2022-08 (Q3)",
      "revenue": 20251917,
      "gross_profit": 6139239,
      "operating_income": 1613305,
      "net_income": 647927,
      "opex": 7521601,
      "cogs": 14112678,
      "rd": 1217897,
      "sga": null,
      "fcf": -1166986,
      "ocf": -632016,
      "capex": -534970,
      "gross_margin": 0.3031435987022858,
      "op_margin": 0.07966184139506398,
      "fcf_margin": -0.05762348324852408,
      "incr_op_margin_yoy": -0.13642802033336315,
      "rev_growth_yoy": 0.3054550414512037,
      "rev_growth_yoy_accel": 0.07544618976086034,
      "op_leverage_ratio": 1.1836099025882076,
      "fcf_margin_change": -0.02156717697653908
    },
    {
      "date": "2022-11-30T00:00:00",
      "quarter_label": "2022-11 (Q4)",
      "revenue": 19952766,
      "gross_profit": 6353124,
      "operating_income": 829576,
      "net_income": 502242,
      "opex": 7894757,
      "cogs": 13599642,
      "rd": 1256724,
      "sga": null,
      "fcf": 1593449,
      "ocf": 2002543,
      "capex": -409094,
      "gross_margin": 0.31840818460959247,
      "op_margin": 0.04157699238291072,
      "fcf_margin": 0.07986105786034879,
      "incr_op_margin_yoy": -0.24840665858414998,
      "rev_growth_yoy": 0.09670274620820184,
      "rev_growth_yoy_accel": -0.20875229524300187,
      "fcf_margin_change": 0.13748454110887287
    },
    {
      "date": "2023-02-28T00:00:00",
      "quarter_label": "2023-02 (Q1)",
      "revenue": 18270825,
      "gross_profit": 6303068,
      "operating_income": 813556,
      "net_income": 411497,
      "opex": 7870989,
      "cogs": 11967757,
      "rd": 1141083,
      "sga": null,
      "fcf": -1260518,
      "ocf": 202291,
      "capex": -1462809,
      "gross_margin": 0.3449799338562982,
      "op_margin": 0.0445276006967392,
      "fcf_margin": -0.06899075438574886,
      "incr_op_margin_yoy": 0.2419763419187931,
      "rev_growth_yoy": 0.0908841607965877,
      "rev_growth_yoy_accel": -0.005818585411614133,
      "fcf_margin_change": -0.14885181224609767
    },
    {
      "date": "2023-05-31T00:00:00",
      "quarter_label": "2023-05 (Q2)",
      "revenue": 20969726,
      "gross_profit": 7689142,
      "operating_income": 2372592,
      "net_income": 1525596,
      "opex": 8024519,
      "cogs": 13280584,
      "rd": 1150711,
      "sga": null,
      "fcf": 564884,
      "ocf": 1300969,
      "capex": -736085,
      "gross_margin": 0.36667822936742234,
      "op_margin": 0.11314368151496114,
      "fcf_margin": 0.026938072533708834,
      "incr_op_margin_yoy": 0.27416930823696073,
      "rev_growth_yoy": 0.10571122336866048,
      "rev_growth_yoy_accel": 0.01482706257207278,
      "op_leverage_ratio": 7.572945857416752,
      "fcf_margin_change": 0.0959288269194577
    },
    {
      "date": "2023-08-31T00:00:00",
      "quarter_label": "2023-08 (Q3)",
      "revenue": 20709635,
      "gross_profit": 7358379,
      "operating_income": 1531171,
      "net_income": -810,
      "opex": 10008457,
      "cogs": 13351256,
      "rd": 1566037,
      "sga": null,
      "fcf": 1395752,
      "ocf": 2035416,
      "capex": -639664,
      "gross_margin": 0.35531186329454867,
      "op_margin": 0.07393519972708355,
      "fcf_margin": 0.06739626265745388,
      "rev_growth_yoy": 0.022601218442678785,
      "rev_growth_yoy_accel": -0.0831100049259817,
      "fcf_margin_change": 0.04045819012374505
    },
    {
      "date": "2023-11-30T00:00:00",
      "quarter_label": "2023-11 (Q4)",
      "revenue": 20181675,
      "gross_profit": 7334274,
      "operating_income": 1376433,
      "net_income": 895521,
      "opex": 8309040,
      "cogs": 12847401,
      "rd": 1105921,
      "sga": null,
      "fcf": 2686163,
      "ocf": 3076892,
      "capex": -390729,
      "gross_margin": 0.3634125512376946,
      "op_margin": 0.06820211900151994,
      "fcf_margin": 0.13309911095089977,
      "rev_growth_yoy": 0.011472544708838866,
      "rev_growth_yoy_accel": -0.01112867373383992,
      "fcf_margin_change": 0.06570284829344589
    },
    {
      "date": "2024-02-29T00:00:00",
      "quarter_label": "2024-02 (Q1)",
      "revenue": 20842538,
      "gross_profit": 8339164,
      "operating_income": 2206271,
      "net_income": 1701169,
      "opex": 8613942,
      "cogs": 12503374,
      "rd": 1242256,
      "sga": null,
      "fcf": 1513082,
      "ocf": 2566115,
      "capex": -1053033,
      "gross_margin": 0.40010309684933765,
      "op_margin": 0.10585423905668302,
      "fcf_margin": 0.0725958614061301,
      "incr_op_margin_yoy": 0.5415514872771573,
      "rev_growth_yoy": 0.14075516568080532,
      "rev_growth_yoy_accel": 0.12928262097196644,
      "op_leverage_ratio": 0.8923696801924403,
      "fcf_margin_change": -0.06050324954476967
    },
    {
      "date": "2024-05-31T00:00:00",
      "quarter_label": "2024-05 (Q2)",
      "revenue": 20686197,
      "gross_profit": 7893094,
      "operating_income": 1523917,
      "net_income": 976604,
      "opex": 8978405,
      "cogs": 12793103,
      "rd": 1245405,
      "sga": null,
      "fcf": 869412,
      "ocf": 1940898,
      "capex": -1071486,
      "gross_margin": 0.3815633197344103,
      "op_margin": 0.07366830162160788,
      "fcf_margin": 0.04202860487116119,
      "rev_growth_yoy": -0.013520872900294453,
      "rev_growth_yoy_accel": -0.15427603858109978,
      "fcf_margin_change": -0.03056725653496891
    },
    {
      "date": "2024-08-31T00:00:00",
      "quarter_label": "2024-08 (Q3)",
      "revenue": 23349107,
      "gross_profit": 10219830,
      "operating_income": 2761862,
      "net_income": 1835788,
      "opex": 9491570,
      "cogs": 13129277,
      "rd": 1209209,
      "sga": null,
      "fcf": -1103306,
      "ocf": -1700712,
      "capex": 597406,
      "gross_margin": 0.4376968249792165,
      "op_margin": 0.11828555156306406,
      "fcf_margin": -0.047252599424894494,
      "incr_op_margin_yoy": 0.4662640861505635,
      "rev_growth_yoy": 0.12745140124391377,
      "rev_growth_yoy_accel": 0.1409722741442082,
      "op_leverage_ratio": 2.2522572628248954,
      "fcf_margin_change": -0.08928120429605568
    },
    {
      "date": "2024-11-30T00:00:00",
      "quarter_label": "2024-11 (Q4)",
      "revenue": 21338393,
      "gross_profit": 8162953,
      "operating_income": 1106671,
      "net_income": 561091,
      "opex": 9469994,
      "cogs": 13175440,
      "rd": 1343397,
      "sga": null,
      "fcf": 1175450,
      "ocf": 2395066,
      "capex": -1219616,
      "gross_margin": 0.3825476923215352,
      "op_margin": 0.05186290270312296,
      "fcf_margin": 0.05508615386360163,
      "incr_op_margin_yoy": -0.23321328102441563,
      "rev_growth_yoy": 0.05731526248440726,
      "rev_growth_yoy_accel": -0.0701361387595065,
      "fcf_margin_change": 0.10233875328849612
    },
    {
      "date": "2025-02-28T00:00:00",
      "quarter_label": "2025-02 (Q1)",
      "revenue": 19072066,
      "gross_profit": 6795584,
      "operating_income": -332933,
      "net_income": 434319,
      "opex": 8819510,
      "cogs": 12276482,
      "rd": 1288899,
      "sga": null,
      "fcf": 1314227,
      "ocf": 803675,
      "capex": 510552,
      "gross_margin": 0.3563108474981158,
      "op_margin": -0.01745657759363878,
      "fcf_margin": 0.06890847588300082,
      "incr_op_margin_yoy": 1.4341960787857702,
      "rev_growth_yoy": -0.08494512520500143,
      "rev_growth_yoy_accel": -0.14226038768940868,
      "fcf_margin_change": 0.013822322019399189
    },
    {
      "date": "2025-05-31T00:00:00",
      "quarter_label": "2025-05 (Q2)",
      "revenue": 21508563,
      "gross_profit": 8259440,
      "operating_income": 867187,
      "net_income": 121775,
      "opex": 9665165,
      "cogs": 13249123,
      "rd": 1138243,
      "sga": null,
      "fcf": -171248,
      "ocf": 609709,
      "capex": -780957,
      "gross_margin": 0.3840070580261452,
      "op_margin": 0.04031822116614671,
      "fcf_margin": -0.007961852216719453,
      "rev_growth_yoy": 0.03975433473827983,
      "rev_growth_yoy_accel": 0.12469945994328126,
      "op_leverage_ratio": 1.3323532204295367,
      "fcf_margin_change": -0.07687032809972028
    },
    {
      "date": "2025-08-31T00:00:00",
      "quarter_label": "2025-08 (Q3)",
      "revenue": 22315452,
      "gross_profit": 8458578,
      "operating_income": 929372,
      "net_income": -1099566,
      "opex": 9696796,
      "cogs": 13856874,
      "rd": 1267742,
      "sga": null,
      "fcf": -1401911,
      "ocf": -1365495,
      "capex": -36416,
      "gross_margin": 0.3790457840603005,
      "op_margin": 0.04164701660535489,
      "fcf_margin": -0.06282243353170709,
      "incr_op_margin_yoy": 1.7728255559156585,
      "rev_growth_yoy": -0.0442695731361375,
      "rev_growth_yoy_accel": -0.08402390787441733,
      "op_leverage_ratio": 11.463012063069572,
      "fcf_margin_change": -0.05486058131498764
    },
    {
      "date": "2025-11-30T00:00:00",
      "quarter_label": "2025-11 (Q4)",
      "revenue": 23308881,
      "gross_profit": 8383626,
      "operating_income": 933632,
      "net_income": 237819,
      "opex": 9741367,
      "cogs": 14925255,
      "rd": 1220912,
      "sga": null,
      "fcf": -479716,
      "ocf": 341908,
      "capex": -821624,
      "gross_margin": 0.359675181318228,
      "op_margin": 0.04005477568828808,
      "fcf_margin": -0.020580824965385512,
      "incr_op_margin_yoy": -0.08781530260524296,
      "rev_growth_yoy": 0.09234472342879804,
      "rev_growth_yoy_accel": 0.13661429656493554,
      "op_leverage_ratio": 9.685165063769098,
      "fcf_margin_change": 0.04224160856632158
    }
  ],
  "signals": [
    {
      "quarter": "2025-11 (Q4)",
      "signal": "OPERATING LEVERAGE",
      "detail": "Rev growth +4.5% vs OpEx growth +0.5% (leverage: 9.7x)",
      "severity": "MEDIUM"
    },
    {
      "quarter": "2025-11 (Q4)",
      "signal": "YoY REVENUE GROWTH ACCELERATION",
      "detail": "YoY growth: +9.2% vs prior quarter YoY: -4.4% (accel: +13.7%)",
      "severity": "MEDIUM"
    },
    {
      "quarter": "2025-08 (Q3)",
      "signal": "OPERATING LEVERAGE",
      "detail": "Rev growth +3.8% vs OpEx growth +0.3% (leverage: 11.5x)",
      "severity": "MEDIUM"
    },
    {
      "quarter": "2025-08 (Q3)",
      "signal": "YoY REVENUE GROWTH DECELERATION",
      "detail": "YoY growth: -4.4% vs prior quarter YoY: +4.0% (decel: -8.4%)",
      "severity": "WARNING"
    },
    {
      "quarter": "2025-08 (Q3)",
      "signal": "INCREMENTAL MARGIN (YoY)",
      "detail": "YoY Incr OPM: +177.3% vs year-ago OPM: +11.8%",
      "severity": "HIGH"
    },
    {
      "quarter": "2025-05 (Q2)",
      "signal": "GROSS MARGIN INFLECTION",
      "detail": "GM: +38.3% -> +35.6% -> +38.4% (reversal +2.8%)",
      "severity": "MEDIUM"
    },
    {
      "quarter": "2025-05 (Q2)",
      "signal": "YoY REVENUE GROWTH ACCELERATION",
      "detail": "YoY growth: +4.0% vs prior quarter YoY: -8.5% (accel: +12.5%)",
      "severity": "MEDIUM"
    },
    {
      "quarter": "2025-05 (Q2)",
      "signal": "OP MARGIN TURNED POSITIVE (QoQ)",
      "detail": "Op margin: -1.7% -> +4.0%",
      "severity": "HIGH"
    },
    {
      "quarter": "2025-02 (Q1)",
      "signal": "YoY REVENUE GROWTH DECELERATION",
      "detail": "YoY growth: -8.5% vs prior quarter YoY: +5.7% (decel: -14.2%)",
      "severity": "WARNING"
    },
    {
      "quarter": "2024-11 (Q4)",
      "signal": "FCF TURNED POSITIVE",
      "detail": "FCF margin: -4.7% -> +5.5%",
      "severity": "HIGH"
    },
    {
      "quarter": "2024-11 (Q4)",
      "signal": "YoY REVENUE GROWTH DECELERATION",
      "detail": "YoY growth: +5.7% vs prior quarter YoY: +12.7% (decel: -7.0%)",
      "severity": "WARNING"
    },
    {
      "quarter": "2024-08 (Q3)",
      "signal": "OPERATING LEVERAGE",
      "detail": "Rev growth +12.9% vs OpEx growth +5.7% (leverage: 2.3x)",
      "severity": "MEDIUM"
    },
    {
      "quarter": "2024-08 (Q3)",
      "signal": "GROSS MARGIN INFLECTION",
      "detail": "GM: +40.0% -> +38.2% -> +43.8% (reversal +5.6%)",
      "severity": "HIGH"
    },
    {
      "quarter": "2024-08 (Q3)",
      "signal": "YoY REVENUE GROWTH ACCELERATION",
      "detail": "YoY growth: +12.7% vs prior quarter YoY: -1.4% (accel: +14.1%)",
      "severity": "MEDIUM"
    },
    {
      "quarter": "2024-08 (Q3)",
      "signal": "INCREMENTAL MARGIN (YoY)",
      "detail": "YoY Incr OPM: +46.6% vs year-ago OPM: +7.4%",
      "severity": "HIGH"
    },
    {
      "quarter": "2024-05 (Q2)",
      "signal": "YoY REVENUE GROWTH DECELERATION",
      "detail": "YoY growth: -1.4% vs prior quarter YoY: +14.1% (decel: -15.4%)",
      "severity": "WARNING"
    },
    {
      "quarter": "2024-02 (Q1)",
      "signal": "YoY REVENUE GROWTH ACCELERATION",
      "detail": "YoY growth: +14.1% vs prior quarter YoY: +1.1% (accel: +12.9%)",
      "severity": "MEDIUM"
    },
    {
      "quarter": "2024-02 (Q1)",
      "signal": "INCREMENTAL MARGIN (YoY)",
      "detail": "YoY Incr OPM: +54.2% vs year-ago OPM: +4.5%",
      "severity": "HIGH"
    },
    {
      "quarter": "2023-11 (Q4)",
      "signal": "FCF MARGIN EXPANSION",
      "detail": "FCF margin: +6.7% -> +13.3% (+6.6%)",
      "severity": "MEDIUM"
    },
    {
      "quarter": "2023-08 (Q3)",
      "signal": "YoY REVENUE GROWTH DECELERATION",
      "detail": "YoY growth: +2.3% vs prior quarter YoY: +10.6% (decel: -8.3%)",
      "severity": "WARNING"
    },
    {
      "quarter": "2023-05 (Q2)",
      "signal": "FCF TURNED POSITIVE",
      "detail": "FCF margin: -6.9% -> +2.7%",
      "severity": "HIGH"
    },
    {
      "quarter": "2023-05 (Q2)",
      "signal": "OPERATING LEVERAGE",
      "detail": "Rev growth +14.8% vs OpEx growth +2.0% (leverage: 7.6x)",
      "severity": "MEDIUM"
    },
    {
      "quarter": "2023-05 (Q2)",
      "signal": "INCREMENTAL MARGIN (YoY)",
      "detail": "YoY Incr OPM: +27.4% vs year-ago OPM: +9.6%",
      "severity": "MEDIUM"
    },
    {
      "quarter": "2023-02 (Q1)",
      "signal": "INCREMENTAL MARGIN (YoY)",
      "detail": "YoY Incr OPM: +24.2% vs year-ago OPM: +2.7%",
      "severity": "HIGH"
    },
    {
      "quarter": "2022-11 (Q4)",
      "signal": "FCF TURNED POSITIVE",
      "detail": "FCF margin: -5.8% -> +8.0%",
      "severity": "HIGH"
    },
    {
      "quarter": "2022-11 (Q4)",
      "signal": "YoY REVENUE GROWTH DECELERATION",
      "detail": "YoY growth: +9.7% vs prior quarter YoY: +30.5% (decel: -20.9%)",
      "severity": "WARNING"
    },
    {
      "quarter": "2022-08 (Q3)",
      "signal": "YoY REVENUE GROWTH ACCELERATION",
      "detail": "YoY growth: +30.5% vs prior quarter YoY: +23.0% (accel: +7.5%)",
      "severity": "MEDIUM"
    },
    {
      "quarter": "2022-05 (Q2)",
      "signal": "FCF MARGIN EXPANSION",
      "detail": "FCF margin: -9.0% -> -3.6% (+5.4%)",
      "severity": "MEDIUM"
    },
    {
      "quarter": "2022-05 (Q2)",
      "signal": "OPERATING LEVERAGE",
      "detail": "Rev growth +13.2% vs OpEx growth +6.0% (leverage: 2.2x)",
      "severity": "MEDIUM"
    },
    {
      "quarter": "2022-05 (Q2)",
      "signal": "GROSS MARGIN INFLECTION",
      "detail": "GM: +31.3% -> +29.8% -> +32.9% (reversal +3.2%)",
      "severity": "MEDIUM"
    },
    {
      "quarter": "2022-05 (Q2)",
      "signal": "YoY REVENUE GROWTH DECELERATION",
      "detail": "YoY growth: +23.0% vs prior quarter YoY: +31.0% (decel: -8.0%)",
      "severity": "WARNING"
    },
    {
      "quarter": "2021-11 (Q4)",
      "signal": "FCF TURNED POSITIVE",
      "detail": "FCF margin: -19.1% -> +16.5%",
      "severity": "HIGH"
    },
    {
      "quarter": "2021-11 (Q4)",
      "signal": "OPERATING LEVERAGE",
      "detail": "Rev growth +17.3% vs OpEx growth +7.3% (leverage: 2.4x)",
      "severity": "MEDIUM"
    },
    {
      "quarter": "2021-05 (Q2)",
      "signal": "OPERATING LEVERAGE",
      "detail": "Rev growth +20.6% vs OpEx growth +7.6% (leverage: 2.7x)",
      "severity": "MEDIUM"
    }
  ],
  "data_quality": {
    "n_quarters": 20,
    "coverage": {
      "revenue": [
        20,
        20
      ],
      "gross_profit": [
        20,
        20
      ],
      "op_income": [
        20,
        20
      ],
      "fcf": [
        20,
        20
      ]
    },
    "gaps": [],
    "warnings": []
  },
  "market_cap": null,
  "source": "SEC EDGAR",
  "last_updated": "2026-02-02T23:25:39.944592"
}