{
  "ticker": "NTNX",
  "name": "NUTANIX, INC.",
  "quarters": [
    {
      "date": "2021-01-31T00:00:00",
      "quarter_label": "2021-01 (Q1)",
      "revenue": 346382000,
      "gross_profit": 275428000,
      "operating_income": -156248000,
      "net_income": -287390000,
      "opex": 431676000,
      "cogs": 70954000,
      "rd": 135571000,
      "sga": null,
      "fcf": -28473000,
      "ocf": -15557000,
      "capex": -12916000,
      "gross_margin": 0.7951567922120665,
      "op_margin": -0.4510857954512648,
      "fcf_margin": -0.08220115363962331
    },
    {
      "date": "2021-04-30T00:00:00",
      "quarter_label": "2021-04 (Q2)",
      "revenue": 344508000,
      "gross_profit": 270034000,
      "operating_income": -180573000,
      "net_income": -123640000,
      "opex": 450607000,
      "cogs": 74474000,
      "rd": 144917000,
      "sga": null,
      "fcf": -71493000,
      "ocf": -55550000,
      "capex": -15943000,
      "gross_margin": 0.7838250490554646,
      "op_margin": -0.5241474798843568,
      "fcf_margin": -0.20752203141871886,
      "fcf_margin_change": -0.12532087777909556
    },
    {
      "date": "2021-07-31T00:00:00",
      "quarter_label": "2021-07 (Q3)",
      "revenue": 390720000,
      "gross_profit": 312201000,
      "operating_income": -141888000,
      "net_income": -358182000,
      "opex": 454089000,
      "cogs": 78519000,
      "rd": 140658000,
      "sga": null,
      "fcf": -42166000,
      "ocf": -24630000,
      "capex": -17536000,
      "gross_margin": 0.7990402334152334,
      "op_margin": -0.36314496314496314,
      "fcf_margin": -0.10791871416871417,
      "op_leverage_ratio": 17.35899669941615,
      "fcf_margin_change": 0.0996033172500047
    },
    {
      "date": "2021-10-31T00:00:00",
      "quarter_label": "2021-10 (Q4)",
      "revenue": 378517000,
      "gross_profit": 297071000,
      "operating_income": -137256000,
      "net_income": -419852000,
      "opex": 434327000,
      "cogs": 81446000,
      "rd": 144266000,
      "sga": null,
      "fcf": -1905000,
      "ocf": 6939000,
      "capex": -8844000,
      "gross_margin": 0.784828686690426,
      "op_margin": -0.36261515334846256,
      "fcf_margin": -0.005032799055260398,
      "fcf_margin_change": 0.10288591511345377
    },
    {
      "date": "2022-01-31T00:00:00",
      "quarter_label": "2022-01 (Q1)",
      "revenue": 413081000,
      "gross_profit": 333112000,
      "operating_income": -94420000,
      "net_income": -115061000,
      "opex": 427532000,
      "cogs": 79969000,
      "rd": 141608000,
      "sga": null,
      "fcf": 17221000,
      "ocf": 25767000,
      "capex": -8546000,
      "gross_margin": 0.8064084283711911,
      "op_margin": -0.2285750252371811,
      "fcf_margin": 0.041689160237338437,
      "incr_op_margin_yoy": 0.9269704193466168,
      "rev_growth_yoy": 0.1925590821693968,
      "op_leverage_ratio": Infinity,
      "fcf_margin_change": 0.046721959292598834
    },
    {
      "date": "2022-04-30T00:00:00",
      "quarter_label": "2022-04 (Q2)",
      "revenue": 403658000,
      "gross_profit": 323809000,
      "operating_income": -92348000,
      "net_income": -111635000,
      "opex": 416157000,
      "cogs": 79849000,
      "rd": 142075000,
      "sga": null,
      "fcf": -20056000,
      "ocf": -3167000,
      "capex": -16889000,
      "gross_margin": 0.8021865044171056,
      "op_margin": -0.2287778267741504,
      "fcf_margin": -0.04968562495974315,
      "incr_op_margin_yoy": 1.4915469146238376,
      "rev_growth_yoy": 0.1716941261160844,
      "rev_growth_yoy_accel": -0.0208649560533124,
      "fcf_margin_change": -0.09137478519708159
    },
    {
      "date": "2022-07-31T00:00:00",
      "quarter_label": "2022-07 (Q3)",
      "revenue": 385540000,
      "gross_profit": 305648000,
      "operating_income": -133420000,
      "net_income": -150990000,
      "opex": 439068000,
      "cogs": 79892000,
      "rd": 144013000,
      "sga": null,
      "fcf": 23225000,
      "ocf": 38004000,
      "capex": -14779000,
      "gross_margin": 0.7927789593816466,
      "op_margin": -0.3460600715879027,
      "fcf_margin": 0.060240182601027134,
      "incr_op_margin_yoy": -1.6347490347490348,
      "rev_growth_yoy": -0.013257575757575758,
      "rev_growth_yoy_accel": -0.18495170187366014,
      "fcf_margin_change": 0.10992580756077028
    },
    {
      "date": "2022-10-31T00:00:00",
      "quarter_label": "2022-10 (Q4)",
      "revenue": 433609000,
      "gross_profit": 351114000,
      "operating_income": -80257000,
      "net_income": -99116000,
      "opex": 431371000,
      "cogs": 82495000,
      "rd": 149195000,
      "sga": null,
      "fcf": 45811000,
      "ocf": 65513000,
      "capex": -19702000,
      "gross_margin": 0.8097479526485843,
      "op_margin": -0.18509071536799282,
      "fcf_margin": 0.10565048234699925,
      "incr_op_margin_yoy": 1.034614826109054,
      "rev_growth_yoy": 0.14554696354457,
      "rev_growth_yoy_accel": 0.15880453930214575,
      "op_leverage_ratio": Infinity,
      "fcf_margin_change": 0.04541029974597212
    },
    {
      "date": "2023-01-31T00:00:00",
      "quarter_label": "2023-01 (Q1)",
      "revenue": 486495000,
      "gross_profit": 399690000,
      "operating_income": -56508000,
      "net_income": -70790000,
      "opex": 456198000,
      "cogs": 86805000,
      "rd": 142301000,
      "sga": null,
      "fcf": 63014000,
      "ocf": 74084000,
      "capex": -11070000,
      "gross_margin": 0.821570622514106,
      "op_margin": -0.11615330065057194,
      "fcf_margin": 0.12952651106383417,
      "incr_op_margin_yoy": 0.5164137630424714,
      "rev_growth_yoy": 0.17772301316206748,
      "rev_growth_yoy_accel": 0.03217604961749748,
      "op_leverage_ratio": 2.119186280933045,
      "fcf_margin_change": 0.02387602871683492
    },
    {
      "date": "2023-04-30T00:00:00",
      "quarter_label": "2023-04 (Q2)",
      "revenue": 448581000,
      "gross_profit": 366152000,
      "operating_income": -58640000,
      "net_income": -70969000,
      "opex": 424792000,
      "cogs": 82429000,
      "rd": 143016000,
      "sga": null,
      "fcf": 52666000,
      "ocf": 74497000,
      "capex": -21831000,
      "gross_margin": 0.8162450036894118,
      "op_margin": -0.13072332533031938,
      "fcf_margin": 0.11740577509970329,
      "incr_op_margin_yoy": 0.7503505999154109,
      "rev_growth_yoy": 0.11128975518879844,
      "rev_growth_yoy_accel": -0.06643325797326904,
      "fcf_margin_change": -0.01212073596413088
    },
    {
      "date": "2023-07-31T00:00:00",
      "quarter_label": "2023-07 (Q3)",
      "revenue": 494210000,
      "gross_profit": 413752000,
      "operating_income": -11347000,
      "net_income": -13287000,
      "opex": 425099000,
      "cogs": 80458000,
      "rd": 146201000,
      "sga": null,
      "fcf": 45508000,
      "ocf": 58309000,
      "capex": -12801000,
      "gross_margin": 0.837198761660023,
      "op_margin": -0.022959875356629772,
      "fcf_margin": 0.09208231318670201,
      "incr_op_margin_yoy": 1.1233367074629612,
      "rev_growth_yoy": 0.28186439798723867,
      "rev_growth_yoy_accel": 0.17057464279844023,
      "op_leverage_ratio": Infinity,
      "fcf_margin_change": -0.025323461913001277
    },
    {
      "date": "2023-10-31T00:00:00",
      "quarter_label": "2023-10 (Q4)",
      "revenue": 511054000,
      "gross_profit": 429095000,
      "operating_income": -5706000,
      "net_income": -15853000,
      "opex": 434801000,
      "cogs": 81959000,
      "rd": 151975000,
      "sga": null,
      "fcf": 132453000,
      "ocf": 145473000,
      "capex": -13020000,
      "gross_margin": 0.8396275149005781,
      "op_margin": -0.01116516062881809,
      "fcf_margin": 0.25917613402888934,
      "incr_op_margin_yoy": 0.9626315449673962,
      "rev_growth_yoy": 0.17860561012340612,
      "rev_growth_yoy_accel": -0.10325878786383255,
      "op_leverage_ratio": 1.4933531315098432,
      "fcf_margin_change": 0.16709382084218732
    },
    {
      "date": "2024-01-31T00:00:00",
      "quarter_label": "2024-01 (Q1)",
      "revenue": 565233000,
      "gross_profit": 483677000,
      "operating_income": 37045000,
      "net_income": 32795000,
      "opex": 446632000,
      "cogs": 81556000,
      "rd": 160401000,
      "sga": null,
      "fcf": 162644000,
      "ocf": 186408000,
      "capex": -23764000,
      "gross_margin": 0.8557125999366633,
      "op_margin": 0.06553934395196317,
      "fcf_margin": 0.28774682299158044,
      "incr_op_margin_yoy": 1.1881556554649597,
      "rev_growth_yoy": 0.1618475010020658,
      "rev_growth_yoy_accel": -0.01675810912134032,
      "op_leverage_ratio": 3.8961285071005958,
      "fcf_margin_change": 0.028570688962691104
    },
    {
      "date": "2024-04-30T00:00:00",
      "quarter_label": "2024-04 (Q2)",
      "revenue": 524577000,
      "gross_profit": 444958000,
      "operating_income": -11588000,
      "net_income": -15616000,
      "opex": 456546000,
      "cogs": 79619000,
      "rd": 159220000,
      "sga": null,
      "fcf": 78324000,
      "ocf": 96353000,
      "capex": -18029000,
      "gross_margin": 0.8482224725826714,
      "op_margin": -0.02209017932543745,
      "fcf_margin": 0.14930887171949972,
      "incr_op_margin_yoy": 0.6191378493604927,
      "rev_growth_yoy": 0.16941421950550736,
      "rev_growth_yoy_accel": 0.007566718503441566,
      "fcf_margin_change": -0.13843795127208072
    },
    {
      "date": "2024-07-31T00:00:00",
      "quarter_label": "2024-07 (Q3)",
      "revenue": 547952000,
      "gross_profit": 466974000,
      "operating_income": -12188000,
      "net_income": -126101000,
      "opex": 479162000,
      "cogs": 80978000,
      "rd": 167396000,
      "sga": null,
      "fcf": 224258000,
      "ocf": 244697000,
      "capex": -20439000,
      "gross_margin": 0.8522169825094169,
      "op_margin": -0.022242824188980055,
      "fcf_margin": 0.4092657751043887,
      "incr_op_margin_yoy": -0.01564884075769417,
      "rev_growth_yoy": 0.10874324679791991,
      "rev_growth_yoy_accel": -0.06067097270758745,
      "op_leverage_ratio": 0.8995206154205891,
      "fcf_margin_change": 0.25995690338488897
    },
    {
      "date": "2024-10-31T00:00:00",
      "quarter_label": "2024-10 (Q4)",
      "revenue": 590956000,
      "gross_profit": 508286000,
      "operating_income": 27250000,
      "net_income": 29926000,
      "opex": 481036000,
      "cogs": 82670000,
      "rd": 173959000,
      "sga": null,
      "fcf": 151920000,
      "ocf": 161751000,
      "capex": -9831000,
      "gross_margin": 0.8601080283472882,
      "op_margin": 0.04611172405390587,
      "fcf_margin": 0.25707497681722496,
      "incr_op_margin_yoy": 0.4124552576906711,
      "rev_growth_yoy": 0.15634747013035805,
      "rev_growth_yoy_accel": 0.047604223332438134,
      "op_leverage_ratio": 20.066846065772605,
      "fcf_margin_change": -0.15219079828716375
    },
    {
      "date": "2025-01-31T00:00:00",
      "quarter_label": "2025-01 (Q1)",
      "revenue": 654721000,
      "gross_profit": 569433000,
      "operating_income": 65438000,
      "net_income": 56427000,
      "opex": 503995000,
      "cogs": 85288000,
      "rd": 182785000,
      "sga": null,
      "fcf": 187063000,
      "ocf": 221670000,
      "capex": -34607000,
      "gross_margin": 0.8697338255531746,
      "op_margin": 0.09994791674621709,
      "fcf_margin": 0.28571406751883627,
      "incr_op_margin_yoy": 0.3172827641694976,
      "rev_growth_yoy": 0.15832055099401485,
      "rev_growth_yoy_accel": 0.001973080863656801,
      "op_leverage_ratio": 2.260746301810511,
      "fcf_margin_change": 0.028639090701611303
    },
    {
      "date": "2025-04-30T00:00:00",
      "quarter_label": "2025-04 (Q2)",
      "revenue": 638983000,
      "gross_profit": 555992000,
      "operating_income": 48645000,
      "net_income": 63363000,
      "opex": 507347000,
      "cogs": 82991000,
      "rd": 186413000,
      "sga": null,
      "fcf": 203411000,
      "ocf": 218506000,
      "capex": -15095000,
      "gross_margin": 0.8701201753411281,
      "op_margin": 0.07612878589884238,
      "fcf_margin": 0.3183355425731201,
      "incr_op_margin_yoy": 0.5264846249322588,
      "rev_growth_yoy": 0.21809191024387267,
      "rev_growth_yoy_accel": 0.059771359249857825,
      "fcf_margin_change": 0.03262147505428381
    },
    {
      "date": "2025-07-31T00:00:00",
      "quarter_label": "2025-07 (Q3)",
      "revenue": 653267000,
      "gross_profit": 569434000,
      "operating_income": 31208000,
      "net_income": 38650000,
      "opex": 538226000,
      "cogs": 83833000,
      "rd": 193666000,
      "sga": null,
      "fcf": 207779000,
      "ocf": 219529000,
      "capex": -11750000,
      "gross_margin": 0.8716711543672037,
      "op_margin": 0.04777219727921355,
      "fcf_margin": 0.3180613745987475,
      "incr_op_margin_yoy": 0.4120590609125006,
      "rev_growth_yoy": 0.1921974917511023,
      "rev_growth_yoy_accel": -0.025894418492770382,
      "op_leverage_ratio": 0.367284335852638,
      "fcf_margin_change": -0.00027416797437257445
    },
    {
      "date": "2025-10-31T00:00:00",
      "quarter_label": "2025-10 (Q4)",
      "revenue": 670576000,
      "gross_profit": 583106000,
      "operating_income": 49335000,
      "net_income": 62096000,
      "opex": 533771000,
      "cogs": 87470000,
      "rd": 187482000,
      "sga": null,
      "fcf": 174506000,
      "ocf": 196825000,
      "capex": -22319000,
      "gross_margin": 0.8695599007420486,
      "op_margin": 0.07357107919162034,
      "fcf_margin": 0.2602329937247978,
      "incr_op_margin_yoy": 0.27738005526249687,
      "rev_growth_yoy": 0.13473084290539397,
      "rev_growth_yoy_accel": -0.05746664884570832,
      "op_leverage_ratio": Infinity,
      "fcf_margin_change": -0.0578283808739497
    }
  ],
  "signals": [
    {
      "quarter": "2025-10 (Q4)",
      "signal": "YoY REVENUE GROWTH DECELERATION",
      "detail": "YoY growth: +13.5% vs prior quarter YoY: +19.2% (decel: -5.7%)",
      "severity": "WARNING"
    },
    {
      "quarter": "2025-10 (Q4)",
      "signal": "INCREMENTAL MARGIN (YoY)",
      "detail": "YoY Incr OPM: +27.7% vs year-ago OPM: +4.6%",
      "severity": "HIGH"
    },
    {
      "quarter": "2025-07 (Q3)",
      "signal": "OP MARGIN TURNED POSITIVE (YoY)",
      "detail": "Op margin: -2.2% (year-ago) -> +4.8%",
      "severity": "HIGH"
    },
    {
      "quarter": "2025-04 (Q2)",
      "signal": "YoY REVENUE GROWTH ACCELERATION",
      "detail": "YoY growth: +21.8% vs prior quarter YoY: +15.8% (accel: +6.0%)",
      "severity": "MEDIUM"
    },
    {
      "quarter": "2025-04 (Q2)",
      "signal": "OP MARGIN TURNED POSITIVE (YoY)",
      "detail": "Op margin: -2.2% (year-ago) -> +7.6%",
      "severity": "HIGH"
    },
    {
      "quarter": "2025-01 (Q1)",
      "signal": "OPERATING LEVERAGE",
      "detail": "Rev growth +10.8% vs OpEx growth +4.8% (leverage: 2.3x)",
      "severity": "MEDIUM"
    },
    {
      "quarter": "2025-01 (Q1)",
      "signal": "INCREMENTAL MARGIN (YoY)",
      "detail": "YoY Incr OPM: +31.7% vs year-ago OPM: +6.6%",
      "severity": "HIGH"
    },
    {
      "quarter": "2024-10 (Q4)",
      "signal": "OPERATING LEVERAGE",
      "detail": "Rev growth +7.8% vs OpEx growth +0.4% (leverage: 20.1x)",
      "severity": "MEDIUM"
    },
    {
      "quarter": "2024-10 (Q4)",
      "signal": "OP MARGIN TURNED POSITIVE (YoY)",
      "detail": "Op margin: -1.1% (year-ago) -> +4.6%",
      "severity": "HIGH"
    },
    {
      "quarter": "2024-10 (Q4)",
      "signal": "OP MARGIN TURNED POSITIVE (QoQ)",
      "detail": "Op margin: -2.2% -> +4.6%",
      "severity": "HIGH"
    },
    {
      "quarter": "2024-07 (Q3)",
      "signal": "FCF MARGIN EXPANSION",
      "detail": "FCF margin: +14.9% -> +40.9% (+26.0%)",
      "severity": "MEDIUM"
    },
    {
      "quarter": "2024-07 (Q3)",
      "signal": "YoY REVENUE GROWTH DECELERATION",
      "detail": "YoY growth: +10.9% vs prior quarter YoY: +16.9% (decel: -6.1%)",
      "severity": "WARNING"
    },
    {
      "quarter": "2024-01 (Q1)",
      "signal": "OPERATING LEVERAGE",
      "detail": "Rev growth +10.6% vs OpEx growth +2.7% (leverage: 3.9x)",
      "severity": "MEDIUM"
    },
    {
      "quarter": "2024-01 (Q1)",
      "signal": "OP MARGIN TURNED POSITIVE (YoY)",
      "detail": "Op margin: -11.6% (year-ago) -> +6.6%",
      "severity": "HIGH"
    },
    {
      "quarter": "2024-01 (Q1)",
      "signal": "OP MARGIN TURNED POSITIVE (QoQ)",
      "detail": "Op margin: -1.1% -> +6.6%",
      "severity": "HIGH"
    },
    {
      "quarter": "2023-10 (Q4)",
      "signal": "FCF MARGIN EXPANSION",
      "detail": "FCF margin: +9.2% -> +25.9% (+16.7%)",
      "severity": "MEDIUM"
    },
    {
      "quarter": "2023-10 (Q4)",
      "signal": "YoY REVENUE GROWTH DECELERATION",
      "detail": "YoY growth: +17.9% vs prior quarter YoY: +28.2% (decel: -10.3%)",
      "severity": "WARNING"
    },
    {
      "quarter": "2023-07 (Q3)",
      "signal": "OPERATING LEVERAGE",
      "detail": "Rev growth +10.2% vs OpEx growth +0.1% (leverage: 140.7x)",
      "severity": "MEDIUM"
    },
    {
      "quarter": "2023-07 (Q3)",
      "signal": "GROSS MARGIN INFLECTION",
      "detail": "GM: +82.2% -> +81.6% -> +83.7% (reversal +2.1%)",
      "severity": "MEDIUM"
    },
    {
      "quarter": "2023-07 (Q3)",
      "signal": "YoY REVENUE GROWTH ACCELERATION",
      "detail": "YoY growth: +28.2% vs prior quarter YoY: +11.1% (accel: +17.1%)",
      "severity": "HIGH"
    },
    {
      "quarter": "2023-04 (Q2)",
      "signal": "YoY REVENUE GROWTH DECELERATION",
      "detail": "YoY growth: +11.1% vs prior quarter YoY: +17.8% (decel: -6.6%)",
      "severity": "WARNING"
    },
    {
      "quarter": "2023-01 (Q1)",
      "signal": "OPERATING LEVERAGE",
      "detail": "Rev growth +12.2% vs OpEx growth +5.8% (leverage: 2.1x)",
      "severity": "MEDIUM"
    },
    {
      "quarter": "2022-10 (Q4)",
      "signal": "YoY REVENUE GROWTH ACCELERATION",
      "detail": "YoY growth: +14.6% vs prior quarter YoY: -1.3% (accel: +15.9%)",
      "severity": "HIGH"
    },
    {
      "quarter": "2022-07 (Q3)",
      "signal": "FCF TURNED POSITIVE",
      "detail": "FCF margin: -5.0% -> +6.0%",
      "severity": "HIGH"
    },
    {
      "quarter": "2022-07 (Q3)",
      "signal": "YoY REVENUE GROWTH DECELERATION",
      "detail": "YoY growth: -1.3% vs prior quarter YoY: +17.2% (decel: -18.5%)",
      "severity": "WARNING"
    },
    {
      "quarter": "2022-01 (Q1)",
      "signal": "FCF TURNED POSITIVE",
      "detail": "FCF margin: -0.5% -> +4.2%",
      "severity": "HIGH"
    },
    {
      "quarter": "2022-01 (Q1)",
      "signal": "GROSS MARGIN INFLECTION",
      "detail": "GM: +79.9% -> +78.5% -> +80.6% (reversal +2.2%)",
      "severity": "MEDIUM"
    },
    {
      "quarter": "2021-10 (Q4)",
      "signal": "FCF MARGIN EXPANSION",
      "detail": "FCF margin: -10.8% -> -0.5% (+10.3%)",
      "severity": "MEDIUM"
    },
    {
      "quarter": "2021-07 (Q3)",
      "signal": "FCF MARGIN EXPANSION",
      "detail": "FCF margin: -20.8% -> -10.8% (+10.0%)",
      "severity": "MEDIUM"
    },
    {
      "quarter": "2021-07 (Q3)",
      "signal": "OPERATING LEVERAGE",
      "detail": "Rev growth +13.4% vs OpEx growth +0.8% (leverage: 17.4x)",
      "severity": "MEDIUM"
    }
  ],
  "data_quality": {
    "n_quarters": 20,
    "coverage": {
      "revenue": [
        20,
        20
      ],
      "gross_profit": [
        20,
        20
      ],
      "op_income": [
        20,
        20
      ],
      "fcf": [
        20,
        20
      ]
    },
    "gaps": [],
    "warnings": []
  },
  "market_cap": null,
  "source": "SEC EDGAR",
  "last_updated": "2026-02-02T20:34:59.739203",
  "sector": "Technology",
  "industry": "Software - Infrastructure"
}