{
  "ticker": "NTRA",
  "name": "Natera, Inc.",
  "quarters": [
    {
      "date": "2020-12-31T00:00:00",
      "quarter_label": "2020-12 (Q4)",
      "revenue": 112378000,
      "gross_profit": null,
      "operating_income": -73968000,
      "net_income": -76412000,
      "opex": 186346000,
      "cogs": null,
      "rd": 32384000,
      "sga": 94080000,
      "fcf": -80833000,
      "ocf": -73302000,
      "capex": -7531000,
      "gross_margin": null,
      "op_margin": -0.6582071223905035,
      "fcf_margin": -0.7192955916638488
    },
    {
      "date": "2021-03-31T00:00:00",
      "quarter_label": "2021-03 (Q1)",
      "revenue": 152316000,
      "gross_profit": null,
      "operating_income": -63017000,
      "net_income": -63853000,
      "opex": 215333000,
      "cogs": null,
      "rd": 40188000,
      "sga": 108332000,
      "fcf": -85136000,
      "ocf": -74876000,
      "capex": -10260000,
      "gross_margin": null,
      "op_margin": -0.41372541295727305,
      "fcf_margin": -0.558943249560125,
      "op_leverage_ratio": 2.2846612638090154,
      "fcf_margin_change": 0.16035234210372384
    },
    {
      "date": "2021-06-30T00:00:00",
      "quarter_label": "2021-06 (Q2)",
      "revenue": 142026000,
      "gross_profit": null,
      "operating_income": -115294000,
      "net_income": -116026000,
      "opex": 257320000,
      "cogs": null,
      "rd": 53752000,
      "sga": 127456000,
      "fcf": -79194000,
      "ocf": -70563000,
      "capex": -8631000,
      "gross_margin": null,
      "op_margin": -0.8117809415177503,
      "fcf_margin": -0.5576021291876135,
      "fcf_margin_change": 0.0013411203725114396
    },
    {
      "date": "2021-09-30T00:00:00",
      "quarter_label": "2021-09 (Q3)",
      "revenue": 158116000,
      "gross_profit": null,
      "operating_income": -150197000,
      "net_income": -151273000,
      "opex": 308313000,
      "cogs": null,
      "rd": 98457000,
      "sga": 128485000,
      "fcf": -104197000,
      "ocf": -91061000,
      "capex": -13136000,
      "gross_margin": null,
      "op_margin": -0.9499165169875281,
      "fcf_margin": -0.6589908674643933,
      "op_leverage_ratio": 0.5716775900421744,
      "fcf_margin_change": -0.10138873827677974
    },
    {
      "date": "2021-12-31T00:00:00",
      "quarter_label": "2021-12 (Q4)",
      "revenue": 173028000,
      "gross_profit": null,
      "operating_income": -139666000,
      "net_income": -140564000,
      "opex": 312694000,
      "cogs": null,
      "rd": 71811000,
      "sga": 146761000,
      "fcf": -107739000,
      "ocf": -98736000,
      "capex": -9003000,
      "gross_margin": null,
      "op_margin": -0.8071872760478073,
      "fcf_margin": -0.6226680074901172,
      "incr_op_margin_yoy": -1.0832316570486398,
      "rev_growth_yoy": 0.5396963818540995,
      "op_leverage_ratio": 6.6371045654686185,
      "fcf_margin_change": 0.03632285997427609
    },
    {
      "date": "2022-03-31T00:00:00",
      "quarter_label": "2022-03 (Q1)",
      "revenue": 194133000,
      "gross_profit": null,
      "operating_income": -137130000,
      "net_income": -138595000,
      "opex": 331263000,
      "cogs": null,
      "rd": 80414000,
      "sga": 147634000,
      "fcf": -153162000,
      "ocf": -137277000,
      "capex": -15885000,
      "gross_margin": null,
      "op_margin": -0.706371405170682,
      "fcf_margin": -0.7889539645500765,
      "incr_op_margin_yoy": -1.772317478537437,
      "rev_growth_yoy": 0.2745410856377531,
      "rev_growth_yoy_accel": -0.2651552962163464,
      "op_leverage_ratio": 2.053997924551078,
      "fcf_margin_change": -0.1662859570599593
    },
    {
      "date": "2022-06-30T00:00:00",
      "quarter_label": "2022-06 (Q2)",
      "revenue": 198200000,
      "gross_profit": null,
      "operating_income": -143085000,
      "net_income": -145151000,
      "opex": 341285000,
      "cogs": null,
      "rd": 82580000,
      "sga": 149468000,
      "fcf": -118625000,
      "ocf": -110849000,
      "capex": -7776000,
      "gross_margin": null,
      "op_margin": -0.7219223007063572,
      "fcf_margin": -0.5985116044399597,
      "incr_op_margin_yoy": -0.49473065831167445,
      "rev_growth_yoy": 0.3955191303000859,
      "rev_growth_yoy_accel": 0.1209780446623328,
      "op_leverage_ratio": 0.6924578432278151,
      "fcf_margin_change": 0.19044236011011684
    },
    {
      "date": "2022-09-30T00:00:00",
      "quarter_label": "2022-09 (Q3)",
      "revenue": 210637000,
      "gross_profit": null,
      "operating_income": -119052000,
      "net_income": -121480000,
      "opex": 329689000,
      "cogs": null,
      "rd": 65510000,
      "sga": 147667000,
      "fcf": -114457000,
      "ocf": -102248000,
      "capex": -12209000,
      "gross_margin": null,
      "op_margin": -0.5651998461808704,
      "fcf_margin": -0.5433850653019175,
      "incr_op_margin_yoy": 0.5930008948801432,
      "rev_growth_yoy": 0.3321675225783602,
      "rev_growth_yoy_accel": -0.06335160772172571,
      "op_leverage_ratio": Infinity,
      "fcf_margin_change": 0.05512653913804211
    },
    {
      "date": "2022-12-31T00:00:00",
      "quarter_label": "2022-12 (Q4)",
      "revenue": 217252000,
      "gross_profit": null,
      "operating_income": -141773000,
      "net_income": -142573000,
      "opex": 359025000,
      "cogs": null,
      "rd": 87911000,
      "sga": 143822000,
      "fcf": -92954000,
      "ocf": -81127000,
      "capex": -11827000,
      "gross_margin": null,
      "op_margin": -0.6525739693995912,
      "fcf_margin": -0.4278625743376356,
      "incr_op_margin_yoy": -0.04764381331403763,
      "rev_growth_yoy": 0.25558869084772406,
      "rev_growth_yoy_accel": -0.07657883173063612,
      "op_leverage_ratio": 0.35293826637873116,
      "fcf_margin_change": 0.11552249096428197
    },
    {
      "date": "2023-03-31T00:00:00",
      "quarter_label": "2023-03 (Q1)",
      "revenue": 241756000,
      "gross_profit": null,
      "operating_income": -138301000,
      "net_income": -136937000,
      "opex": 380057000,
      "cogs": null,
      "rd": 82306000,
      "sga": 149627000,
      "fcf": -92488000,
      "ocf": -81108000,
      "capex": -11380000,
      "gross_margin": null,
      "op_margin": -0.572068531908205,
      "fcf_margin": -0.38256754744453086,
      "incr_op_margin_yoy": -0.02458895911639334,
      "rev_growth_yoy": 0.24531120417445773,
      "rev_growth_yoy_accel": -0.010277486673266334,
      "op_leverage_ratio": 1.9253838220886068,
      "fcf_margin_change": 0.04529502689310472
    },
    {
      "date": "2023-06-30T00:00:00",
      "quarter_label": "2023-06 (Q2)",
      "revenue": 261404000,
      "gross_profit": null,
      "operating_income": -112426000,
      "net_income": -110803000,
      "opex": 373830000,
      "cogs": null,
      "rd": 78173000,
      "sga": 152508000,
      "fcf": -87353000,
      "ocf": -78543000,
      "capex": -8810000,
      "gross_margin": null,
      "op_margin": -0.4300852320545975,
      "fcf_margin": -0.3341685666630962,
      "incr_op_margin_yoy": 0.485080058224163,
      "rev_growth_yoy": 0.31889001009081736,
      "rev_growth_yoy_accel": 0.07357880591635962,
      "op_leverage_ratio": Infinity,
      "fcf_margin_change": 0.048398980781434675
    },
    {
      "date": "2023-09-30T00:00:00",
      "quarter_label": "2023-09 (Q3)",
      "revenue": 268306000,
      "gross_profit": null,
      "operating_income": -110982000,
      "net_income": -109030000,
      "opex": 379288000,
      "cogs": null,
      "rd": 77235000,
      "sga": 154742000,
      "fcf": -38656000,
      "ocf": -29699000,
      "capex": -8957000,
      "gross_margin": null,
      "op_margin": -0.4136396502500876,
      "fcf_margin": -0.14407430322094922,
      "incr_op_margin_yoy": 0.1399365343598814,
      "rev_growth_yoy": 0.27378380816285836,
      "rev_growth_yoy_accel": -0.045106201927959,
      "op_leverage_ratio": 1.8084368398022777,
      "fcf_margin_change": 0.19009426344214697
    },
    {
      "date": "2023-12-31T00:00:00",
      "quarter_label": "2023-12 (Q4)",
      "revenue": 311105000,
      "gross_profit": null,
      "operating_income": -84536000,
      "net_income": -78031000,
      "opex": 395641000,
      "cogs": null,
      "rd": 82964000,
      "sga": 161430000,
      "fcf": -67657000,
      "ocf": -57605000,
      "capex": -10052000,
      "gross_margin": null,
      "op_margin": -0.27172819466096654,
      "fcf_margin": -0.21747320036643578,
      "incr_op_margin_yoy": 0.6098579693776438,
      "rev_growth_yoy": 0.43200062600114153,
      "rev_growth_yoy_accel": 0.15821681783828317,
      "op_leverage_ratio": 3.6997715031525407,
      "fcf_margin_change": -0.07339889714548656
    },
    {
      "date": "2024-03-31T00:00:00",
      "quarter_label": "2024-03 (Q1)",
      "revenue": 367741000,
      "gross_profit": null,
      "operating_income": -74314000,
      "net_income": -67599000,
      "opex": 442055000,
      "cogs": null,
      "rd": 88637000,
      "sga": 194278000,
      "fcf": 6686000,
      "ocf": 27001000,
      "capex": -20315000,
      "gross_margin": null,
      "op_margin": -0.20208244389393623,
      "fcf_margin": 0.01818127432078555,
      "incr_op_margin_yoy": 0.507893796880581,
      "rev_growth_yoy": 0.5211246049736098,
      "rev_growth_yoy_accel": 0.08912397897246827,
      "op_leverage_ratio": 1.5518076018619058,
      "fcf_margin_change": 0.23565447468722134
    },
    {
      "date": "2024-06-30T00:00:00",
      "quarter_label": "2024-06 (Q2)",
      "revenue": 413351000,
      "gross_profit": null,
      "operating_income": -43902000,
      "net_income": -37464000,
      "opex": 457253000,
      "cogs": null,
      "rd": 89109000,
      "sga": 197965000,
      "fcf": -7688000,
      "ocf": 3990000,
      "capex": -11678000,
      "gross_margin": null,
      "op_margin": -0.10620997650906856,
      "fcf_margin": -0.018599205033978387,
      "incr_op_margin_yoy": 0.4509730366509375,
      "rev_growth_yoy": 0.5812726660647886,
      "rev_growth_yoy_accel": 0.06014806109117876,
      "op_leverage_ratio": 3.6075128481380725,
      "fcf_margin_change": -0.03678047935476394
    },
    {
      "date": "2024-09-30T00:00:00",
      "quarter_label": "2024-09 (Q3)",
      "revenue": 439758000,
      "gross_profit": null,
      "operating_income": -39338000,
      "net_income": -31592000,
      "opex": 479096000,
      "cogs": null,
      "rd": 96931000,
      "sga": 214154000,
      "fcf": 35474000,
      "ocf": 51786000,
      "capex": -16312000,
      "gross_margin": null,
      "op_margin": -0.08945374501430332,
      "fcf_margin": 0.08066709417452327,
      "incr_op_margin_yoy": 0.41786622494925696,
      "rev_growth_yoy": 0.6390166451737941,
      "rev_growth_yoy_accel": 0.05774397910900553,
      "op_leverage_ratio": 1.337347747547268,
      "fcf_margin_change": 0.09926629920850165
    },
    {
      "date": "2024-12-31T00:00:00",
      "quarter_label": "2024-12 (Q4)",
      "revenue": 476061000,
      "gross_profit": null,
      "operating_income": -64740000,
      "net_income": -53771000,
      "opex": 540801000,
      "cogs": null,
      "rd": 129461000,
      "sga": 234917000,
      "fcf": 34769000,
      "ocf": 52887000,
      "capex": -18118000,
      "gross_margin": null,
      "op_margin": -0.1359909759463598,
      "fcf_margin": 0.07303475815074119,
      "incr_op_margin_yoy": 0.12000775964499624,
      "rev_growth_yoy": 0.5302261294418283,
      "rev_growth_yoy_accel": -0.10879051573196574,
      "op_leverage_ratio": 0.6409600406005065,
      "fcf_margin_change": -0.007632336023782077
    },
    {
      "date": "2025-03-31T00:00:00",
      "quarter_label": "2025-03 (Q1)",
      "revenue": 501830000,
      "gross_profit": null,
      "operating_income": -79177000,
      "net_income": -66936000,
      "opex": 581007000,
      "cogs": null,
      "rd": 129078000,
      "sga": 266864000,
      "fcf": 22637000,
      "ocf": 44452000,
      "capex": -21815000,
      "gross_margin": null,
      "op_margin": -0.1577765378713907,
      "fcf_margin": 0.045108901420799874,
      "incr_op_margin_yoy": -0.03626695702108301,
      "rev_growth_yoy": 0.36462891002091147,
      "rev_growth_yoy_accel": -0.16559721942091687,
      "op_leverage_ratio": 0.7280841530906269,
      "fcf_margin_change": -0.027925856729941315
    },
    {
      "date": "2025-06-30T00:00:00",
      "quarter_label": "2025-06 (Q2)",
      "revenue": 546600000,
      "gross_profit": null,
      "operating_income": -110372000,
      "net_income": -100938000,
      "opex": 656972000,
      "cogs": null,
      "rd": 146427000,
      "sga": 310549000,
      "fcf": 11677000,
      "ocf": 37574000,
      "capex": -25897000,
      "gross_margin": null,
      "op_margin": -0.20192462495426272,
      "fcf_margin": 0.021362971094035857,
      "incr_op_margin_yoy": -0.49884051662676643,
      "rev_growth_yoy": 0.32236283449175157,
      "rev_growth_yoy_accel": -0.0422660755291599,
      "op_leverage_ratio": 0.6823360179095921,
      "fcf_margin_change": -0.023745930326764017
    },
    {
      "date": "2025-09-30T00:00:00",
      "quarter_label": "2025-09 (Q3)",
      "revenue": 592183000,
      "gross_profit": null,
      "operating_income": -97576000,
      "net_income": -87544000,
      "opex": 689759000,
      "cogs": null,
      "rd": 173412000,
      "sga": 308546000,
      "fcf": 36982000,
      "ocf": 59387000,
      "capex": -22405000,
      "gross_margin": null,
      "op_margin": -0.16477338930702165,
      "fcf_margin": 0.06245028985972242,
      "incr_op_margin_yoy": -0.3820764310316549,
      "rev_growth_yoy": 0.3466110906453095,
      "rev_growth_yoy_accel": 0.024248256153557912,
      "op_leverage_ratio": 1.6710077219413229,
      "fcf_margin_change": 0.04108731876568656
    }
  ],
  "signals": [
    {
      "quarter": "2025-09 (Q3)",
      "signal": "OPERATING LEVERAGE",
      "detail": "Rev growth +8.3% vs OpEx growth +5.0% (leverage: 1.7x)",
      "severity": "MEDIUM"
    },
    {
      "quarter": "2025-03 (Q1)",
      "signal": "YoY REVENUE GROWTH DECELERATION",
      "detail": "YoY growth: +36.5% vs prior quarter YoY: +53.0% (decel: -16.6%)",
      "severity": "WARNING"
    },
    {
      "quarter": "2024-12 (Q4)",
      "signal": "YoY REVENUE GROWTH DECELERATION",
      "detail": "YoY growth: +53.0% vs prior quarter YoY: +63.9% (decel: -10.9%)",
      "severity": "WARNING"
    },
    {
      "quarter": "2024-09 (Q3)",
      "signal": "FCF TURNED POSITIVE",
      "detail": "FCF margin: -1.9% -> +8.1%",
      "severity": "HIGH"
    },
    {
      "quarter": "2024-09 (Q3)",
      "signal": "YoY REVENUE GROWTH ACCELERATION",
      "detail": "YoY growth: +63.9% vs prior quarter YoY: +58.1% (accel: +5.8%)",
      "severity": "MEDIUM"
    },
    {
      "quarter": "2024-06 (Q2)",
      "signal": "OPERATING LEVERAGE",
      "detail": "Rev growth +12.4% vs OpEx growth +3.4% (leverage: 3.6x)",
      "severity": "MEDIUM"
    },
    {
      "quarter": "2024-06 (Q2)",
      "signal": "YoY REVENUE GROWTH ACCELERATION",
      "detail": "YoY growth: +58.1% vs prior quarter YoY: +52.1% (accel: +6.0%)",
      "severity": "MEDIUM"
    },
    {
      "quarter": "2024-03 (Q1)",
      "signal": "FCF TURNED POSITIVE",
      "detail": "FCF margin: -21.7% -> +1.8%",
      "severity": "HIGH"
    },
    {
      "quarter": "2024-03 (Q1)",
      "signal": "OPERATING LEVERAGE",
      "detail": "Rev growth +18.2% vs OpEx growth +11.7% (leverage: 1.6x)",
      "severity": "MEDIUM"
    },
    {
      "quarter": "2024-03 (Q1)",
      "signal": "YoY REVENUE GROWTH ACCELERATION",
      "detail": "YoY growth: +52.1% vs prior quarter YoY: +43.2% (accel: +8.9%)",
      "severity": "MEDIUM"
    },
    {
      "quarter": "2023-12 (Q4)",
      "signal": "OPERATING LEVERAGE",
      "detail": "Rev growth +16.0% vs OpEx growth +4.3% (leverage: 3.7x)",
      "severity": "MEDIUM"
    },
    {
      "quarter": "2023-12 (Q4)",
      "signal": "YoY REVENUE GROWTH ACCELERATION",
      "detail": "YoY growth: +43.2% vs prior quarter YoY: +27.4% (accel: +15.8%)",
      "severity": "HIGH"
    },
    {
      "quarter": "2023-09 (Q3)",
      "signal": "FCF MARGIN EXPANSION",
      "detail": "FCF margin: -33.4% -> -14.4% (+19.0%)",
      "severity": "MEDIUM"
    },
    {
      "quarter": "2023-09 (Q3)",
      "signal": "OPERATING LEVERAGE",
      "detail": "Rev growth +2.6% vs OpEx growth +1.5% (leverage: 1.8x)",
      "severity": "MEDIUM"
    },
    {
      "quarter": "2023-06 (Q2)",
      "signal": "YoY REVENUE GROWTH ACCELERATION",
      "detail": "YoY growth: +31.9% vs prior quarter YoY: +24.5% (accel: +7.4%)",
      "severity": "MEDIUM"
    },
    {
      "quarter": "2023-03 (Q1)",
      "signal": "OPERATING LEVERAGE",
      "detail": "Rev growth +11.3% vs OpEx growth +5.9% (leverage: 1.9x)",
      "severity": "MEDIUM"
    },
    {
      "quarter": "2022-12 (Q4)",
      "signal": "FCF MARGIN EXPANSION",
      "detail": "FCF margin: -54.3% -> -42.8% (+11.6%)",
      "severity": "MEDIUM"
    },
    {
      "quarter": "2022-12 (Q4)",
      "signal": "YoY REVENUE GROWTH DECELERATION",
      "detail": "YoY growth: +25.6% vs prior quarter YoY: +33.2% (decel: -7.7%)",
      "severity": "WARNING"
    },
    {
      "quarter": "2022-09 (Q3)",
      "signal": "FCF MARGIN EXPANSION",
      "detail": "FCF margin: -59.9% -> -54.3% (+5.5%)",
      "severity": "MEDIUM"
    },
    {
      "quarter": "2022-09 (Q3)",
      "signal": "YoY REVENUE GROWTH DECELERATION",
      "detail": "YoY growth: +33.2% vs prior quarter YoY: +39.6% (decel: -6.3%)",
      "severity": "WARNING"
    },
    {
      "quarter": "2022-06 (Q2)",
      "signal": "FCF MARGIN EXPANSION",
      "detail": "FCF margin: -78.9% -> -59.9% (+19.0%)",
      "severity": "MEDIUM"
    },
    {
      "quarter": "2022-06 (Q2)",
      "signal": "YoY REVENUE GROWTH ACCELERATION",
      "detail": "YoY growth: +39.6% vs prior quarter YoY: +27.5% (accel: +12.1%)",
      "severity": "MEDIUM"
    },
    {
      "quarter": "2022-03 (Q1)",
      "signal": "OPERATING LEVERAGE",
      "detail": "Rev growth +12.2% vs OpEx growth +5.9% (leverage: 2.1x)",
      "severity": "MEDIUM"
    },
    {
      "quarter": "2022-03 (Q1)",
      "signal": "YoY REVENUE GROWTH DECELERATION",
      "detail": "YoY growth: +27.5% vs prior quarter YoY: +54.0% (decel: -26.5%)",
      "severity": "WARNING"
    },
    {
      "quarter": "2021-12 (Q4)",
      "signal": "OPERATING LEVERAGE",
      "detail": "Rev growth +9.4% vs OpEx growth +1.4% (leverage: 6.6x)",
      "severity": "MEDIUM"
    },
    {
      "quarter": "2021-03 (Q1)",
      "signal": "FCF MARGIN EXPANSION",
      "detail": "FCF margin: -71.9% -> -55.9% (+16.0%)",
      "severity": "MEDIUM"
    },
    {
      "quarter": "2021-03 (Q1)",
      "signal": "OPERATING LEVERAGE",
      "detail": "Rev growth +35.5% vs OpEx growth +15.6% (leverage: 2.3x)",
      "severity": "MEDIUM"
    }
  ],
  "data_quality": {
    "n_quarters": 20,
    "coverage": {
      "revenue": [
        20,
        20
      ],
      "gross_profit": [
        0,
        20
      ],
      "op_income": [
        20,
        20
      ],
      "fcf": [
        20,
        20
      ]
    },
    "gaps": [],
    "warnings": [
      "gross_profit: no data"
    ]
  },
  "market_cap": null,
  "source": "SEC EDGAR",
  "last_updated": "2026-02-02T20:07:38.394016",
  "sector": "Healthcare",
  "industry": "Diagnostics & Research"
}