{
  "ticker": "NTWK",
  "name": "NETSOL TECHNOLOGIES, INC.",
  "sector": "Technology",
  "industry": "Software - Application",
  "quarters": [
    {
      "date": "2021-03-31T00:00:00",
      "quarter_label": "2021-03 (Q1)",
      "revenue": 13783996,
      "gross_profit": 6425448,
      "operating_income": 462219,
      "net_income": -623231,
      "opex": 5963229,
      "cogs": 7358548,
      "rd": 234678,
      "sga": null,
      "fcf": -3122663,
      "ocf": -2263500,
      "capex": -859163,
      "gross_margin": 0.4661527760164759,
      "op_margin": 0.03353301901712682,
      "fcf_margin": -0.22654265134725807
    },
    {
      "date": "2021-06-30T00:00:00",
      "quarter_label": "2021-06 (Q2)",
      "revenue": 15367781,
      "gross_profit": 7503696,
      "operating_income": 1135571,
      "net_income": 1926038,
      "opex": 6368125,
      "cogs": 7864085,
      "rd": 243082,
      "sga": null,
      "fcf": 4896354,
      "ocf": 5338579,
      "capex": -442225,
      "gross_margin": 0.48827452707713626,
      "op_margin": 0.07389297127542356,
      "fcf_margin": 0.31861164601447667,
      "op_leverage_ratio": 1.6922288237947873,
      "fcf_margin_change": 0.5451542973617347
    },
    {
      "date": "2021-09-30T00:00:00",
      "quarter_label": "2021-09 (Q3)",
      "revenue": 13420761,
      "gross_profit": 5443023,
      "operating_income": -639610,
      "net_income": 187969,
      "opex": 6082633,
      "cogs": 7977738,
      "rd": 275230,
      "sga": null,
      "fcf": -3607765,
      "ocf": -3391653,
      "capex": -216112,
      "gross_margin": 0.40556738921138674,
      "op_margin": -0.04765825127204039,
      "fcf_margin": -0.2688197040391376,
      "fcf_margin_change": -0.5874313500536142
    },
    {
      "date": "2021-12-31T00:00:00",
      "quarter_label": "2021-12 (Q4)",
      "revenue": 15472962,
      "gross_profit": 7642587,
      "operating_income": 1653868,
      "net_income": 1406785,
      "opex": 5988719,
      "cogs": 7830375,
      "rd": 235390,
      "sga": null,
      "fcf": -202822,
      "ocf": 355019,
      "capex": -557841,
      "gross_margin": 0.49393173718128436,
      "op_margin": 0.10688761466615118,
      "fcf_margin": -0.013108156020805842,
      "op_leverage_ratio": null,
      "fcf_margin_change": 0.25571154801833174
    },
    {
      "date": "2022-03-31T00:00:00",
      "quarter_label": "2022-03 (Q1)",
      "revenue": 14809826,
      "gross_profit": 5834570,
      "operating_income": -539305,
      "net_income": -278470,
      "opex": 6373875,
      "cogs": 8975256,
      "rd": 251001,
      "sga": null,
      "fcf": 7655682,
      "ocf": 8562585,
      "capex": -906903,
      "gross_margin": 0.3939661411281942,
      "op_margin": -0.03641535018709875,
      "fcf_margin": 0.5169326094715765,
      "incr_op_margin_yoy": -0.9763060156166227,
      "rev_growth_yoy": 0.07442181498021329,
      "fcf_margin_change": 0.5300407654923823
    },
    {
      "date": "2022-06-30T00:00:00",
      "quarter_label": "2022-06 (Q2)",
      "revenue": 13544430,
      "gross_profit": 4816994,
      "operating_income": -1553276,
      "net_income": -2167440,
      "opex": 6370270,
      "cogs": 8727436,
      "rd": 580533,
      "sga": null,
      "fcf": -3393678,
      "ocf": -2465329,
      "capex": -928349,
      "gross_margin": 0.35564390675724267,
      "op_margin": -0.11468005667274296,
      "fcf_margin": -0.2505589382498931,
      "incr_op_margin_yoy": 1.4746732801309237,
      "rev_growth_yoy": -0.11864764340408027,
      "rev_growth_yoy_accel": -0.19306945838429357,
      "fcf_margin_change": -0.7674915477214697
    },
    {
      "date": "2022-09-30T00:00:00",
      "quarter_label": "2022-09 (Q3)",
      "revenue": 12706119,
      "gross_profit": 4251997,
      "operating_income": -1896191,
      "net_income": -620729,
      "opex": 6148188,
      "cogs": 8454122,
      "rd": 469627,
      "sga": null,
      "fcf": -48744,
      "ocf": 1298857,
      "capex": -1347601,
      "gross_margin": 0.3346416793357594,
      "op_margin": -0.1492344751375302,
      "fcf_margin": -0.0038362618829557633,
      "rev_growth_yoy": -0.053248992363398764,
      "rev_growth_yoy_accel": 0.0653986510406815,
      "fcf_margin_change": 0.24672267636693734
    },
    {
      "date": "2022-12-31T00:00:00",
      "quarter_label": "2022-12 (Q4)",
      "revenue": 12390358,
      "gross_profit": 3142463,
      "operating_income": -3046514,
      "net_income": -2092926,
      "opex": 6188977,
      "cogs": 9247895,
      "rd": 472904,
      "sga": null,
      "fcf": 485962,
      "ocf": 390686,
      "capex": 95276,
      "gross_margin": 0.25362164676759136,
      "op_margin": -0.24587780272369855,
      "fcf_margin": 0.03922098134694736,
      "incr_op_margin_yoy": 1.5248088953365402,
      "rev_growth_yoy": -0.19922520329333193,
      "rev_growth_yoy_accel": -0.14597621092993318,
      "fcf_margin_change": 0.043057243229903126
    },
    {
      "date": "2023-03-31T00:00:00",
      "quarter_label": "2023-03 (Q1)",
      "revenue": 13506389,
      "gross_profit": 4705029,
      "operating_income": -930435,
      "net_income": 2544623,
      "opex": 5635464,
      "cogs": 8801360,
      "rd": 302262,
      "sga": null,
      "fcf": 552342,
      "ocf": 875076,
      "capex": -322734,
      "gross_margin": 0.34835580405688005,
      "op_margin": -0.06888850898637675,
      "fcf_margin": 0.04089486834712076,
      "incr_op_margin_yoy": 0.30007587631776605,
      "rev_growth_yoy": -0.08801163497802067,
      "rev_growth_yoy_accel": 0.11121356831531126,
      "op_leverage_ratio": null,
      "fcf_margin_change": 0.001673887000173395
    },
    {
      "date": "2023-06-30T00:00:00",
      "quarter_label": "2023-06 (Q2)",
      "revenue": 13790349,
      "gross_profit": 4816074,
      "operating_income": -2906818,
      "net_income": -5074716,
      "opex": 7722892,
      "cogs": 8974275,
      "rd": 356820,
      "sga": null,
      "fcf": -619427,
      "ocf": -555048,
      "capex": -64379,
      "gross_margin": 0.34923510637765587,
      "op_margin": -0.21078639851681782,
      "fcf_margin": -0.0449174273979578,
      "rev_growth_yoy": 0.01815646727104795,
      "rev_growth_yoy_accel": 0.10616810224906861,
      "op_leverage_ratio": 0.05675917690658705,
      "fcf_margin_change": -0.08581229574507857
    },
    {
      "date": "2023-09-30T00:00:00",
      "quarter_label": "2023-09 (Q3)",
      "revenue": 14242181,
      "gross_profit": 6162017,
      "operating_income": 350629,
      "net_income": 30890,
      "opex": 5811388,
      "cogs": 8080164,
      "rd": 378419,
      "sga": null,
      "fcf": 1291989,
      "ocf": 1663619,
      "capex": -371630,
      "gross_margin": 0.432659646721243,
      "op_margin": 0.024619052376879638,
      "fcf_margin": 0.09071567058444209,
      "incr_op_margin_yoy": 1.4627143956428843,
      "rev_growth_yoy": 0.12089151691401599,
      "rev_growth_yoy_accel": 0.10273504964296803,
      "op_leverage_ratio": null,
      "fcf_margin_change": 0.1356330979823999
    },
    {
      "date": "2023-12-31T00:00:00",
      "quarter_label": "2023-12 (Q4)",
      "revenue": 15237941,
      "gross_profit": 7175737,
      "operating_income": 1026832,
      "net_income": 408316,
      "opex": 6148905,
      "cogs": 8062204,
      "rd": 341411,
      "sga": null,
      "fcf": -1257889,
      "ocf": -1058935,
      "capex": -198954,
      "gross_margin": 0.47091250714253324,
      "op_margin": 0.06738653207805438,
      "fcf_margin": -0.08254980118376885,
      "incr_op_margin_yoy": 1.4304573387325321,
      "rev_growth_yoy": 0.22982249584717407,
      "rev_growth_yoy_accel": 0.10893097893315808,
      "op_leverage_ratio": 1.203822332576858,
      "fcf_margin_change": -0.17326547176821094
    },
    {
      "date": "2024-03-31T00:00:00",
      "quarter_label": "2024-03 (Q1)",
      "revenue": 15464516,
      "gross_profit": 7474820,
      "operating_income": 1317903,
      "net_income": 327549,
      "opex": 6156917,
      "cogs": 7989696,
      "rd": 345582,
      "sga": null,
      "fcf": -4585114,
      "ocf": -4207361,
      "capex": -377753,
      "gross_margin": 0.48335298692826856,
      "op_margin": 0.08522109582996325,
      "fcf_margin": -0.2964925640091161,
      "incr_op_margin_yoy": 1.1482084665601362,
      "rev_growth_yoy": 0.14497783234290082,
      "rev_growth_yoy_accel": -0.08484466350427325,
      "op_leverage_ratio": 11.411494982555453,
      "fcf_margin_change": -0.21394276282534724
    },
    {
      "date": "2024-06-30T00:00:00",
      "quarter_label": "2024-06 (Q2)",
      "revenue": 19509918,
      "gross_profit": 8472296,
      "operating_income": 798191,
      "net_income": -82882,
      "opex": 7674105,
      "cogs": 7976157,
      "rd": 337189,
      "sga": null,
      "fcf": 6944998,
      "ocf": 6512065,
      "capex": 432933,
      "gross_margin": 0.43425584874318796,
      "op_margin": 0.04091206329006611,
      "fcf_margin": 0.35597269040290175,
      "incr_op_margin_yoy": 0.647777655973728,
      "rev_growth_yoy": 0.41475157735311846,
      "rev_growth_yoy_accel": 0.26977374501021767,
      "op_leverage_ratio": 1.061571504990065,
      "fcf_margin_change": 0.6524652544120179
    },
    {
      "date": "2024-09-30T00:00:00",
      "quarter_label": "2024-09 (Q3)",
      "revenue": 15219890,
      "gross_profit": 6564112,
      "operating_income": -760158,
      "net_income": 70795,
      "opex": 7324270,
      "cogs": 8034386,
      "rd": 359949,
      "sga": 6964321,
      "fcf": 5417008,
      "ocf": 5517745,
      "capex": -100737,
      "gross_margin": 0.43128511441278483,
      "op_margin": -0.049945039024592165,
      "fcf_margin": 0.35591636996062387,
      "rev_growth_yoy": 0.06864882562579425,
      "rev_growth_yoy_accel": -0.3461027517273242,
      "fcf_margin_change": -5.632044227787958e-05
    },
    {
      "date": "2024-12-31T00:00:00",
      "quarter_label": "2024-12 (Q4)",
      "revenue": 17863399,
      "gross_profit": 6920341,
      "operating_income": -486950,
      "net_income": -1147042,
      "opex": 7407291,
      "cogs": 8616320,
      "rd": 333669,
      "sga": 7073622,
      "fcf": -5615426,
      "ocf": -5148029,
      "capex": -467397,
      "gross_margin": 0.38740337155319654,
      "op_margin": -0.02725964974526964,
      "fcf_margin": -0.31435372405889833,
      "incr_op_margin_yoy": -0.576578257964896,
      "rev_growth_yoy": 0.17229742522300093,
      "rev_growth_yoy_accel": 0.10364859959720668,
      "op_leverage_ratio": 15.323065750630407,
      "fcf_margin_change": -0.6702700940195222
    },
    {
      "date": "2025-03-31T00:00:00",
      "quarter_label": "2025-03 (Q1)",
      "revenue": 17543957,
      "gross_profit": 8741773,
      "operating_income": 1553398,
      "net_income": 1423968,
      "opex": 7188375,
      "cogs": 8802184,
      "rd": 304788,
      "sga": null,
      "fcf": -693010,
      "ocf": -363401,
      "capex": -329609,
      "gross_margin": 0.4982782960537352,
      "op_margin": 0.08854319467381276,
      "fcf_margin": -0.03950135080700437,
      "incr_op_margin_yoy": 0.1132491857186619,
      "rev_growth_yoy": 0.1344653140130606,
      "rev_growth_yoy_accel": -0.03783211120994032,
      "fcf_margin_change": 0.27485237325189393
    },
    {
      "date": "2025-06-30T00:00:00",
      "quarter_label": "2025-06 (Q2)",
      "revenue": 25409571,
      "gross_profit": 10348306,
      "operating_income": 3195428,
      "net_income": 2575512,
      "opex": 7152878,
      "cogs": 8060807,
      "rd": 277472,
      "sga": null,
      "fcf": -44075,
      "ocf": 440952,
      "capex": -485027,
      "gross_margin": 0.40726016192874726,
      "op_margin": 0.12575686539532682,
      "fcf_margin": -0.001734582610623375,
      "incr_op_margin_yoy": 0.4063352539547665,
      "rev_growth_yoy": 0.30239250621145614,
      "rev_growth_yoy_accel": 0.16792719219839553,
      "op_leverage_ratio": null,
      "fcf_margin_change": 0.037766768196380994
    },
    {
      "date": "2025-09-30T00:00:00",
      "quarter_label": "2025-09 (Q3)",
      "revenue": 16073694,
      "gross_profit": 5911990,
      "operating_income": -1838706,
      "net_income": -2357288,
      "opex": 7750696,
      "cogs": 9099933,
      "rd": 214343,
      "sga": 7536353,
      "fcf": 4818280,
      "ocf": 5303561,
      "capex": -485281,
      "gross_margin": 0.36780530971909753,
      "op_margin": -0.1143922486019704,
      "fcf_margin": 0.2997618344607033,
      "rev_growth_yoy": 0.05609790872338762,
      "rev_growth_yoy_accel": -0.2462945974880685,
      "fcf_margin_change": 0.3014964170713267
    },
    {
      "date": "2025-12-31T00:00:00",
      "quarter_label": "2025-12 (Q4)",
      "revenue": 20051539,
      "gross_profit": 9029092,
      "operating_income": 1299732,
      "net_income": 246757,
      "opex": 7729360,
      "cogs": 9779386,
      "rd": 247713,
      "sga": 7481647,
      "fcf": -5119729,
      "ocf": -4748680,
      "capex": -371049,
      "gross_margin": 0.45029421432439676,
      "op_margin": 0.06481956322654336,
      "fcf_margin": -0.25532848127019075,
      "incr_op_margin_yoy": 0.816530020931019,
      "rev_growth_yoy": 0.12249292533856519,
      "rev_growth_yoy_accel": 0.06639501661517758,
      "op_leverage_ratio": null,
      "fcf_margin_change": -0.5550903157308941
    }
  ],
  "signals": [
    {
      "quarter": "2025-12 (Q4)",
      "signal": "GROSS MARGIN INFLECTION",
      "detail": "GM: +40.7% -> +36.8% -> +45.0% (reversal +8.2%)",
      "severity": "HIGH"
    },
    {
      "quarter": "2025-12 (Q4)",
      "signal": "YoY REVENUE GROWTH ACCELERATION",
      "detail": "YoY growth: +12.2% vs prior quarter YoY: +5.6% (accel: +6.6%)",
      "severity": "MEDIUM"
    },
    {
      "quarter": "2025-12 (Q4)",
      "signal": "OP MARGIN TURNED POSITIVE (YoY)",
      "detail": "Op margin: -2.7% (year-ago) -> +6.5%",
      "severity": "HIGH"
    },
    {
      "quarter": "2025-12 (Q4)",
      "signal": "OP MARGIN TURNED POSITIVE (QoQ)",
      "detail": "Op margin: -11.4% -> +6.5%",
      "severity": "HIGH"
    },
    {
      "quarter": "2025-09 (Q3)",
      "signal": "FCF TURNED POSITIVE",
      "detail": "FCF margin: -0.2% -> +30.0%",
      "severity": "HIGH"
    },
    {
      "quarter": "2025-09 (Q3)",
      "signal": "YoY REVENUE GROWTH DECELERATION",
      "detail": "YoY growth: +5.6% vs prior quarter YoY: +30.2% (decel: -24.6%)",
      "severity": "WARNING"
    },
    {
      "quarter": "2025-06 (Q2)",
      "signal": "YoY REVENUE GROWTH ACCELERATION",
      "detail": "YoY growth: +30.2% vs prior quarter YoY: +13.4% (accel: +16.8%)",
      "severity": "HIGH"
    },
    {
      "quarter": "2025-06 (Q2)",
      "signal": "INCREMENTAL MARGIN (YoY)",
      "detail": "YoY Incr OPM: +40.6% vs year-ago OPM: +4.1%",
      "severity": "HIGH"
    },
    {
      "quarter": "2025-03 (Q1)",
      "signal": "FCF MARGIN EXPANSION",
      "detail": "FCF margin: -31.4% -> -4.0% (+27.5%)",
      "severity": "MEDIUM"
    },
    {
      "quarter": "2025-03 (Q1)",
      "signal": "GROSS MARGIN INFLECTION",
      "detail": "GM: +43.1% -> +38.7% -> +49.8% (reversal +11.1%)",
      "severity": "HIGH"
    },
    {
      "quarter": "2025-03 (Q1)",
      "signal": "OP MARGIN TURNED POSITIVE (QoQ)",
      "detail": "Op margin: -2.7% -> +8.9%",
      "severity": "HIGH"
    },
    {
      "quarter": "2024-12 (Q4)",
      "signal": "OPERATING LEVERAGE",
      "detail": "Rev growth +17.4% vs OpEx growth +1.1% (leverage: 15.3x)",
      "severity": "MEDIUM"
    },
    {
      "quarter": "2024-12 (Q4)",
      "signal": "YoY REVENUE GROWTH ACCELERATION",
      "detail": "YoY growth: +17.2% vs prior quarter YoY: +6.9% (accel: +10.4%)",
      "severity": "MEDIUM"
    },
    {
      "quarter": "2024-09 (Q3)",
      "signal": "YoY REVENUE GROWTH DECELERATION",
      "detail": "YoY growth: +6.9% vs prior quarter YoY: +41.5% (decel: -34.6%)",
      "severity": "WARNING"
    },
    {
      "quarter": "2024-06 (Q2)",
      "signal": "FCF TURNED POSITIVE",
      "detail": "FCF margin: -29.6% -> +35.6%",
      "severity": "HIGH"
    },
    {
      "quarter": "2024-06 (Q2)",
      "signal": "YoY REVENUE GROWTH ACCELERATION",
      "detail": "YoY growth: +41.5% vs prior quarter YoY: +14.5% (accel: +27.0%)",
      "severity": "HIGH"
    },
    {
      "quarter": "2024-06 (Q2)",
      "signal": "OP MARGIN TURNED POSITIVE (YoY)",
      "detail": "Op margin: -21.1% (year-ago) -> +4.1%",
      "severity": "HIGH"
    },
    {
      "quarter": "2024-03 (Q1)",
      "signal": "OPERATING LEVERAGE",
      "detail": "Rev growth +1.5% vs OpEx growth +0.1% (leverage: 11.4x)",
      "severity": "MEDIUM"
    },
    {
      "quarter": "2024-03 (Q1)",
      "signal": "YoY REVENUE GROWTH DECELERATION",
      "detail": "YoY growth: +14.5% vs prior quarter YoY: +23.0% (decel: -8.5%)",
      "severity": "WARNING"
    },
    {
      "quarter": "2024-03 (Q1)",
      "signal": "OP MARGIN TURNED POSITIVE (YoY)",
      "detail": "Op margin: -6.9% (year-ago) -> +8.5%",
      "severity": "HIGH"
    },
    {
      "quarter": "2023-12 (Q4)",
      "signal": "YoY REVENUE GROWTH ACCELERATION",
      "detail": "YoY growth: +23.0% vs prior quarter YoY: +12.1% (accel: +10.9%)",
      "severity": "MEDIUM"
    },
    {
      "quarter": "2023-12 (Q4)",
      "signal": "OP MARGIN TURNED POSITIVE (YoY)",
      "detail": "Op margin: -24.6% (year-ago) -> +6.7%",
      "severity": "HIGH"
    },
    {
      "quarter": "2023-09 (Q3)",
      "signal": "FCF TURNED POSITIVE",
      "detail": "FCF margin: -4.5% -> +9.1%",
      "severity": "HIGH"
    },
    {
      "quarter": "2023-09 (Q3)",
      "signal": "YoY REVENUE GROWTH ACCELERATION",
      "detail": "YoY growth: +12.1% vs prior quarter YoY: +1.8% (accel: +10.3%)",
      "severity": "MEDIUM"
    },
    {
      "quarter": "2023-09 (Q3)",
      "signal": "OP MARGIN TURNED POSITIVE (YoY)",
      "detail": "Op margin: -14.9% (year-ago) -> +2.5%",
      "severity": "HIGH"
    },
    {
      "quarter": "2023-09 (Q3)",
      "signal": "OP MARGIN TURNED POSITIVE (QoQ)",
      "detail": "Op margin: -21.1% -> +2.5%",
      "severity": "HIGH"
    },
    {
      "quarter": "2023-06 (Q2)",
      "signal": "YoY REVENUE GROWTH ACCELERATION",
      "detail": "YoY growth: +1.8% vs prior quarter YoY: -8.8% (accel: +10.6%)",
      "severity": "MEDIUM"
    },
    {
      "quarter": "2023-03 (Q1)",
      "signal": "GROSS MARGIN INFLECTION",
      "detail": "GM: +33.5% -> +25.4% -> +34.8% (reversal +9.5%)",
      "severity": "HIGH"
    },
    {
      "quarter": "2023-03 (Q1)",
      "signal": "YoY REVENUE GROWTH ACCELERATION",
      "detail": "YoY growth: -8.8% vs prior quarter YoY: -19.9% (accel: +11.1%)",
      "severity": "MEDIUM"
    },
    {
      "quarter": "2022-12 (Q4)",
      "signal": "FCF TURNED POSITIVE",
      "detail": "FCF margin: -0.4% -> +3.9%",
      "severity": "HIGH"
    },
    {
      "quarter": "2022-12 (Q4)",
      "signal": "YoY REVENUE GROWTH DECELERATION",
      "detail": "YoY growth: -19.9% vs prior quarter YoY: -5.3% (decel: -14.6%)",
      "severity": "WARNING"
    },
    {
      "quarter": "2022-09 (Q3)",
      "signal": "FCF MARGIN EXPANSION",
      "detail": "FCF margin: -25.1% -> -0.4% (+24.7%)",
      "severity": "MEDIUM"
    },
    {
      "quarter": "2022-09 (Q3)",
      "signal": "YoY REVENUE GROWTH ACCELERATION",
      "detail": "YoY growth: -5.3% vs prior quarter YoY: -11.9% (accel: +6.5%)",
      "severity": "MEDIUM"
    },
    {
      "quarter": "2022-06 (Q2)",
      "signal": "YoY REVENUE GROWTH DECELERATION",
      "detail": "YoY growth: -11.9% vs prior quarter YoY: +7.4% (decel: -19.3%)",
      "severity": "WARNING"
    },
    {
      "quarter": "2022-03 (Q1)",
      "signal": "FCF TURNED POSITIVE",
      "detail": "FCF margin: -1.3% -> +51.7%",
      "severity": "HIGH"
    },
    {
      "quarter": "2021-12 (Q4)",
      "signal": "FCF MARGIN EXPANSION",
      "detail": "FCF margin: -26.9% -> -1.3% (+25.6%)",
      "severity": "MEDIUM"
    },
    {
      "quarter": "2021-12 (Q4)",
      "signal": "GROSS MARGIN INFLECTION",
      "detail": "GM: +48.8% -> +40.6% -> +49.4% (reversal +8.8%)",
      "severity": "HIGH"
    },
    {
      "quarter": "2021-12 (Q4)",
      "signal": "OP MARGIN TURNED POSITIVE (QoQ)",
      "detail": "Op margin: -4.8% -> +10.7%",
      "severity": "HIGH"
    },
    {
      "quarter": "2021-06 (Q2)",
      "signal": "FCF TURNED POSITIVE",
      "detail": "FCF margin: -22.7% -> +31.9%",
      "severity": "HIGH"
    },
    {
      "quarter": "2021-06 (Q2)",
      "signal": "OPERATING LEVERAGE",
      "detail": "Rev growth +11.5% vs OpEx growth +6.8% (leverage: 1.7x)",
      "severity": "MEDIUM"
    }
  ],
  "data_quality": {
    "n_quarters": 20,
    "coverage": {
      "revenue": [
        20,
        20
      ],
      "gross_profit": [
        20,
        20
      ],
      "op_income": [
        20,
        20
      ],
      "fcf": [
        20,
        20
      ]
    },
    "gaps": [],
    "warnings": []
  },
  "market_cap": null,
  "source": "SEC EDGAR",
  "last_updated": "2026-02-24T10:51:38.099046"
}