{
  "ticker": "NUTX",
  "name": "NUTEX HEALTH INC.",
  "quarters": [
    {
      "date": "2020-12-31T00:00:00",
      "quarter_label": "2020-12 (Q4)",
      "revenue": 391702,
      "gross_profit": 156803,
      "operating_income": -1937126,
      "net_income": -6510897,
      "opex": 2093929,
      "cogs": 234899,
      "rd": 54296,
      "sga": null,
      "fcf": 27040984,
      "ocf": 88229752,
      "capex": -61188768,
      "gross_margin": 0.40031197185615597,
      "op_margin": -4.9454074781338875,
      "fcf_margin": 69.03458241213984
    },
    {
      "date": "2021-03-31T00:00:00",
      "quarter_label": "2021-03 (Q1)",
      "revenue": 2014345,
      "gross_profit": 426872,
      "operating_income": -4149923,
      "net_income": -4444559,
      "opex": 4576795,
      "cogs": 1587473,
      "rd": 76720,
      "sga": null,
      "fcf": -567063,
      "ocf": -567063,
      "capex": null,
      "gross_margin": 0.21191603225862501,
      "op_margin": -2.0601848243473686,
      "fcf_margin": -0.2815123526506135,
      "op_leverage_ratio": 3.49362158307786,
      "fcf_margin_change": -69.31609476479045
    },
    {
      "date": "2021-06-30T00:00:00",
      "quarter_label": "2021-06 (Q2)",
      "revenue": 5290505,
      "gross_profit": 1102562,
      "operating_income": -936874,
      "net_income": -2788440,
      "opex": 2039436,
      "cogs": 4187943,
      "rd": 59629,
      "sga": null,
      "fcf": 81606790,
      "ocf": 103321545,
      "capex": -21714755,
      "gross_margin": 0.20840392363299912,
      "op_margin": -0.1770859303601452,
      "fcf_margin": 15.42514183428614,
      "op_leverage_ratio": Infinity,
      "fcf_margin_change": 15.706654186936754
    },
    {
      "date": "2021-09-30T00:00:00",
      "quarter_label": "2021-09 (Q3)",
      "revenue": 5568757,
      "gross_profit": 1188086,
      "operating_income": -824111,
      "net_income": -1801967,
      "opex": 2012197,
      "cogs": 4380671,
      "rd": 72266,
      "sga": null,
      "fcf": 20762494,
      "ocf": 24253856,
      "capex": -3491362,
      "gross_margin": 0.21334850847325534,
      "op_margin": -0.14798832127169492,
      "fcf_margin": 3.728389297647572,
      "op_leverage_ratio": Infinity,
      "fcf_margin_change": -11.696752536638568
    },
    {
      "date": "2021-12-31T00:00:00",
      "quarter_label": "2021-12 (Q4)",
      "revenue": 5920176,
      "gross_profit": 1429218,
      "operating_income": -3107167,
      "net_income": -4594077,
      "opex": 4536385,
      "cogs": 4490958,
      "rd": 77265,
      "sga": null,
      "fcf": 34703674,
      "ocf": 46424148,
      "capex": -11720474,
      "gross_margin": 0.24141478226323002,
      "op_margin": -0.5248436870795733,
      "fcf_margin": 5.8619328209161345,
      "incr_op_margin_yoy": -0.21163905265720703,
      "rev_growth_yoy": 14.11397950482765,
      "op_leverage_ratio": 0.050305534838189815,
      "fcf_margin_change": 2.1335435232685627
    },
    {
      "date": "2022-03-31T00:00:00",
      "quarter_label": "2022-03 (Q1)",
      "revenue": 6209175,
      "gross_profit": 1716245,
      "operating_income": -16367921,
      "net_income": -16569185,
      "opex": 18084166,
      "cogs": 4492930,
      "rd": 73750,
      "sga": null,
      "fcf": 27149599,
      "ocf": 35741422,
      "capex": -8591823,
      "gross_margin": 0.2764046753393164,
      "op_margin": -2.636086275551905,
      "fcf_margin": 4.372496990340907,
      "incr_op_margin_yoy": -2.91263245471211,
      "rev_growth_yoy": 2.082478423507393,
      "rev_growth_yoy_accel": -12.031501081320258,
      "op_leverage_ratio": 0.01634569760033771,
      "fcf_margin_change": -1.4894358305752275
    },
    {
      "date": "2022-06-30T00:00:00",
      "quarter_label": "2022-06 (Q2)",
      "revenue": 58047933,
      "gross_profit": 4992526,
      "operating_income": -1378477,
      "net_income": -23478170,
      "opex": 6371003,
      "cogs": null,
      "rd": null,
      "sga": null,
      "fcf": 9631734,
      "ocf": 17661637,
      "capex": -8029903,
      "gross_margin": 0.08600695566541534,
      "op_margin": -0.02374721938850088,
      "fcf_margin": 0.16592725187992483,
      "incr_op_margin_yoy": -0.008370442167878236,
      "rev_growth_yoy": 9.972096803613265,
      "rev_growth_yoy_accel": 7.889618380105873,
      "op_leverage_ratio": Infinity,
      "fcf_margin_change": -4.206569738460982
    },
    {
      "date": "2022-09-30T00:00:00",
      "quarter_label": "2022-09 (Q3)",
      "revenue": 28395058,
      "gross_profit": -26468446,
      "operating_income": -439012276,
      "net_income": -433240552,
      "opex": 412543830,
      "cogs": null,
      "rd": null,
      "sga": null,
      "fcf": -13192683,
      "ocf": -7301945,
      "capex": -5890738,
      "gross_margin": -0.932149742395314,
      "op_margin": -15.460869141383688,
      "fcf_margin": -0.46461194057078525,
      "incr_op_margin_yoy": -19.196634838031795,
      "rev_growth_yoy": 4.098993904743913,
      "rev_growth_yoy_accel": -5.8731028988693526,
      "fcf_margin_change": -0.6305391924507101
    },
    {
      "date": "2022-12-31T00:00:00",
      "quarter_label": "2022-12 (Q4)",
      "revenue": 53724073,
      "gross_profit": 530324,
      "operating_income": -5778911,
      "net_income": -14752177,
      "opex": 6309235,
      "cogs": null,
      "rd": null,
      "sga": null,
      "fcf": 12386044,
      "ocf": 4505994,
      "capex": 7880050,
      "gross_margin": 0.009871254549147827,
      "op_margin": -0.10756650933744356,
      "fcf_margin": 0.23054923627998197,
      "incr_op_margin_yoy": -0.05588966941335348,
      "rev_growth_yoy": 8.074742541437958,
      "rev_growth_yoy_accel": 3.9757486366940453,
      "op_leverage_ratio": Infinity,
      "fcf_margin_change": 0.6951611768507673
    },
    {
      "date": "2023-03-31T00:00:00",
      "quarter_label": "2023-03 (Q1)",
      "revenue": 56329417,
      "gross_profit": 4847723,
      "operating_income": -4445087,
      "net_income": -5147279,
      "opex": 9292810,
      "cogs": null,
      "rd": null,
      "sga": null,
      "fcf": -3324970,
      "ocf": 1052013,
      "capex": -4376983,
      "gross_margin": 0.0860602374066822,
      "op_margin": -0.07891235586549741,
      "fcf_margin": -0.05902723971029205,
      "incr_op_margin_yoy": 0.2378846055851047,
      "rev_growth_yoy": 8.071964794034635,
      "rev_growth_yoy_accel": -0.0027777474033232608,
      "op_leverage_ratio": 0.1025500527103718,
      "fcf_margin_change": -0.28957647599027403
    },
    {
      "date": "2023-06-30T00:00:00",
      "quarter_label": "2023-06 (Q2)",
      "revenue": 58924454,
      "gross_profit": 9646923,
      "operating_income": -362538,
      "net_income": -3479047,
      "opex": 10009461,
      "cogs": null,
      "rd": null,
      "sga": null,
      "fcf": -3057600,
      "ocf": 12319,
      "capex": -3069919,
      "gross_margin": 0.16371679914081172,
      "op_margin": -0.0061525898907777744,
      "fcf_margin": -0.05189017109942164,
      "rev_growth_yoy": 0.015099951965559221,
      "rev_growth_yoy_accel": -8.056864842069075,
      "op_leverage_ratio": 0.5973758266258712,
      "fcf_margin_change": 0.007137068610870406
    },
    {
      "date": "2023-09-30T00:00:00",
      "quarter_label": "2023-09 (Q3)",
      "revenue": 62722972,
      "gross_profit": 7066213,
      "operating_income": -821226,
      "net_income": -5542391,
      "opex": 7887439,
      "cogs": null,
      "rd": null,
      "sga": null,
      "fcf": 1968338,
      "ocf": 1968338,
      "capex": null,
      "gross_margin": 0.1126574965229645,
      "op_margin": -0.013092906375673653,
      "fcf_margin": 0.03138145303446399,
      "incr_op_margin_yoy": 12.764860981648928,
      "rev_growth_yoy": 1.208939738739044,
      "rev_growth_yoy_accel": 1.1938397867734847,
      "op_leverage_ratio": Infinity,
      "fcf_margin_change": 0.08327162413388564
    },
    {
      "date": "2023-12-31T00:00:00",
      "quarter_label": "2023-12 (Q4)",
      "revenue": 69669473,
      "gross_profit": 13213312,
      "operating_income": -26144897,
      "net_income": -31617897,
      "opex": 39358209,
      "cogs": null,
      "rd": null,
      "sga": null,
      "fcf": -1776218,
      "ocf": -1776218,
      "capex": null,
      "gross_margin": 0.18965712572563884,
      "op_margin": -0.3752704861137675,
      "fcf_margin": -0.025494925158971705,
      "incr_op_margin_yoy": -1.2772326815257065,
      "rev_growth_yoy": 0.296801770781601,
      "rev_growth_yoy_accel": -0.9121379679574428,
      "op_leverage_ratio": 0.027756718360745315,
      "fcf_margin_change": -0.056876378193435696
    },
    {
      "date": "2024-03-31T00:00:00",
      "quarter_label": "2024-03 (Q1)",
      "revenue": 67453787,
      "gross_profit": 10157178,
      "operating_income": 1449601,
      "net_income": -364075,
      "opex": 8707577,
      "cogs": null,
      "rd": null,
      "sga": null,
      "fcf": 2318000,
      "ocf": 3051000,
      "capex": -733000,
      "gross_margin": 0.1505798036217003,
      "op_margin": 0.021490283414332245,
      "fcf_margin": 0.03436426779122127,
      "incr_op_margin_yoy": 0.5298896027370539,
      "rev_growth_yoy": 0.19748775315746656,
      "rev_growth_yoy_accel": -0.09931401762413447,
      "fcf_margin_change": 0.05985919295019298
    },
    {
      "date": "2024-06-30T00:00:00",
      "quarter_label": "2024-06 (Q2)",
      "revenue": 76082261,
      "gross_profit": 22561231,
      "operating_income": 5299056,
      "net_income": -364048,
      "opex": 17262175,
      "cogs": null,
      "rd": null,
      "sga": null,
      "fcf": 12701000,
      "ocf": 13260000,
      "capex": -559000,
      "gross_margin": 0.29653733608153415,
      "op_margin": 0.0696490342209993,
      "fcf_margin": 0.16693773072806026,
      "incr_op_margin_yoy": 0.32997188976423386,
      "rev_growth_yoy": 0.29118313086108527,
      "rev_growth_yoy_accel": 0.09369537770361872,
      "op_leverage_ratio": 0.13020431454309717,
      "fcf_margin_change": 0.13257346293683897
    },
    {
      "date": "2024-09-30T00:00:00",
      "quarter_label": "2024-09 (Q3)",
      "revenue": 78794869,
      "gross_profit": 21916814,
      "operating_income": 9662745,
      "net_income": -8788313,
      "opex": 12254069,
      "cogs": null,
      "rd": null,
      "sga": null,
      "fcf": 6171000,
      "ocf": 6788000,
      "capex": -617000,
      "gross_margin": 0.27815026889631606,
      "op_margin": 0.12263165257626102,
      "fcf_margin": 0.07831728230933413,
      "incr_op_margin_yoy": 0.6523169604683255,
      "rev_growth_yoy": 0.25623621597522517,
      "rev_growth_yoy_accel": -0.0349469148858601,
      "op_leverage_ratio": Infinity,
      "fcf_margin_change": -0.08862044841872613
    },
    {
      "date": "2024-12-31T00:00:00",
      "quarter_label": "2024-12 (Q4)",
      "revenue": 257617716,
      "gross_profit": 141626054,
      "operating_income": 114209398,
      "net_income": 61695604,
      "opex": 27416656,
      "cogs": null,
      "rd": null,
      "sga": null,
      "fcf": -340090,
      "ocf": 54807,
      "capex": -394897,
      "gross_margin": 0.5497527739901242,
      "op_margin": 0.4433289750926912,
      "fcf_margin": -0.0013201343652934178,
      "incr_op_margin_yoy": 0.7467709873723055,
      "rev_growth_yoy": 2.6977129997811238,
      "rev_growth_yoy_accel": 2.4414767838058986,
      "op_leverage_ratio": 1.8341383124036095,
      "fcf_margin_change": -0.07963741667462755
    },
    {
      "date": "2025-03-31T00:00:00",
      "quarter_label": "2025-03 (Q1)",
      "revenue": 211789000,
      "gross_profit": 118338000,
      "operating_income": 72209000,
      "net_income": 14634000,
      "opex": 46129000,
      "cogs": null,
      "rd": null,
      "sga": null,
      "fcf": 50901000,
      "ocf": 50965000,
      "capex": -64000,
      "gross_margin": 0.5587542318061844,
      "op_margin": 0.3409478301517076,
      "fcf_margin": 0.24033826119392415,
      "incr_op_margin_yoy": 0.49024349311072135,
      "rev_growth_yoy": 2.139764413820087,
      "rev_growth_yoy_accel": -0.5579485859610367,
      "fcf_margin_change": 0.24165839555921756
    },
    {
      "date": "2025-06-30T00:00:00",
      "quarter_label": "2025-06 (Q2)",
      "revenue": 243985000,
      "gross_profit": 124924000,
      "operating_income": 33679000,
      "net_income": -17697000,
      "opex": 91245000,
      "cogs": null,
      "rd": null,
      "sga": null,
      "fcf": 26506000,
      "ocf": 27257000,
      "capex": -751000,
      "gross_margin": 0.5120150828944402,
      "op_margin": 0.13803717441646002,
      "fcf_margin": 0.10863782609586654,
      "incr_op_margin_yoy": 0.16902609313597916,
      "rev_growth_yoy": 2.206857903447428,
      "rev_growth_yoy_accel": 0.06709348962734074,
      "op_leverage_ratio": 0.1554325495980924,
      "fcf_margin_change": -0.13170043509805762
    },
    {
      "date": "2025-09-30T00:00:00",
      "quarter_label": "2025-09 (Q3)",
      "revenue": 267804000,
      "gross_profit": 154881000,
      "operating_income": 130367000,
      "net_income": 55435000,
      "opex": 24514000,
      "cogs": null,
      "rd": null,
      "sga": null,
      "fcf": 99212000,
      "ocf": 99514000,
      "capex": -302000,
      "gross_margin": 0.5783371420889905,
      "op_margin": 0.48680004779614944,
      "fcf_margin": 0.3704649669161028,
      "incr_op_margin_yoy": 0.6386159989275862,
      "rev_growth_yoy": 2.398749225663412,
      "rev_growth_yoy_accel": 0.19189132221598415,
      "op_leverage_ratio": Infinity,
      "fcf_margin_change": 0.2618271408202363
    }
  ],
  "signals": [
    {
      "quarter": "2025-09 (Q3)",
      "signal": "FCF MARGIN EXPANSION",
      "detail": "FCF margin: +10.9% -> +37.0% (+26.2%)",
      "severity": "MEDIUM"
    },
    {
      "quarter": "2025-09 (Q3)",
      "signal": "GROSS MARGIN INFLECTION",
      "detail": "GM: +55.9% -> +51.2% -> +57.8% (reversal +6.6%)",
      "severity": "HIGH"
    },
    {
      "quarter": "2025-09 (Q3)",
      "signal": "YoY REVENUE GROWTH ACCELERATION",
      "detail": "YoY growth: +239.9% vs prior quarter YoY: +220.7% (accel: +19.2%)",
      "severity": "HIGH"
    },
    {
      "quarter": "2025-09 (Q3)",
      "signal": "INCREMENTAL MARGIN (YoY)",
      "detail": "YoY Incr OPM: +63.9% vs year-ago OPM: +12.3%",
      "severity": "HIGH"
    },
    {
      "quarter": "2025-06 (Q2)",
      "signal": "YoY REVENUE GROWTH ACCELERATION",
      "detail": "YoY growth: +220.7% vs prior quarter YoY: +214.0% (accel: +6.7%)",
      "severity": "MEDIUM"
    },
    {
      "quarter": "2025-03 (Q1)",
      "signal": "FCF TURNED POSITIVE",
      "detail": "FCF margin: -0.1% -> +24.0%",
      "severity": "HIGH"
    },
    {
      "quarter": "2025-03 (Q1)",
      "signal": "YoY REVENUE GROWTH DECELERATION",
      "detail": "YoY growth: +214.0% vs prior quarter YoY: +269.8% (decel: -55.8%)",
      "severity": "WARNING"
    },
    {
      "quarter": "2025-03 (Q1)",
      "signal": "INCREMENTAL MARGIN (YoY)",
      "detail": "YoY Incr OPM: +49.0% vs year-ago OPM: +2.1%",
      "severity": "HIGH"
    },
    {
      "quarter": "2024-12 (Q4)",
      "signal": "OPERATING LEVERAGE",
      "detail": "Rev growth +226.9% vs OpEx growth +123.7% (leverage: 1.8x)",
      "severity": "MEDIUM"
    },
    {
      "quarter": "2024-12 (Q4)",
      "signal": "GROSS MARGIN INFLECTION",
      "detail": "GM: +29.7% -> +27.8% -> +55.0% (reversal +27.2%)",
      "severity": "HIGH"
    },
    {
      "quarter": "2024-12 (Q4)",
      "signal": "YoY REVENUE GROWTH ACCELERATION",
      "detail": "YoY growth: +269.8% vs prior quarter YoY: +25.6% (accel: +244.1%)",
      "severity": "HIGH"
    },
    {
      "quarter": "2024-12 (Q4)",
      "signal": "OP MARGIN TURNED POSITIVE (YoY)",
      "detail": "Op margin: -37.5% (year-ago) -> +44.3%",
      "severity": "HIGH"
    },
    {
      "quarter": "2024-09 (Q3)",
      "signal": "OP MARGIN TURNED POSITIVE (YoY)",
      "detail": "Op margin: -1.3% (year-ago) -> +12.3%",
      "severity": "HIGH"
    },
    {
      "quarter": "2024-06 (Q2)",
      "signal": "FCF MARGIN EXPANSION",
      "detail": "FCF margin: +3.4% -> +16.7% (+13.3%)",
      "severity": "MEDIUM"
    },
    {
      "quarter": "2024-06 (Q2)",
      "signal": "GROSS MARGIN INFLECTION",
      "detail": "GM: +19.0% -> +15.1% -> +29.7% (reversal +14.6%)",
      "severity": "HIGH"
    },
    {
      "quarter": "2024-06 (Q2)",
      "signal": "YoY REVENUE GROWTH ACCELERATION",
      "detail": "YoY growth: +29.1% vs prior quarter YoY: +19.7% (accel: +9.4%)",
      "severity": "MEDIUM"
    },
    {
      "quarter": "2024-06 (Q2)",
      "signal": "OP MARGIN TURNED POSITIVE (YoY)",
      "detail": "Op margin: -0.6% (year-ago) -> +7.0%",
      "severity": "HIGH"
    },
    {
      "quarter": "2024-03 (Q1)",
      "signal": "FCF TURNED POSITIVE",
      "detail": "FCF margin: -2.5% -> +3.4%",
      "severity": "HIGH"
    },
    {
      "quarter": "2024-03 (Q1)",
      "signal": "YoY REVENUE GROWTH DECELERATION",
      "detail": "YoY growth: +19.7% vs prior quarter YoY: +29.7% (decel: -9.9%)",
      "severity": "WARNING"
    },
    {
      "quarter": "2024-03 (Q1)",
      "signal": "OP MARGIN TURNED POSITIVE (YoY)",
      "detail": "Op margin: -7.9% (year-ago) -> +2.1%",
      "severity": "HIGH"
    },
    {
      "quarter": "2024-03 (Q1)",
      "signal": "OP MARGIN TURNED POSITIVE (QoQ)",
      "detail": "Op margin: -37.5% -> +2.1%",
      "severity": "HIGH"
    },
    {
      "quarter": "2023-12 (Q4)",
      "signal": "GROSS MARGIN INFLECTION",
      "detail": "GM: +16.4% -> +11.3% -> +19.0% (reversal +7.7%)",
      "severity": "HIGH"
    },
    {
      "quarter": "2023-12 (Q4)",
      "signal": "YoY REVENUE GROWTH DECELERATION",
      "detail": "YoY growth: +29.7% vs prior quarter YoY: +120.9% (decel: -91.2%)",
      "severity": "WARNING"
    },
    {
      "quarter": "2023-09 (Q3)",
      "signal": "FCF TURNED POSITIVE",
      "detail": "FCF margin: -5.2% -> +3.1%",
      "severity": "HIGH"
    },
    {
      "quarter": "2023-09 (Q3)",
      "signal": "YoY REVENUE GROWTH ACCELERATION",
      "detail": "YoY growth: +120.9% vs prior quarter YoY: +1.5% (accel: +119.4%)",
      "severity": "HIGH"
    },
    {
      "quarter": "2023-06 (Q2)",
      "signal": "YoY REVENUE GROWTH DECELERATION",
      "detail": "YoY growth: +1.5% vs prior quarter YoY: +807.2% (decel: -805.7%)",
      "severity": "WARNING"
    },
    {
      "quarter": "2022-12 (Q4)",
      "signal": "FCF TURNED POSITIVE",
      "detail": "FCF margin: -46.5% -> +23.1%",
      "severity": "HIGH"
    },
    {
      "quarter": "2022-12 (Q4)",
      "signal": "GROSS MARGIN INFLECTION",
      "detail": "GM: +8.6% -> -93.2% -> +1.0% (reversal +94.2%)",
      "severity": "HIGH"
    },
    {
      "quarter": "2022-12 (Q4)",
      "signal": "YoY REVENUE GROWTH ACCELERATION",
      "detail": "YoY growth: +807.5% vs prior quarter YoY: +409.9% (accel: +397.6%)",
      "severity": "HIGH"
    },
    {
      "quarter": "2022-09 (Q3)",
      "signal": "YoY REVENUE GROWTH DECELERATION",
      "detail": "YoY growth: +409.9% vs prior quarter YoY: +997.2% (decel: -587.3%)",
      "severity": "WARNING"
    },
    {
      "quarter": "2022-06 (Q2)",
      "signal": "YoY REVENUE GROWTH ACCELERATION",
      "detail": "YoY growth: +997.2% vs prior quarter YoY: +208.2% (accel: +789.0%)",
      "severity": "HIGH"
    },
    {
      "quarter": "2022-03 (Q1)",
      "signal": "YoY REVENUE GROWTH DECELERATION",
      "detail": "YoY growth: +208.2% vs prior quarter YoY: +1411.4% (decel: -1203.2%)",
      "severity": "WARNING"
    },
    {
      "quarter": "2021-12 (Q4)",
      "signal": "FCF MARGIN EXPANSION",
      "detail": "FCF margin: +372.8% -> +586.2% (+213.4%)",
      "severity": "MEDIUM"
    },
    {
      "quarter": "2021-06 (Q2)",
      "signal": "FCF TURNED POSITIVE",
      "detail": "FCF margin: -28.2% -> +1542.5%",
      "severity": "HIGH"
    },
    {
      "quarter": "2021-03 (Q1)",
      "signal": "OPERATING LEVERAGE",
      "detail": "Rev growth +414.3% vs OpEx growth +118.6% (leverage: 3.5x)",
      "severity": "MEDIUM"
    }
  ],
  "data_quality": {
    "n_quarters": 20,
    "coverage": {
      "revenue": [
        20,
        20
      ],
      "gross_profit": [
        20,
        20
      ],
      "op_income": [
        20,
        20
      ],
      "fcf": [
        20,
        20
      ]
    },
    "gaps": [],
    "warnings": []
  },
  "market_cap": null,
  "source": "SEC EDGAR",
  "last_updated": "2026-02-02T21:58:46.091294"
}