{
  "ticker": "NVAX",
  "name": "NOVAVAX, INC.",
  "quarters": [
    {
      "date": "2020-12-31T00:00:00",
      "quarter_label": "2020-12 (Q4)",
      "revenue": 279659000,
      "gross_profit": null,
      "operating_income": -182853000,
      "net_income": -177564000,
      "opex": 462512000,
      "cogs": null,
      "rd": 401199000,
      "sga": null,
      "fcf": -128568000,
      "ocf": -128568000,
      "capex": null,
      "gross_margin": null,
      "op_margin": -0.6538427155929185,
      "fcf_margin": -0.45973131563797337
    },
    {
      "date": "2021-03-31T00:00:00",
      "quarter_label": "2021-03 (Q1)",
      "revenue": 447229000,
      "gross_profit": 447229000,
      "operating_income": -208632000,
      "net_income": -222719000,
      "opex": 655861000,
      "cogs": 0,
      "rd": 592671000,
      "sga": null,
      "fcf": 663085000,
      "ocf": 663085000,
      "capex": null,
      "gross_margin": 1.0,
      "op_margin": -0.4664992654769704,
      "fcf_margin": 1.4826520641550525,
      "op_leverage_ratio": 1.4333377666908302,
      "fcf_margin_change": 1.9423833797930259
    },
    {
      "date": "2021-06-30T00:00:00",
      "quarter_label": "2021-06 (Q2)",
      "revenue": 298017000,
      "gross_profit": 298017000,
      "operating_income": -345829000,
      "net_income": -352317000,
      "opex": 643846000,
      "cogs": 0,
      "rd": 570685000,
      "sga": null,
      "fcf": 144412000,
      "ocf": 144412000,
      "capex": null,
      "gross_margin": 1.0,
      "op_margin": -1.1604338007563326,
      "fcf_margin": 0.48457638322646024,
      "fcf_margin_change": -0.9980756809285922
    },
    {
      "date": "2021-09-30T00:00:00",
      "quarter_label": "2021-09 (Q3)",
      "revenue": 178844000,
      "gross_profit": 178844000,
      "operating_income": -307144000,
      "net_income": -322431000,
      "opex": 485988000,
      "cogs": 0,
      "rd": 408195000,
      "sga": null,
      "fcf": -142143000,
      "ocf": -142143000,
      "capex": null,
      "gross_margin": 1.0,
      "op_margin": -1.7173849835610924,
      "fcf_margin": -0.7947876361521773,
      "fcf_margin_change": -1.2793640193786375
    },
    {
      "date": "2021-12-31T00:00:00",
      "quarter_label": "2021-12 (Q4)",
      "revenue": 222200000,
      "gross_profit": 222200000,
      "operating_income": -824971000,
      "net_income": -846284000,
      "opex": 1047171000,
      "cogs": 0,
      "rd": 962957000,
      "sga": null,
      "fcf": -342408000,
      "ocf": -342408000,
      "capex": null,
      "gross_margin": 1.0,
      "op_margin": -3.7127407740774077,
      "fcf_margin": -1.540990099009901,
      "incr_op_margin_yoy": 11.1752379957883,
      "rev_growth_yoy": -0.2054609363546319,
      "op_leverage_ratio": 0.20994032846197178,
      "fcf_margin_change": -0.7462024628577237
    },
    {
      "date": "2022-03-31T00:00:00",
      "quarter_label": "2022-03 (Q1)",
      "revenue": 703971000,
      "gross_profit": 688767000,
      "operating_income": 209292000,
      "net_income": 203408000,
      "opex": 494679000,
      "cogs": 15204000,
      "rd": 383483000,
      "sga": null,
      "fcf": -88510000,
      "ocf": -88510000,
      "capex": null,
      "gross_margin": 0.9784025194219649,
      "op_margin": 0.29730201954341867,
      "fcf_margin": -0.12572961102090854,
      "incr_op_margin_yoy": 1.6277975555226647,
      "rev_growth_yoy": 0.5740727904496354,
      "rev_growth_yoy_accel": 0.7795337268042674,
      "op_leverage_ratio": Infinity,
      "fcf_margin_change": 1.4152604879889925
    },
    {
      "date": "2022-06-30T00:00:00",
      "quarter_label": "2022-06 (Q2)",
      "revenue": 185925000,
      "gross_profit": -85152000,
      "operating_income": -482960000,
      "net_income": -510485000,
      "opex": 668885000,
      "cogs": 271077000,
      "rd": 289648000,
      "sga": null,
      "fcf": -170903000,
      "ocf": -170903000,
      "capex": null,
      "gross_margin": -0.45799112545381204,
      "op_margin": -2.5976065617856663,
      "fcf_margin": -0.9192039800995024,
      "incr_op_margin_yoy": 1.2233790100988473,
      "rev_growth_yoy": -0.37612619414328713,
      "rev_growth_yoy_accel": -0.9501989845929226,
      "fcf_margin_change": -0.7934743690785939
    },
    {
      "date": "2022-09-30T00:00:00",
      "quarter_label": "2022-09 (Q3)",
      "revenue": 734577000,
      "gross_profit": 299984000,
      "operating_income": -127189000,
      "net_income": -168613000,
      "opex": 861766000,
      "cogs": 434593000,
      "rd": 304297000,
      "sga": null,
      "fcf": -38708000,
      "ocf": -38708000,
      "capex": null,
      "gross_margin": 0.4083765214538435,
      "op_margin": -0.17314590573894909,
      "fcf_margin": -0.05269427166927361,
      "incr_op_margin_yoy": 0.3238155733058861,
      "rev_growth_yoy": 3.107361723065912,
      "rev_growth_yoy_accel": 3.483487917209199,
      "op_leverage_ratio": 10.23342908496342,
      "fcf_margin_change": 0.8665097084302288
    },
    {
      "date": "2022-12-31T00:00:00",
      "quarter_label": "2022-12 (Q4)",
      "revenue": 357399000,
      "gross_profit": 175634000,
      "operating_income": -243879000,
      "net_income": -182249000,
      "opex": 601278000,
      "cogs": 181765000,
      "rd": 257850000,
      "sga": null,
      "fcf": -117816000,
      "ocf": -117816000,
      "capex": null,
      "gross_margin": 0.49142275160255067,
      "op_margin": -0.6823718029429293,
      "fcf_margin": -0.3296483761846004,
      "incr_op_margin_yoy": 4.298049541786551,
      "rev_growth_yoy": 0.6084563456345634,
      "rev_growth_yoy_accel": -2.4989053774313486,
      "fcf_margin_change": -0.2769541045153268
    },
    {
      "date": "2023-03-31T00:00:00",
      "quarter_label": "2023-03 (Q1)",
      "revenue": 80951000,
      "gross_profit": 46865000,
      "operating_income": -312768000,
      "net_income": -293905000,
      "opex": 393719000,
      "cogs": 34086000,
      "rd": 247101000,
      "sga": null,
      "fcf": -325593000,
      "ocf": -325593000,
      "capex": null,
      "gross_margin": 0.5789304641079172,
      "op_margin": -3.8636706155575595,
      "fcf_margin": -4.0220997887611025,
      "incr_op_margin_yoy": 0.8379506275881994,
      "rev_growth_yoy": -0.8850080472064901,
      "rev_growth_yoy_accel": -1.4934643928410534,
      "fcf_margin_change": -3.692451412576502
    },
    {
      "date": "2023-06-30T00:00:00",
      "quarter_label": "2023-06 (Q2)",
      "revenue": 424426000,
      "gross_profit": 368649000,
      "operating_income": 55457000,
      "net_income": 58008000,
      "opex": 368969000,
      "cogs": 55777000,
      "rd": 219475000,
      "sga": null,
      "fcf": -171938000,
      "ocf": -171938000,
      "capex": null,
      "gross_margin": 0.8685825090828554,
      "op_margin": 0.13066353145189033,
      "fcf_margin": -0.40510713292776596,
      "incr_op_margin_yoy": 2.257504161408128,
      "rev_growth_yoy": 1.2827806911389001,
      "rev_growth_yoy_accel": 2.16778873834539,
      "op_leverage_ratio": Infinity,
      "fcf_margin_change": 3.6169926558333367
    },
    {
      "date": "2023-09-30T00:00:00",
      "quarter_label": "2023-09 (Q3)",
      "revenue": 186986000,
      "gross_profit": 88057000,
      "operating_income": -125632000,
      "net_income": -130776000,
      "opex": 312618000,
      "cogs": 98929000,
      "rd": 106229000,
      "sga": null,
      "fcf": -39655000,
      "ocf": -39655000,
      "capex": null,
      "gross_margin": 0.4709283047928722,
      "op_margin": -0.6718791781202871,
      "fcf_margin": -0.21207470077973753,
      "incr_op_margin_yoy": -0.002843363020940812,
      "rev_growth_yoy": -0.7454507832398782,
      "rev_growth_yoy_accel": -2.0282314743787784,
      "fcf_margin_change": 0.19303243214802843
    },
    {
      "date": "2023-12-31T00:00:00",
      "quarter_label": "2023-12 (Q4)",
      "revenue": 291342000,
      "gross_profit": 136366000,
      "operating_income": -183568000,
      "net_income": -178389000,
      "opex": 474910000,
      "cogs": 154976000,
      "rd": 164697000,
      "sga": null,
      "fcf": -176781000,
      "ocf": -176781000,
      "capex": null,
      "gross_margin": 0.4680615908451236,
      "op_margin": -0.6300773661195433,
      "fcf_margin": -0.606781720452252,
      "incr_op_margin_yoy": -0.9130145177649606,
      "rev_growth_yoy": -0.184827042045445,
      "rev_growth_yoy_accel": 0.5606237411944333,
      "op_leverage_ratio": 1.075041428486436,
      "fcf_margin_change": -0.3947070196725144
    },
    {
      "date": "2024-03-31T00:00:00",
      "quarter_label": "2024-03 (Q1)",
      "revenue": 93855000,
      "gross_profit": 34646000,
      "operating_income": -144831000,
      "net_income": -147550000,
      "opex": 238686000,
      "cogs": 59209000,
      "rd": 92679000,
      "sga": null,
      "fcf": -83555000,
      "ocf": -83555000,
      "capex": null,
      "gross_margin": 0.3691438921740983,
      "op_margin": -1.5431356880294071,
      "fcf_margin": -0.8902562463374354,
      "incr_op_margin_yoy": 13.014336639801613,
      "rev_growth_yoy": 0.15940507220417288,
      "rev_growth_yoy_accel": 0.34423211424961786,
      "fcf_margin_change": -0.2834745258851834
    },
    {
      "date": "2024-06-30T00:00:00",
      "quarter_label": "2024-06 (Q2)",
      "revenue": 415484000,
      "gross_profit": 369242000,
      "operating_income": 160998000,
      "net_income": 162381000,
      "opex": 254486000,
      "cogs": 46242000,
      "rd": 106946000,
      "sga": null,
      "fcf": 314269000,
      "ocf": 314269000,
      "capex": null,
      "gross_margin": 0.8887032954337591,
      "op_margin": 0.38749506599532113,
      "fcf_margin": 0.7563925445985886,
      "incr_op_margin_yoy": -11.802840527846119,
      "rev_growth_yoy": -0.021068454807198427,
      "rev_growth_yoy_accel": -0.18047352701137132,
      "op_leverage_ratio": 51.768746088937355,
      "fcf_margin_change": 1.6466487909360241
    },
    {
      "date": "2024-09-30T00:00:00",
      "quarter_label": "2024-09 (Q3)",
      "revenue": 84512000,
      "gross_profit": 23893000,
      "operating_income": -134018000,
      "net_income": -121300000,
      "opex": 218530000,
      "cogs": 60619000,
      "rd": 87164000,
      "sga": 70747000,
      "fcf": -144814000,
      "ocf": -144814000,
      "capex": null,
      "gross_margin": 0.2827172472548277,
      "op_margin": -1.585786633850814,
      "fcf_margin": -1.71353180613404,
      "incr_op_margin_yoy": 0.08183539239221656,
      "rev_growth_yoy": -0.5480303338217835,
      "rev_growth_yoy_accel": -0.526961879014585,
      "fcf_margin_change": -2.4699243507326285
    },
    {
      "date": "2024-12-31T00:00:00",
      "quarter_label": "2024-12 (Q4)",
      "revenue": 88311000,
      "gross_profit": 51642000,
      "operating_income": -131080000,
      "net_income": -81030000,
      "opex": 219391000,
      "cogs": 36669000,
      "rd": 104380000,
      "sga": 78342000,
      "fcf": -173163000,
      "ocf": -173163000,
      "capex": null,
      "gross_margin": 0.584774263681761,
      "op_margin": -1.4842998041014144,
      "fcf_margin": -1.9608316064816387,
      "incr_op_margin_yoy": -0.2585220976107097,
      "rev_growth_yoy": -0.6968820149515003,
      "rev_growth_yoy_accel": -0.1488516811297168,
      "op_leverage_ratio": 11.40929549593408,
      "fcf_margin_change": -0.24729980034759858
    },
    {
      "date": "2025-03-31T00:00:00",
      "quarter_label": "2025-03 (Q1)",
      "revenue": 666655000,
      "gross_profit": 652540000,
      "operating_income": 515513000,
      "net_income": 518646000,
      "opex": 151142000,
      "cogs": 14115000,
      "rd": 88937000,
      "sga": null,
      "fcf": -185502000,
      "ocf": -185502000,
      "capex": null,
      "gross_margin": 0.9788271294747658,
      "op_margin": 0.773283032453068,
      "fcf_margin": -0.27825786951271647,
      "incr_op_margin_yoy": 1.1528351955307263,
      "rev_growth_yoy": 6.103031271642427,
      "rev_growth_yoy_accel": 6.799913286593927,
      "op_leverage_ratio": Infinity,
      "fcf_margin_change": 1.6825737369689222
    },
    {
      "date": "2025-06-30T00:00:00",
      "quarter_label": "2025-06 (Q2)",
      "revenue": 239240000,
      "gross_profit": 223915000,
      "operating_income": 101070000,
      "net_income": 106508000,
      "opex": 138170000,
      "cogs": 15325000,
      "rd": 79233000,
      "sga": null,
      "fcf": -127462000,
      "ocf": -127462000,
      "capex": null,
      "gross_margin": 0.935942986122722,
      "op_margin": 0.42246279886306637,
      "fcf_margin": -0.5327787995318508,
      "incr_op_margin_yoy": 0.34002859671818614,
      "rev_growth_yoy": -0.42418961981688824,
      "rev_growth_yoy_accel": -6.527220891459316,
      "fcf_margin_change": -0.25452093001913434
    },
    {
      "date": "2025-09-30T00:00:00",
      "quarter_label": "2025-09 (Q3)",
      "revenue": 70445000,
      "gross_profit": 48949000,
      "operating_income": -178018000,
      "net_income": -202379000,
      "opex": 248463000,
      "cogs": 21496000,
      "rd": 98274000,
      "sga": 31655000,
      "fcf": 107804000,
      "ocf": 107804000,
      "capex": null,
      "gross_margin": 0.6948541415288523,
      "op_margin": -2.5270494712186813,
      "fcf_margin": 1.5303286251685713,
      "incr_op_margin_yoy": 3.127887964740172,
      "rev_growth_yoy": -0.166449734948883,
      "rev_growth_yoy_accel": 0.25773988486800525,
      "fcf_margin_change": 2.063107424700422
    }
  ],
  "signals": [
    {
      "quarter": "2025-09 (Q3)",
      "signal": "FCF TURNED POSITIVE",
      "detail": "FCF margin: -53.3% -> +153.0%",
      "severity": "HIGH"
    },
    {
      "quarter": "2025-09 (Q3)",
      "signal": "YoY REVENUE GROWTH ACCELERATION",
      "detail": "YoY growth: -16.6% vs prior quarter YoY: -42.4% (accel: +25.8%)",
      "severity": "HIGH"
    },
    {
      "quarter": "2025-06 (Q2)",
      "signal": "YoY REVENUE GROWTH DECELERATION",
      "detail": "YoY growth: -42.4% vs prior quarter YoY: +610.3% (decel: -652.7%)",
      "severity": "WARNING"
    },
    {
      "quarter": "2025-03 (Q1)",
      "signal": "FCF MARGIN EXPANSION",
      "detail": "FCF margin: -196.1% -> -27.8% (+168.3%)",
      "severity": "MEDIUM"
    },
    {
      "quarter": "2025-03 (Q1)",
      "signal": "YoY REVENUE GROWTH ACCELERATION",
      "detail": "YoY growth: +610.3% vs prior quarter YoY: -69.7% (accel: +680.0%)",
      "severity": "HIGH"
    },
    {
      "quarter": "2025-03 (Q1)",
      "signal": "OP MARGIN TURNED POSITIVE (YoY)",
      "detail": "Op margin: -154.3% (year-ago) -> +77.3%",
      "severity": "HIGH"
    },
    {
      "quarter": "2025-03 (Q1)",
      "signal": "OP MARGIN TURNED POSITIVE (QoQ)",
      "detail": "Op margin: -148.4% -> +77.3%",
      "severity": "HIGH"
    },
    {
      "quarter": "2024-12 (Q4)",
      "signal": "OPERATING LEVERAGE",
      "detail": "Rev growth +4.5% vs OpEx growth +0.4% (leverage: 11.4x)",
      "severity": "MEDIUM"
    },
    {
      "quarter": "2024-12 (Q4)",
      "signal": "GROSS MARGIN INFLECTION",
      "detail": "GM: +88.9% -> +28.3% -> +58.5% (reversal +30.2%)",
      "severity": "HIGH"
    },
    {
      "quarter": "2024-12 (Q4)",
      "signal": "YoY REVENUE GROWTH DECELERATION",
      "detail": "YoY growth: -69.7% vs prior quarter YoY: -54.8% (decel: -14.9%)",
      "severity": "WARNING"
    },
    {
      "quarter": "2024-09 (Q3)",
      "signal": "YoY REVENUE GROWTH DECELERATION",
      "detail": "YoY growth: -54.8% vs prior quarter YoY: -2.1% (decel: -52.7%)",
      "severity": "WARNING"
    },
    {
      "quarter": "2024-06 (Q2)",
      "signal": "FCF TURNED POSITIVE",
      "detail": "FCF margin: -89.0% -> +75.6%",
      "severity": "HIGH"
    },
    {
      "quarter": "2024-06 (Q2)",
      "signal": "OPERATING LEVERAGE",
      "detail": "Rev growth +342.7% vs OpEx growth +6.6% (leverage: 51.8x)",
      "severity": "MEDIUM"
    },
    {
      "quarter": "2024-06 (Q2)",
      "signal": "GROSS MARGIN INFLECTION",
      "detail": "GM: +46.8% -> +36.9% -> +88.9% (reversal +52.0%)",
      "severity": "HIGH"
    },
    {
      "quarter": "2024-06 (Q2)",
      "signal": "YoY REVENUE GROWTH DECELERATION",
      "detail": "YoY growth: -2.1% vs prior quarter YoY: +15.9% (decel: -18.0%)",
      "severity": "WARNING"
    },
    {
      "quarter": "2024-06 (Q2)",
      "signal": "OP MARGIN TURNED POSITIVE (QoQ)",
      "detail": "Op margin: -154.3% -> +38.7%",
      "severity": "HIGH"
    },
    {
      "quarter": "2024-03 (Q1)",
      "signal": "YoY REVENUE GROWTH ACCELERATION",
      "detail": "YoY growth: +15.9% vs prior quarter YoY: -18.5% (accel: +34.4%)",
      "severity": "HIGH"
    },
    {
      "quarter": "2023-12 (Q4)",
      "signal": "YoY REVENUE GROWTH ACCELERATION",
      "detail": "YoY growth: -18.5% vs prior quarter YoY: -74.5% (accel: +56.1%)",
      "severity": "HIGH"
    },
    {
      "quarter": "2023-09 (Q3)",
      "signal": "FCF MARGIN EXPANSION",
      "detail": "FCF margin: -40.5% -> -21.2% (+19.3%)",
      "severity": "MEDIUM"
    },
    {
      "quarter": "2023-09 (Q3)",
      "signal": "YoY REVENUE GROWTH DECELERATION",
      "detail": "YoY growth: -74.5% vs prior quarter YoY: +128.3% (decel: -202.8%)",
      "severity": "WARNING"
    },
    {
      "quarter": "2023-06 (Q2)",
      "signal": "FCF MARGIN EXPANSION",
      "detail": "FCF margin: -402.2% -> -40.5% (+361.7%)",
      "severity": "MEDIUM"
    },
    {
      "quarter": "2023-06 (Q2)",
      "signal": "YoY REVENUE GROWTH ACCELERATION",
      "detail": "YoY growth: +128.3% vs prior quarter YoY: -88.5% (accel: +216.8%)",
      "severity": "HIGH"
    },
    {
      "quarter": "2023-06 (Q2)",
      "signal": "OP MARGIN TURNED POSITIVE (YoY)",
      "detail": "Op margin: -259.8% (year-ago) -> +13.1%",
      "severity": "HIGH"
    },
    {
      "quarter": "2023-06 (Q2)",
      "signal": "OP MARGIN TURNED POSITIVE (QoQ)",
      "detail": "Op margin: -386.4% -> +13.1%",
      "severity": "HIGH"
    },
    {
      "quarter": "2023-03 (Q1)",
      "signal": "YoY REVENUE GROWTH DECELERATION",
      "detail": "YoY growth: -88.5% vs prior quarter YoY: +60.8% (decel: -149.3%)",
      "severity": "WARNING"
    },
    {
      "quarter": "2022-12 (Q4)",
      "signal": "YoY REVENUE GROWTH DECELERATION",
      "detail": "YoY growth: +60.8% vs prior quarter YoY: +310.7% (decel: -249.9%)",
      "severity": "WARNING"
    },
    {
      "quarter": "2022-09 (Q3)",
      "signal": "FCF MARGIN EXPANSION",
      "detail": "FCF margin: -91.9% -> -5.3% (+86.7%)",
      "severity": "MEDIUM"
    },
    {
      "quarter": "2022-09 (Q3)",
      "signal": "OPERATING LEVERAGE",
      "detail": "Rev growth +295.1% vs OpEx growth +28.8% (leverage: 10.2x)",
      "severity": "MEDIUM"
    },
    {
      "quarter": "2022-09 (Q3)",
      "signal": "GROSS MARGIN INFLECTION",
      "detail": "GM: +97.8% -> -45.8% -> +40.8% (reversal +86.6%)",
      "severity": "HIGH"
    },
    {
      "quarter": "2022-09 (Q3)",
      "signal": "YoY REVENUE GROWTH ACCELERATION",
      "detail": "YoY growth: +310.7% vs prior quarter YoY: -37.6% (accel: +348.3%)",
      "severity": "HIGH"
    },
    {
      "quarter": "2022-06 (Q2)",
      "signal": "YoY REVENUE GROWTH DECELERATION",
      "detail": "YoY growth: -37.6% vs prior quarter YoY: +57.4% (decel: -95.0%)",
      "severity": "WARNING"
    },
    {
      "quarter": "2022-03 (Q1)",
      "signal": "FCF MARGIN EXPANSION",
      "detail": "FCF margin: -154.1% -> -12.6% (+141.5%)",
      "severity": "MEDIUM"
    },
    {
      "quarter": "2022-03 (Q1)",
      "signal": "YoY REVENUE GROWTH ACCELERATION",
      "detail": "YoY growth: +57.4% vs prior quarter YoY: -20.5% (accel: +78.0%)",
      "severity": "HIGH"
    },
    {
      "quarter": "2022-03 (Q1)",
      "signal": "OP MARGIN TURNED POSITIVE (YoY)",
      "detail": "Op margin: -46.6% (year-ago) -> +29.7%",
      "severity": "HIGH"
    },
    {
      "quarter": "2022-03 (Q1)",
      "signal": "OP MARGIN TURNED POSITIVE (QoQ)",
      "detail": "Op margin: -371.3% -> +29.7%",
      "severity": "HIGH"
    },
    {
      "quarter": "2021-03 (Q1)",
      "signal": "FCF TURNED POSITIVE",
      "detail": "FCF margin: -46.0% -> +148.3%",
      "severity": "HIGH"
    }
  ],
  "data_quality": {
    "n_quarters": 20,
    "coverage": {
      "revenue": [
        20,
        20
      ],
      "gross_profit": [
        19,
        20
      ],
      "op_income": [
        20,
        20
      ],
      "fcf": [
        20,
        20
      ]
    },
    "gaps": [],
    "warnings": []
  },
  "market_cap": null,
  "source": "SEC EDGAR",
  "last_updated": "2026-02-02T21:46:03.602418"
}