{
  "ticker": "NVCR",
  "name": "NovoCure Limited",
  "quarters": [
    {
      "date": "2020-12-31T00:00:00",
      "quarter_label": "2020-12 (Q4)",
      "revenue": 143953000,
      "gross_profit": 115817000,
      "operating_income": 12092000,
      "net_income": 4917000,
      "opex": 103725000,
      "cogs": 28136000,
      "rd": 44002000,
      "sga": null,
      "fcf": 47722000,
      "ocf": 53481000,
      "capex": -5759000,
      "gross_margin": 0.8045473175272485,
      "op_margin": 0.08399963877098775,
      "fcf_margin": 0.33151097927795875
    },
    {
      "date": "2021-03-31T00:00:00",
      "quarter_label": "2021-03 (Q1)",
      "revenue": 134695000,
      "gross_profit": 108310000,
      "operating_income": -88000,
      "net_income": -4128000,
      "opex": 108398000,
      "cogs": 26385000,
      "rd": 45916000,
      "sga": null,
      "fcf": 13799000,
      "ocf": 17780000,
      "capex": -3981000,
      "gross_margin": 0.8041129960280634,
      "op_margin": -0.0006533278889342589,
      "fcf_margin": 0.10244626749322544,
      "fcf_margin_change": -0.2290647117847333
    },
    {
      "date": "2021-06-30T00:00:00",
      "quarter_label": "2021-06 (Q2)",
      "revenue": 133517000,
      "gross_profit": 104918000,
      "operating_income": -12295000,
      "net_income": -14641000,
      "opex": 117213000,
      "cogs": 28599000,
      "rd": 50315000,
      "sga": null,
      "fcf": 23554000,
      "ocf": 26172000,
      "capex": -2618000,
      "gross_margin": 0.7858025569777631,
      "op_margin": -0.09208565201435023,
      "fcf_margin": 0.1764119924803583,
      "fcf_margin_change": 0.07396572498713286
    },
    {
      "date": "2021-09-30T00:00:00",
      "quarter_label": "2021-09 (Q3)",
      "revenue": 133606000,
      "gross_profit": 103400000,
      "operating_income": -8552000,
      "net_income": -13124000,
      "opex": 111952000,
      "cogs": 30206000,
      "rd": 48141000,
      "sga": null,
      "fcf": 21103000,
      "ocf": 24400000,
      "capex": -3297000,
      "gross_margin": 0.7739173390416598,
      "op_margin": -0.06400910138766223,
      "fcf_margin": 0.15794949328622965,
      "fcf_margin_change": -0.01846249919412865
    },
    {
      "date": "2021-12-31T00:00:00",
      "quarter_label": "2021-12 (Q4)",
      "revenue": 133213000,
      "gross_profit": 103526000,
      "operating_income": -23398000,
      "net_income": -26458000,
      "opex": 126924000,
      "cogs": 29687000,
      "rd": 56931000,
      "sga": null,
      "fcf": 130000,
      "ocf": 14404000,
      "capex": -14274000,
      "gross_margin": 0.7771463746030792,
      "op_margin": -0.1756435182752434,
      "fcf_margin": 0.0009758807323609558,
      "incr_op_margin_yoy": 3.304469273743017,
      "rev_growth_yoy": -0.07460768445256438,
      "fcf_margin_change": -0.15697361255386869
    },
    {
      "date": "2022-03-31T00:00:00",
      "quarter_label": "2022-03 (Q1)",
      "revenue": 137547000,
      "gross_profit": 109820000,
      "operating_income": -806000,
      "net_income": -4647000,
      "opex": 110626000,
      "cogs": 27727000,
      "rd": 42234000,
      "sga": null,
      "fcf": -8780000,
      "ocf": -3687000,
      "capex": -5093000,
      "gross_margin": 0.7984179953034236,
      "op_margin": -0.005859815190443994,
      "fcf_margin": -0.063832726268112,
      "incr_op_margin_yoy": -0.2517531556802244,
      "rev_growth_yoy": 0.021173762945914845,
      "rev_growth_yoy_accel": 0.09578144739847923,
      "op_leverage_ratio": Infinity,
      "fcf_margin_change": -0.06480860700047296
    },
    {
      "date": "2022-06-30T00:00:00",
      "quarter_label": "2022-06 (Q2)",
      "revenue": 140866000,
      "gross_profit": 112363000,
      "operating_income": -21128000,
      "net_income": -24008000,
      "opex": 133491000,
      "cogs": 28503000,
      "rd": 57075000,
      "sga": null,
      "fcf": 11631000,
      "ocf": 15762000,
      "capex": -4131000,
      "gross_margin": 0.797658767907089,
      "op_margin": -0.14998651200431615,
      "fcf_margin": 0.08256783042039953,
      "incr_op_margin_yoy": -1.2019322356783235,
      "rev_growth_yoy": 0.05504168008568197,
      "rev_growth_yoy_accel": 0.033867917139767126,
      "op_leverage_ratio": 0.11674603337105384,
      "fcf_margin_change": 0.14640055668851154
    },
    {
      "date": "2022-09-30T00:00:00",
      "quarter_label": "2022-09 (Q3)",
      "revenue": 130998000,
      "gross_profit": 101249000,
      "operating_income": -24611000,
      "net_income": -26576000,
      "opex": 125860000,
      "cogs": 29749000,
      "rd": 51956000,
      "sga": null,
      "fcf": 16717000,
      "ocf": 22420000,
      "capex": -5703000,
      "gross_margin": 0.7729049298462572,
      "op_margin": -0.1878730972991954,
      "fcf_margin": 0.12761263530740927,
      "incr_op_margin_yoy": 6.157592024539877,
      "rev_growth_yoy": -0.019520081433468558,
      "rev_growth_yoy_accel": -0.07456176151915053,
      "fcf_margin_change": 0.04504480488700974
    },
    {
      "date": "2022-12-31T00:00:00",
      "quarter_label": "2022-12 (Q4)",
      "revenue": 128429000,
      "gross_profit": 99541000,
      "operating_income": -42978000,
      "net_income": -37303000,
      "opex": 142519000,
      "cogs": 28888000,
      "rd": 54820000,
      "sga": null,
      "fcf": -10138000,
      "ocf": -3707000,
      "capex": -6431000,
      "gross_margin": 0.775066379088835,
      "op_margin": -0.33464404456937297,
      "fcf_margin": -0.07893855749090938,
      "incr_op_margin_yoy": 4.092809364548495,
      "rev_growth_yoy": -0.03591241095088317,
      "rev_growth_yoy_accel": -0.016392329517414612,
      "fcf_margin_change": -0.20655119279831863
    },
    {
      "date": "2023-03-31T00:00:00",
      "quarter_label": "2023-03 (Q1)",
      "revenue": 122182000,
      "gross_profit": 92568000,
      "operating_income": -60249000,
      "net_income": -53061000,
      "opex": 152817000,
      "cogs": 29614000,
      "rd": 59704000,
      "sga": null,
      "fcf": -22815000,
      "ocf": -16727000,
      "capex": -6088000,
      "gross_margin": 0.7576238725835229,
      "op_margin": -0.49310864120737913,
      "fcf_margin": -0.18672963284280827,
      "incr_op_margin_yoy": 3.8687276277253497,
      "rev_growth_yoy": -0.11170727096919598,
      "rev_growth_yoy_accel": -0.07579486001831282,
      "fcf_margin_change": -0.1077910753518989
    },
    {
      "date": "2023-06-30T00:00:00",
      "quarter_label": "2023-06 (Q2)",
      "revenue": 126051000,
      "gross_profit": 92033000,
      "operating_income": -62660000,
      "net_income": -57418000,
      "opex": 154693000,
      "cogs": 34018000,
      "rd": 55427000,
      "sga": null,
      "fcf": -29668000,
      "ocf": -22737000,
      "capex": -6931000,
      "gross_margin": 0.7301251080911695,
      "op_margin": -0.49710038000491863,
      "fcf_margin": -0.23536505065410032,
      "incr_op_margin_yoy": 2.8033749578130274,
      "rev_growth_yoy": -0.10517087160847897,
      "rev_growth_yoy_accel": 0.00653639936071701,
      "op_leverage_ratio": 2.5794691342521325,
      "fcf_margin_change": -0.04863541781129205
    },
    {
      "date": "2023-09-30T00:00:00",
      "quarter_label": "2023-09 (Q3)",
      "revenue": 127321000,
      "gross_profit": 95229000,
      "operating_income": -58245000,
      "net_income": -49485000,
      "opex": 153474000,
      "cogs": 32092000,
      "rd": 53623000,
      "sga": null,
      "fcf": -26567000,
      "ocf": -19314000,
      "capex": -7253000,
      "gross_margin": 0.7479441726031055,
      "op_margin": -0.4574657754808712,
      "fcf_margin": -0.20866157193235993,
      "incr_op_margin_yoy": 9.147130813162905,
      "rev_growth_yoy": -0.028069130826424833,
      "rev_growth_yoy_accel": 0.07710174078205415,
      "op_leverage_ratio": Infinity,
      "fcf_margin_change": 0.026703478721740392
    },
    {
      "date": "2023-12-31T00:00:00",
      "quarter_label": "2023-12 (Q4)",
      "revenue": 133784000,
      "gross_profit": 101228000,
      "operating_income": -51716000,
      "net_income": -47079000,
      "opex": 152944000,
      "cogs": 32556000,
      "rd": 54308000,
      "sga": null,
      "fcf": -21379000,
      "ocf": -14558000,
      "capex": -6821000,
      "gross_margin": 0.7566525145009867,
      "op_margin": -0.3865634156550858,
      "fcf_margin": -0.15980236799617292,
      "incr_op_margin_yoy": -1.6317460317460317,
      "rev_growth_yoy": 0.041696190112824986,
      "rev_growth_yoy_accel": 0.06976532093924982,
      "op_leverage_ratio": Infinity,
      "fcf_margin_change": 0.04885920393618701
    },
    {
      "date": "2024-03-31T00:00:00",
      "quarter_label": "2024-03 (Q1)",
      "revenue": 138503000,
      "gross_profit": 104814000,
      "operating_income": -41520000,
      "net_income": -38760000,
      "opex": 146334000,
      "cogs": 33689000,
      "rd": 51598000,
      "sga": null,
      "fcf": -43358000,
      "ocf": -31574000,
      "capex": -11784000,
      "gross_margin": 0.7567633914066844,
      "op_margin": -0.29977690013934716,
      "fcf_margin": -0.3130473708150726,
      "incr_op_margin_yoy": 1.147539979167943,
      "rev_growth_yoy": 0.13357941431634773,
      "rev_growth_yoy_accel": 0.09188322420352274,
      "op_leverage_ratio": Infinity,
      "fcf_margin_change": -0.1532450028188997
    },
    {
      "date": "2024-06-30T00:00:00",
      "quarter_label": "2024-06 (Q2)",
      "revenue": 150356000,
      "gross_profit": 115702000,
      "operating_income": -33580000,
      "net_income": -33375000,
      "opex": 149282000,
      "cogs": 34654000,
      "rd": 54955000,
      "sga": null,
      "fcf": -13166000,
      "ocf": -1720000,
      "capex": -11446000,
      "gross_margin": 0.7695203383968714,
      "op_margin": -0.2233366144350741,
      "fcf_margin": -0.08756551118678337,
      "incr_op_margin_yoy": 1.1964616334087637,
      "rev_growth_yoy": 0.19281877970028005,
      "rev_growth_yoy_accel": 0.05923936538393232,
      "op_leverage_ratio": 4.24802309216252,
      "fcf_margin_change": 0.22548185962828926
    },
    {
      "date": "2024-09-30T00:00:00",
      "quarter_label": "2024-09 (Q3)",
      "revenue": 155095000,
      "gross_profit": 119723000,
      "operating_income": -32092000,
      "net_income": -30570000,
      "opex": 151815000,
      "cogs": 35372000,
      "rd": 51882000,
      "sga": null,
      "fcf": -307000,
      "ocf": 10376000,
      "capex": -10683000,
      "gross_margin": 0.771933331184113,
      "op_margin": -0.20691834037203005,
      "fcf_margin": -0.001979431961056127,
      "incr_op_margin_yoy": 0.9416360625045006,
      "rev_growth_yoy": 0.21814154774153519,
      "rev_growth_yoy_accel": 0.025322768041255134,
      "op_leverage_ratio": 1.8575401103318552,
      "fcf_margin_change": 0.08558607922572724
    },
    {
      "date": "2024-12-31T00:00:00",
      "quarter_label": "2024-12 (Q4)",
      "revenue": 161266000,
      "gross_profit": 127800000,
      "operating_income": -63304000,
      "net_income": -65922000,
      "opex": 191104000,
      "cogs": 33466000,
      "rd": 51210000,
      "sga": null,
      "fcf": -12393000,
      "ocf": -3451000,
      "capex": -8942000,
      "gross_margin": 0.7924795059094911,
      "op_margin": -0.3925439956345417,
      "fcf_margin": -0.07684818870685699,
      "incr_op_margin_yoy": -0.4216578123862892,
      "rev_growth_yoy": 0.20542067810799497,
      "rev_growth_yoy_accel": -0.012720869633540216,
      "op_leverage_ratio": 0.15374516188177248,
      "fcf_margin_change": -0.07486875674580086
    },
    {
      "date": "2025-03-31T00:00:00",
      "quarter_label": "2025-03 (Q1)",
      "revenue": 154994000,
      "gross_profit": 116473000,
      "operating_income": -37865000,
      "net_income": -34319000,
      "opex": 154338000,
      "cogs": 38521000,
      "rd": 53777000,
      "sga": null,
      "fcf": -46276000,
      "ocf": -35665000,
      "capex": -10611000,
      "gross_margin": 0.7514677987535001,
      "op_margin": -0.24429977934629726,
      "fcf_margin": -0.29856639611855945,
      "incr_op_margin_yoy": 0.22163604390273484,
      "rev_growth_yoy": 0.1190660130105485,
      "rev_growth_yoy_accel": -0.08635466509744646,
      "fcf_margin_change": -0.22171820741170245
    },
    {
      "date": "2025-06-30T00:00:00",
      "quarter_label": "2025-06 (Q2)",
      "revenue": 158805000,
      "gross_profit": 117333000,
      "operating_income": -39521000,
      "net_income": -40139000,
      "opex": 156854000,
      "cogs": 41472000,
      "rd": 55833000,
      "sga": null,
      "fcf": -21422000,
      "ocf": -15936000,
      "capex": -5486000,
      "gross_margin": 0.7388495324454519,
      "op_margin": -0.24886496017127924,
      "fcf_margin": -0.1348949970089103,
      "incr_op_margin_yoy": -0.7031601372943543,
      "rev_growth_yoy": 0.05619330123174333,
      "rev_growth_yoy_accel": -0.06287271177880518,
      "op_leverage_ratio": 1.5082950080041047,
      "fcf_margin_change": 0.16367139910964915
    },
    {
      "date": "2025-09-30T00:00:00",
      "quarter_label": "2025-09 (Q3)",
      "revenue": 167204000,
      "gross_profit": 122475000,
      "operating_income": -36021000,
      "net_income": -37270000,
      "opex": 158496000,
      "cogs": 44729000,
      "rd": 54029000,
      "sga": null,
      "fcf": 14919000,
      "ocf": 20574000,
      "capex": -5655000,
      "gross_margin": 0.7324884572139423,
      "op_margin": -0.21543144900839692,
      "fcf_margin": 0.08922633429822253,
      "incr_op_margin_yoy": -0.3244694029234454,
      "rev_growth_yoy": 0.07807472839227571,
      "rev_growth_yoy_accel": 0.02188142716053238,
      "op_leverage_ratio": 5.0522618900657275,
      "fcf_margin_change": 0.22412133130713285
    }
  ],
  "signals": [
    {
      "quarter": "2025-09 (Q3)",
      "signal": "FCF TURNED POSITIVE",
      "detail": "FCF margin: -13.5% -> +8.9%",
      "severity": "HIGH"
    },
    {
      "quarter": "2025-09 (Q3)",
      "signal": "OPERATING LEVERAGE",
      "detail": "Rev growth +5.3% vs OpEx growth +1.0% (leverage: 5.1x)",
      "severity": "MEDIUM"
    },
    {
      "quarter": "2025-06 (Q2)",
      "signal": "FCF MARGIN EXPANSION",
      "detail": "FCF margin: -29.9% -> -13.5% (+16.4%)",
      "severity": "MEDIUM"
    },
    {
      "quarter": "2025-06 (Q2)",
      "signal": "OPERATING LEVERAGE",
      "detail": "Rev growth +2.5% vs OpEx growth +1.6% (leverage: 1.5x)",
      "severity": "MEDIUM"
    },
    {
      "quarter": "2025-06 (Q2)",
      "signal": "YoY REVENUE GROWTH DECELERATION",
      "detail": "YoY growth: +5.6% vs prior quarter YoY: +11.9% (decel: -6.3%)",
      "severity": "WARNING"
    },
    {
      "quarter": "2025-03 (Q1)",
      "signal": "YoY REVENUE GROWTH DECELERATION",
      "detail": "YoY growth: +11.9% vs prior quarter YoY: +20.5% (decel: -8.6%)",
      "severity": "WARNING"
    },
    {
      "quarter": "2024-09 (Q3)",
      "signal": "FCF MARGIN EXPANSION",
      "detail": "FCF margin: -8.8% -> -0.2% (+8.6%)",
      "severity": "MEDIUM"
    },
    {
      "quarter": "2024-09 (Q3)",
      "signal": "OPERATING LEVERAGE",
      "detail": "Rev growth +3.2% vs OpEx growth +1.7% (leverage: 1.9x)",
      "severity": "MEDIUM"
    },
    {
      "quarter": "2024-06 (Q2)",
      "signal": "FCF MARGIN EXPANSION",
      "detail": "FCF margin: -31.3% -> -8.8% (+22.5%)",
      "severity": "MEDIUM"
    },
    {
      "quarter": "2024-06 (Q2)",
      "signal": "OPERATING LEVERAGE",
      "detail": "Rev growth +8.6% vs OpEx growth +2.0% (leverage: 4.2x)",
      "severity": "MEDIUM"
    },
    {
      "quarter": "2024-06 (Q2)",
      "signal": "YoY REVENUE GROWTH ACCELERATION",
      "detail": "YoY growth: +19.3% vs prior quarter YoY: +13.4% (accel: +5.9%)",
      "severity": "MEDIUM"
    },
    {
      "quarter": "2024-03 (Q1)",
      "signal": "YoY REVENUE GROWTH ACCELERATION",
      "detail": "YoY growth: +13.4% vs prior quarter YoY: +4.2% (accel: +9.2%)",
      "severity": "MEDIUM"
    },
    {
      "quarter": "2023-12 (Q4)",
      "signal": "YoY REVENUE GROWTH ACCELERATION",
      "detail": "YoY growth: +4.2% vs prior quarter YoY: -2.8% (accel: +7.0%)",
      "severity": "MEDIUM"
    },
    {
      "quarter": "2023-09 (Q3)",
      "signal": "YoY REVENUE GROWTH ACCELERATION",
      "detail": "YoY growth: -2.8% vs prior quarter YoY: -10.5% (accel: +7.7%)",
      "severity": "MEDIUM"
    },
    {
      "quarter": "2023-06 (Q2)",
      "signal": "OPERATING LEVERAGE",
      "detail": "Rev growth +3.2% vs OpEx growth +1.2% (leverage: 2.6x)",
      "severity": "MEDIUM"
    },
    {
      "quarter": "2023-03 (Q1)",
      "signal": "YoY REVENUE GROWTH DECELERATION",
      "detail": "YoY growth: -11.2% vs prior quarter YoY: -3.6% (decel: -7.6%)",
      "severity": "WARNING"
    },
    {
      "quarter": "2022-09 (Q3)",
      "signal": "YoY REVENUE GROWTH DECELERATION",
      "detail": "YoY growth: -2.0% vs prior quarter YoY: +5.5% (decel: -7.5%)",
      "severity": "WARNING"
    },
    {
      "quarter": "2022-06 (Q2)",
      "signal": "FCF TURNED POSITIVE",
      "detail": "FCF margin: -6.4% -> +8.3%",
      "severity": "HIGH"
    },
    {
      "quarter": "2022-03 (Q1)",
      "signal": "YoY REVENUE GROWTH ACCELERATION",
      "detail": "YoY growth: +2.1% vs prior quarter YoY: -7.5% (accel: +9.6%)",
      "severity": "MEDIUM"
    },
    {
      "quarter": "2021-06 (Q2)",
      "signal": "FCF MARGIN EXPANSION",
      "detail": "FCF margin: +10.2% -> +17.6% (+7.4%)",
      "severity": "MEDIUM"
    }
  ],
  "data_quality": {
    "n_quarters": 20,
    "coverage": {
      "revenue": [
        20,
        20
      ],
      "gross_profit": [
        20,
        20
      ],
      "op_income": [
        20,
        20
      ],
      "fcf": [
        20,
        20
      ]
    },
    "gaps": [],
    "warnings": []
  },
  "market_cap": null,
  "source": "SEC EDGAR",
  "last_updated": "2026-02-02T21:49:28.638798"
}