{
  "ticker": "NVDA",
  "name": "NVIDIA CORP",
  "quarters": [
    {
      "date": "2021-01-31T00:00:00",
      "quarter_label": "2021-01 (Q1)",
      "revenue": 5003000000,
      "gross_profit": 3156000000,
      "operating_income": 1507000000,
      "net_income": 1457000000,
      "opex": 1649000000,
      "cogs": 1847000000,
      "rd": 1146000000,
      "sga": 503000000,
      "fcf": 2067000000,
      "ocf": 2067000000,
      "capex": null,
      "gross_margin": 0.6308215070957426,
      "op_margin": 0.30121926843893665,
      "fcf_margin": 0.41315210873475916
    },
    {
      "date": "2021-05-02T00:00:00",
      "quarter_label": "2021-05 (Q2)",
      "revenue": 5661000000,
      "gross_profit": 3629000000,
      "operating_income": 1956000000,
      "net_income": 1912000000,
      "opex": 1673000000,
      "cogs": 2032000000,
      "rd": 1153000000,
      "sga": 520000000,
      "fcf": 1874000000,
      "ocf": 1874000000,
      "capex": null,
      "gross_margin": 0.6410528175234057,
      "op_margin": 0.3455219925808161,
      "fcf_margin": 0.3310369192722134,
      "op_leverage_ratio": 9.036594709840761,
      "fcf_margin_change": -0.08211518946254576
    },
    {
      "date": "2021-08-01T00:00:00",
      "quarter_label": "2021-08 (Q3)",
      "revenue": 6507000000,
      "gross_profit": 4215000000,
      "operating_income": 2444000000,
      "net_income": 2374000000,
      "opex": 1771000000,
      "cogs": 2292000000,
      "rd": 1245000000,
      "sga": 526000000,
      "fcf": 2682000000,
      "ocf": 2682000000,
      "capex": null,
      "gross_margin": 0.6477639465191333,
      "op_margin": 0.3755955125249731,
      "fcf_margin": 0.41217150760719223,
      "op_leverage_ratio": 2.5512150806268457,
      "fcf_margin_change": 0.08113458833497883
    },
    {
      "date": "2021-10-31T00:00:00",
      "quarter_label": "2021-10 (Q4)",
      "revenue": 7103000000,
      "gross_profit": 4631000000,
      "operating_income": 2671000000,
      "net_income": 2464000000,
      "opex": 1960000000,
      "cogs": 2472000000,
      "rd": 1403000000,
      "sga": 557000000,
      "fcf": 1519000000,
      "ocf": 1519000000,
      "capex": null,
      "gross_margin": 0.6519780374489652,
      "op_margin": 0.3760382936787273,
      "fcf_margin": 0.2138533014219344,
      "op_leverage_ratio": 0.8582665960874045,
      "fcf_margin_change": -0.19831820618525783
    },
    {
      "date": "2022-01-30T00:00:00",
      "quarter_label": "2022-01 (Q1)",
      "revenue": 7643000000,
      "gross_profit": 4999000000,
      "operating_income": 2970000000,
      "net_income": 3003000000,
      "opex": 2029000000,
      "cogs": 2644000000,
      "rd": 1466000000,
      "sga": 563000000,
      "fcf": 3033000000,
      "ocf": 3033000000,
      "capex": null,
      "gross_margin": 0.6540625408870863,
      "op_margin": 0.3885908674604213,
      "fcf_margin": 0.39683370404291507,
      "incr_op_margin_yoy": 0.5541666666666667,
      "rev_growth_yoy": 0.5276833899660204,
      "op_leverage_ratio": 2.15952842950621,
      "fcf_margin_change": 0.18298040262098067
    },
    {
      "date": "2022-05-01T00:00:00",
      "quarter_label": "2022-05 (Q2)",
      "revenue": 8288000000,
      "gross_profit": 5431000000,
      "operating_income": 1868000000,
      "net_income": 1618000000,
      "opex": 3563000000,
      "cogs": 2857000000,
      "rd": 1618000000,
      "sga": 592000000,
      "fcf": 1731000000,
      "ocf": 1731000000,
      "capex": null,
      "gross_margin": 0.655284749034749,
      "op_margin": 0.22538610038610038,
      "fcf_margin": 0.2088561776061776,
      "incr_op_margin_yoy": -0.03349828701941378,
      "rev_growth_yoy": 0.46405228758169936,
      "rev_growth_yoy_accel": -0.06363110238432101,
      "op_leverage_ratio": 0.1116227049284217,
      "fcf_margin_change": -0.18797752643673746
    },
    {
      "date": "2022-07-31T00:00:00",
      "quarter_label": "2022-07 (Q3)",
      "revenue": 6704000000,
      "gross_profit": 2915000000,
      "operating_income": 499000000,
      "net_income": 656000000,
      "opex": 2416000000,
      "cogs": 3789000000,
      "rd": 1824000000,
      "sga": 592000000,
      "fcf": 1270000000,
      "ocf": 1270000000,
      "capex": null,
      "gross_margin": 0.4348150357995227,
      "op_margin": 0.07443317422434367,
      "fcf_margin": 0.18943914081145585,
      "incr_op_margin_yoy": -9.873096446700508,
      "rev_growth_yoy": 0.030275088366374672,
      "rev_growth_yoy_accel": -0.4337771992153247,
      "fcf_margin_change": -0.01941703679472176
    },
    {
      "date": "2022-10-30T00:00:00",
      "quarter_label": "2022-10 (Q4)",
      "revenue": 5931000000,
      "gross_profit": 3177000000,
      "operating_income": 601000000,
      "net_income": 680000000,
      "opex": 2576000000,
      "cogs": 2754000000,
      "rd": 1945000000,
      "sga": 631000000,
      "fcf": 392000000,
      "ocf": 392000000,
      "capex": null,
      "gross_margin": 0.5356600910470409,
      "op_margin": 0.10133198448828191,
      "fcf_margin": 0.06609340751981116,
      "incr_op_margin_yoy": 1.766211604095563,
      "rev_growth_yoy": -0.16500070392791777,
      "rev_growth_yoy_accel": -0.19527579229429243,
      "fcf_margin_change": -0.1233457332916447
    },
    {
      "date": "2023-01-29T00:00:00",
      "quarter_label": "2023-01 (Q1)",
      "revenue": 6051000000,
      "gross_profit": 3833000000,
      "operating_income": 1256000000,
      "net_income": 1414000000,
      "opex": 2577000000,
      "cogs": 2218000000,
      "rd": 1952000000,
      "sga": 625000000,
      "fcf": 2248000000,
      "ocf": 2248000000,
      "capex": null,
      "gross_margin": 0.6334490166914559,
      "op_margin": 0.20756899686002314,
      "fcf_margin": 0.37150884151379937,
      "incr_op_margin_yoy": 1.0766331658291457,
      "rev_growth_yoy": -0.20829517205285883,
      "rev_growth_yoy_accel": -0.04329446812494106,
      "op_leverage_ratio": Infinity,
      "fcf_margin_change": 0.3054154339939882
    },
    {
      "date": "2023-04-30T00:00:00",
      "quarter_label": "2023-04 (Q2)",
      "revenue": 7192000000,
      "gross_profit": 4648000000,
      "operating_income": 2140000000,
      "net_income": 2043000000,
      "opex": 2508000000,
      "cogs": 2544000000,
      "rd": 1875000000,
      "sga": 633000000,
      "fcf": 2911000000,
      "ocf": 2911000000,
      "capex": null,
      "gross_margin": 0.646273637374861,
      "op_margin": 0.2975528364849833,
      "fcf_margin": 0.40475528364849833,
      "incr_op_margin_yoy": -0.24817518248175183,
      "rev_growth_yoy": -0.13223938223938225,
      "rev_growth_yoy_accel": 0.07605578981347658,
      "op_leverage_ratio": Infinity,
      "fcf_margin_change": 0.03324644213469896
    },
    {
      "date": "2023-07-30T00:00:00",
      "quarter_label": "2023-07 (Q3)",
      "revenue": 13507000000,
      "gross_profit": 9462000000,
      "operating_income": 6800000000,
      "net_income": 6188000000,
      "opex": 2662000000,
      "cogs": 4045000000,
      "rd": 2040000000,
      "sga": 622000000,
      "fcf": 6348000000,
      "ocf": 6348000000,
      "capex": null,
      "gross_margin": 0.7005256533649219,
      "op_margin": 0.5034426593618124,
      "fcf_margin": 0.46997852965129194,
      "incr_op_margin_yoy": 0.9262090254299574,
      "rev_growth_yoy": 1.0147673031026252,
      "rev_growth_yoy_accel": 1.1470066853420073,
      "op_leverage_ratio": 14.299817257269984,
      "fcf_margin_change": 0.06522324600279361
    },
    {
      "date": "2023-10-29T00:00:00",
      "quarter_label": "2023-10 (Q4)",
      "revenue": 18120000000,
      "gross_profit": 13400000000,
      "operating_income": 10417000000,
      "net_income": 9243000000,
      "opex": 2983000000,
      "cogs": 4720000000,
      "rd": 2294000000,
      "sga": 689000000,
      "fcf": 7332000000,
      "ocf": 7332000000,
      "capex": null,
      "gross_margin": 0.739514348785872,
      "op_margin": 0.5748896247240618,
      "fcf_margin": 0.40463576158940395,
      "incr_op_margin_yoy": 0.805316268766921,
      "rev_growth_yoy": 2.055134041476985,
      "rev_growth_yoy_accel": 1.04036673837436,
      "op_leverage_ratio": 2.8322238359387666,
      "fcf_margin_change": -0.06534276806188799
    },
    {
      "date": "2024-01-28T00:00:00",
      "quarter_label": "2024-01 (Q1)",
      "revenue": 22103000000,
      "gross_profit": 16791000000,
      "operating_income": 13614000000,
      "net_income": 12285000000,
      "opex": 3177000000,
      "cogs": 5312000000,
      "rd": 2465000000,
      "sga": 712000000,
      "fcf": 11499000000,
      "ocf": 11499000000,
      "capex": null,
      "gross_margin": 0.759670632945754,
      "op_margin": 0.6159344885309687,
      "fcf_margin": 0.5202461204361399,
      "incr_op_margin_yoy": 0.7698729130326439,
      "rev_growth_yoy": 2.6527846636919516,
      "rev_growth_yoy_accel": 0.5976506222149665,
      "op_leverage_ratio": 3.379898329578298,
      "fcf_margin_change": 0.11561035884673598
    },
    {
      "date": "2024-04-28T00:00:00",
      "quarter_label": "2024-04 (Q2)",
      "revenue": 26044000000,
      "gross_profit": 20406000000,
      "operating_income": 16909000000,
      "net_income": 14881000000,
      "opex": 3497000000,
      "cogs": 5638000000,
      "rd": 2720000000,
      "sga": 777000000,
      "fcf": 15345000000,
      "ocf": 15345000000,
      "capex": null,
      "gross_margin": 0.7835201965903855,
      "op_margin": 0.6492474274305022,
      "fcf_margin": 0.5891952081093534,
      "incr_op_margin_yoy": 0.7834182049649905,
      "rev_growth_yoy": 2.621245828698554,
      "rev_growth_yoy_accel": -0.031538834993397824,
      "op_leverage_ratio": 1.7702004535583407,
      "fcf_margin_change": 0.0689490876732135
    },
    {
      "date": "2024-07-28T00:00:00",
      "quarter_label": "2024-07 (Q3)",
      "revenue": 30040000000,
      "gross_profit": 22574000000,
      "operating_income": 18642000000,
      "net_income": 16599000000,
      "opex": 3932000000,
      "cogs": 7466000000,
      "rd": 3090000000,
      "sga": 842000000,
      "fcf": 14488000000,
      "ocf": 14488000000,
      "capex": null,
      "gross_margin": 0.7514647137150466,
      "op_margin": 0.620572569906791,
      "fcf_margin": 0.4822902796271638,
      "incr_op_margin_yoy": 0.716264440815339,
      "rev_growth_yoy": 1.2240319834160065,
      "rev_growth_yoy_accel": -1.3972138452825473,
      "op_leverage_ratio": 1.2334574380756174,
      "fcf_margin_change": -0.10690492848218963
    },
    {
      "date": "2024-10-27T00:00:00",
      "quarter_label": "2024-10 (Q4)",
      "revenue": 35082000000,
      "gross_profit": 26156000000,
      "operating_income": 21869000000,
      "net_income": 19309000000,
      "opex": 4287000000,
      "cogs": 8926000000,
      "rd": 3390000000,
      "sga": 897000000,
      "fcf": 17627000000,
      "ocf": 17627000000,
      "capex": null,
      "gross_margin": 0.7455675275069836,
      "op_margin": 0.6233681090017673,
      "fcf_margin": 0.5024513995781312,
      "incr_op_margin_yoy": 0.6751562315764651,
      "rev_growth_yoy": 0.936092715231788,
      "rev_growth_yoy_accel": -0.28793926818421844,
      "op_leverage_ratio": 1.8590371523414788,
      "fcf_margin_change": 0.02016111995096742
    },
    {
      "date": "2025-01-26T00:00:00",
      "quarter_label": "2025-01 (Q1)",
      "revenue": 39331000000,
      "gross_profit": 28723000000,
      "operating_income": 24034000000,
      "net_income": 22091000000,
      "opex": 4689000000,
      "cogs": 10608000000,
      "rd": 3714000000,
      "sga": 975000000,
      "fcf": 16629000000,
      "ocf": 16629000000,
      "capex": null,
      "gross_margin": 0.7302890849457171,
      "op_margin": 0.6110701482291322,
      "fcf_margin": 0.4227962675751951,
      "incr_op_margin_yoy": 0.6048293475737172,
      "rev_growth_yoy": 0.7794417047459621,
      "rev_growth_yoy_accel": -0.15665101048582597,
      "op_leverage_ratio": 1.291605296588717,
      "fcf_margin_change": -0.07965513200293611
    },
    {
      "date": "2025-04-27T00:00:00",
      "quarter_label": "2025-04 (Q2)",
      "revenue": 44062000000,
      "gross_profit": 26668000000,
      "operating_income": 21638000000,
      "net_income": 18775000000,
      "opex": 5030000000,
      "cogs": 17394000000,
      "rd": 3989000000,
      "sga": 1041000000,
      "fcf": 27414000000,
      "ocf": 27414000000,
      "capex": null,
      "gross_margin": 0.6052380736235304,
      "op_margin": 0.49108074985248057,
      "fcf_margin": 0.62216876219872,
      "incr_op_margin_yoy": 0.26245976245976244,
      "rev_growth_yoy": 0.6918292121025956,
      "rev_growth_yoy_accel": -0.08761249264336646,
      "op_leverage_ratio": 1.654031641073792,
      "fcf_margin_change": 0.19937249462352485
    },
    {
      "date": "2025-07-27T00:00:00",
      "quarter_label": "2025-07 (Q3)",
      "revenue": 46743000000,
      "gross_profit": 33853000000,
      "operating_income": 28440000000,
      "net_income": 26422000000,
      "opex": 5413000000,
      "cogs": 12890000000,
      "rd": 4291000000,
      "sga": 1122000000,
      "fcf": 15365000000,
      "ocf": 15365000000,
      "capex": null,
      "gross_margin": 0.724236784117408,
      "op_margin": 0.6084333483088377,
      "fcf_margin": 0.32871232056136745,
      "incr_op_margin_yoy": 0.5866012093635874,
      "rev_growth_yoy": 0.5560252996005326,
      "rev_growth_yoy_accel": -0.13580391250206303,
      "op_leverage_ratio": 0.7991012663973491,
      "fcf_margin_change": -0.2934564416373525
    },
    {
      "date": "2025-10-26T00:00:00",
      "quarter_label": "2025-10 (Q4)",
      "revenue": 57006000000,
      "gross_profit": 41849000000,
      "operating_income": 36010000000,
      "net_income": 31910000000,
      "opex": 5839000000,
      "cogs": 15157000000,
      "rd": 4705000000,
      "sga": 1134000000,
      "fcf": 23751000000,
      "ocf": 23751000000,
      "capex": null,
      "gross_margin": 0.7341157071185489,
      "op_margin": 0.6316878925025436,
      "fcf_margin": 0.41664035364698454,
      "incr_op_margin_yoy": 0.6450009122422915,
      "rev_growth_yoy": 0.624935864545921,
      "rev_growth_yoy_accel": 0.06891056494538839,
      "op_leverage_ratio": 2.7898841824022456,
      "fcf_margin_change": 0.08792803308561709
    }
  ],
  "signals": [
    {
      "quarter": "2025-10 (Q4)",
      "signal": "FCF MARGIN EXPANSION",
      "detail": "FCF margin: +32.9% -> +41.7% (+8.8%)",
      "severity": "MEDIUM"
    },
    {
      "quarter": "2025-10 (Q4)",
      "signal": "OPERATING LEVERAGE",
      "detail": "Rev growth +22.0% vs OpEx growth +7.9% (leverage: 2.8x)",
      "severity": "MEDIUM"
    },
    {
      "quarter": "2025-10 (Q4)",
      "signal": "YoY REVENUE GROWTH ACCELERATION",
      "detail": "YoY growth: +62.5% vs prior quarter YoY: +55.6% (accel: +6.9%)",
      "severity": "MEDIUM"
    },
    {
      "quarter": "2025-07 (Q3)",
      "signal": "GROSS MARGIN INFLECTION",
      "detail": "GM: +73.0% -> +60.5% -> +72.4% (reversal +11.9%)",
      "severity": "HIGH"
    },
    {
      "quarter": "2025-07 (Q3)",
      "signal": "YoY REVENUE GROWTH DECELERATION",
      "detail": "YoY growth: +55.6% vs prior quarter YoY: +69.2% (decel: -13.6%)",
      "severity": "WARNING"
    },
    {
      "quarter": "2025-04 (Q2)",
      "signal": "FCF MARGIN EXPANSION",
      "detail": "FCF margin: +42.3% -> +62.2% (+19.9%)",
      "severity": "MEDIUM"
    },
    {
      "quarter": "2025-04 (Q2)",
      "signal": "OPERATING LEVERAGE",
      "detail": "Rev growth +12.0% vs OpEx growth +7.3% (leverage: 1.7x)",
      "severity": "MEDIUM"
    },
    {
      "quarter": "2025-04 (Q2)",
      "signal": "YoY REVENUE GROWTH DECELERATION",
      "detail": "YoY growth: +69.2% vs prior quarter YoY: +77.9% (decel: -8.8%)",
      "severity": "WARNING"
    },
    {
      "quarter": "2025-01 (Q1)",
      "signal": "YoY REVENUE GROWTH DECELERATION",
      "detail": "YoY growth: +77.9% vs prior quarter YoY: +93.6% (decel: -15.7%)",
      "severity": "WARNING"
    },
    {
      "quarter": "2024-10 (Q4)",
      "signal": "OPERATING LEVERAGE",
      "detail": "Rev growth +16.8% vs OpEx growth +9.0% (leverage: 1.9x)",
      "severity": "MEDIUM"
    },
    {
      "quarter": "2024-10 (Q4)",
      "signal": "YoY REVENUE GROWTH DECELERATION",
      "detail": "YoY growth: +93.6% vs prior quarter YoY: +122.4% (decel: -28.8%)",
      "severity": "WARNING"
    },
    {
      "quarter": "2024-10 (Q4)",
      "signal": "INCREMENTAL MARGIN (YoY)",
      "detail": "YoY Incr OPM: +67.5% vs year-ago OPM: +57.5%",
      "severity": "MEDIUM"
    },
    {
      "quarter": "2024-07 (Q3)",
      "signal": "YoY REVENUE GROWTH DECELERATION",
      "detail": "YoY growth: +122.4% vs prior quarter YoY: +262.1% (decel: -139.7%)",
      "severity": "WARNING"
    },
    {
      "quarter": "2024-07 (Q3)",
      "signal": "INCREMENTAL MARGIN (YoY)",
      "detail": "YoY Incr OPM: +71.6% vs year-ago OPM: +50.3%",
      "severity": "HIGH"
    },
    {
      "quarter": "2024-04 (Q2)",
      "signal": "FCF MARGIN EXPANSION",
      "detail": "FCF margin: +52.0% -> +58.9% (+6.9%)",
      "severity": "MEDIUM"
    },
    {
      "quarter": "2024-04 (Q2)",
      "signal": "OPERATING LEVERAGE",
      "detail": "Rev growth +17.8% vs OpEx growth +10.1% (leverage: 1.8x)",
      "severity": "MEDIUM"
    },
    {
      "quarter": "2024-04 (Q2)",
      "signal": "INCREMENTAL MARGIN (YoY)",
      "detail": "YoY Incr OPM: +78.3% vs year-ago OPM: +29.8%",
      "severity": "HIGH"
    },
    {
      "quarter": "2024-01 (Q1)",
      "signal": "FCF MARGIN EXPANSION",
      "detail": "FCF margin: +40.5% -> +52.0% (+11.6%)",
      "severity": "MEDIUM"
    },
    {
      "quarter": "2024-01 (Q1)",
      "signal": "OPERATING LEVERAGE",
      "detail": "Rev growth +22.0% vs OpEx growth +6.5% (leverage: 3.4x)",
      "severity": "MEDIUM"
    },
    {
      "quarter": "2024-01 (Q1)",
      "signal": "YoY REVENUE GROWTH ACCELERATION",
      "detail": "YoY growth: +265.3% vs prior quarter YoY: +205.5% (accel: +59.8%)",
      "severity": "HIGH"
    },
    {
      "quarter": "2024-01 (Q1)",
      "signal": "INCREMENTAL MARGIN (YoY)",
      "detail": "YoY Incr OPM: +77.0% vs year-ago OPM: +20.8%",
      "severity": "HIGH"
    },
    {
      "quarter": "2023-10 (Q4)",
      "signal": "OPERATING LEVERAGE",
      "detail": "Rev growth +34.2% vs OpEx growth +12.1% (leverage: 2.8x)",
      "severity": "MEDIUM"
    },
    {
      "quarter": "2023-10 (Q4)",
      "signal": "YoY REVENUE GROWTH ACCELERATION",
      "detail": "YoY growth: +205.5% vs prior quarter YoY: +101.5% (accel: +104.0%)",
      "severity": "HIGH"
    },
    {
      "quarter": "2023-10 (Q4)",
      "signal": "INCREMENTAL MARGIN (YoY)",
      "detail": "YoY Incr OPM: +80.5% vs year-ago OPM: +10.1%",
      "severity": "HIGH"
    },
    {
      "quarter": "2023-07 (Q3)",
      "signal": "FCF MARGIN EXPANSION",
      "detail": "FCF margin: +40.5% -> +47.0% (+6.5%)",
      "severity": "MEDIUM"
    },
    {
      "quarter": "2023-07 (Q3)",
      "signal": "OPERATING LEVERAGE",
      "detail": "Rev growth +87.8% vs OpEx growth +6.1% (leverage: 14.3x)",
      "severity": "MEDIUM"
    },
    {
      "quarter": "2023-07 (Q3)",
      "signal": "YoY REVENUE GROWTH ACCELERATION",
      "detail": "YoY growth: +101.5% vs prior quarter YoY: -13.2% (accel: +114.7%)",
      "severity": "HIGH"
    },
    {
      "quarter": "2023-07 (Q3)",
      "signal": "INCREMENTAL MARGIN (YoY)",
      "detail": "YoY Incr OPM: +92.6% vs year-ago OPM: +7.4%",
      "severity": "HIGH"
    },
    {
      "quarter": "2023-04 (Q2)",
      "signal": "YoY REVENUE GROWTH ACCELERATION",
      "detail": "YoY growth: -13.2% vs prior quarter YoY: -20.8% (accel: +7.6%)",
      "severity": "MEDIUM"
    },
    {
      "quarter": "2023-01 (Q1)",
      "signal": "FCF MARGIN EXPANSION",
      "detail": "FCF margin: +6.6% -> +37.2% (+30.5%)",
      "severity": "MEDIUM"
    },
    {
      "quarter": "2023-01 (Q1)",
      "signal": "OPERATING LEVERAGE",
      "detail": "Rev growth +2.0% vs OpEx growth +0.0% (leverage: 52.1x)",
      "severity": "MEDIUM"
    },
    {
      "quarter": "2023-01 (Q1)",
      "signal": "INCREMENTAL MARGIN (YoY)",
      "detail": "YoY Incr OPM: +107.7% vs year-ago OPM: +38.9%",
      "severity": "HIGH"
    },
    {
      "quarter": "2022-10 (Q4)",
      "signal": "GROSS MARGIN INFLECTION",
      "detail": "GM: +65.5% -> +43.5% -> +53.6% (reversal +10.1%)",
      "severity": "HIGH"
    },
    {
      "quarter": "2022-10 (Q4)",
      "signal": "YoY REVENUE GROWTH DECELERATION",
      "detail": "YoY growth: -16.5% vs prior quarter YoY: +3.0% (decel: -19.5%)",
      "severity": "WARNING"
    },
    {
      "quarter": "2022-10 (Q4)",
      "signal": "INCREMENTAL MARGIN (YoY)",
      "detail": "YoY Incr OPM: +176.6% vs year-ago OPM: +37.6%",
      "severity": "HIGH"
    },
    {
      "quarter": "2022-07 (Q3)",
      "signal": "YoY REVENUE GROWTH DECELERATION",
      "detail": "YoY growth: +3.0% vs prior quarter YoY: +46.4% (decel: -43.4%)",
      "severity": "WARNING"
    },
    {
      "quarter": "2022-05 (Q2)",
      "signal": "YoY REVENUE GROWTH DECELERATION",
      "detail": "YoY growth: +46.4% vs prior quarter YoY: +52.8% (decel: -6.4%)",
      "severity": "WARNING"
    },
    {
      "quarter": "2022-01 (Q1)",
      "signal": "FCF MARGIN EXPANSION",
      "detail": "FCF margin: +21.4% -> +39.7% (+18.3%)",
      "severity": "MEDIUM"
    },
    {
      "quarter": "2022-01 (Q1)",
      "signal": "OPERATING LEVERAGE",
      "detail": "Rev growth +7.6% vs OpEx growth +3.5% (leverage: 2.2x)",
      "severity": "MEDIUM"
    },
    {
      "quarter": "2022-01 (Q1)",
      "signal": "INCREMENTAL MARGIN (YoY)",
      "detail": "YoY Incr OPM: +55.4% vs year-ago OPM: +30.1%",
      "severity": "HIGH"
    },
    {
      "quarter": "2021-08 (Q3)",
      "signal": "FCF MARGIN EXPANSION",
      "detail": "FCF margin: +33.1% -> +41.2% (+8.1%)",
      "severity": "MEDIUM"
    },
    {
      "quarter": "2021-08 (Q3)",
      "signal": "OPERATING LEVERAGE",
      "detail": "Rev growth +14.9% vs OpEx growth +5.9% (leverage: 2.6x)",
      "severity": "MEDIUM"
    },
    {
      "quarter": "2021-05 (Q2)",
      "signal": "OPERATING LEVERAGE",
      "detail": "Rev growth +13.2% vs OpEx growth +1.5% (leverage: 9.0x)",
      "severity": "MEDIUM"
    }
  ],
  "last_updated": "2026-02-03T14:48:01.211604"
}