{
  "ticker": "NVEC",
  "name": "NVE CORP",
  "quarters": [
    {
      "date": "2021-03-31T00:00:00",
      "quarter_label": "2021-03 (Q1)",
      "revenue": 5862837,
      "gross_profit": 4594133,
      "operating_income": 3516665,
      "net_income": 3134470,
      "opex": 1077468,
      "cogs": 1268704,
      "rd": 785590,
      "sga": 291878,
      "fcf": 4784664,
      "ocf": 4833764,
      "capex": -49100,
      "gross_margin": 0.7836023754370112,
      "op_margin": 0.599823089060808,
      "fcf_margin": 0.8161004646726491
    },
    {
      "date": "2021-06-30T00:00:00",
      "quarter_label": "2021-06 (Q2)",
      "revenue": 7153163,
      "gross_profit": 5383582,
      "operating_income": 4108822,
      "net_income": 3579566,
      "opex": 1274760,
      "cogs": 1769581,
      "rd": 808142,
      "sga": 466618,
      "fcf": 3274715,
      "ocf": 3300394,
      "capex": -25679,
      "gross_margin": 0.7526155911727441,
      "op_margin": 0.5744063150804756,
      "fcf_margin": 0.4577995776134278,
      "op_leverage_ratio": 1.2019503653095955,
      "fcf_margin_change": -0.35830088705922125
    },
    {
      "date": "2021-09-30T00:00:00",
      "quarter_label": "2021-09 (Q3)",
      "revenue": 6823462,
      "gross_profit": 5279328,
      "operating_income": 4088215,
      "net_income": 3646507,
      "opex": 1191113,
      "cogs": 1544134,
      "rd": 707997,
      "sga": 483116,
      "fcf": 3109565,
      "ocf": 3157802,
      "capex": -48237,
      "gross_margin": 0.773702264334439,
      "op_margin": 0.5991408759952059,
      "fcf_margin": 0.45571661423482684,
      "fcf_margin_change": -0.002082963378600977
    },
    {
      "date": "2021-12-31T00:00:00",
      "quarter_label": "2021-12 (Q4)",
      "revenue": 6290809,
      "gross_profit": 4905803,
      "operating_income": 4037152,
      "net_income": 3465407,
      "opex": 868651,
      "cogs": 1385006,
      "rd": 596492,
      "sga": 272159,
      "fcf": 2655733,
      "ocf": 2640134,
      "capex": 15599,
      "gross_margin": 0.7798365838161674,
      "op_margin": 0.6417540255951182,
      "fcf_margin": 0.42216080634462116,
      "fcf_margin_change": -0.03355580789020568
    },
    {
      "date": "2022-03-31T00:00:00",
      "quarter_label": "2022-03 (Q1)",
      "revenue": 6719537,
      "gross_profit": 5155167,
      "operating_income": 4094495,
      "net_income": 3816020,
      "opex": 1060672,
      "cogs": 1564370,
      "rd": 813244,
      "sga": 247428,
      "fcf": 2979087,
      "ocf": 3405349,
      "capex": -426262,
      "gross_margin": 0.7671908049617109,
      "op_margin": 0.6093418341174399,
      "fcf_margin": 0.44334706394205436,
      "rev_growth_yoy": 0.1461237963804895,
      "op_leverage_ratio": 0.3082988788777996,
      "fcf_margin_change": 0.0211862575974332
    },
    {
      "date": "2022-06-30T00:00:00",
      "quarter_label": "2022-06 (Q2)",
      "revenue": 7336407,
      "gross_profit": 5684560,
      "operating_income": 4711322,
      "net_income": 4140116,
      "opex": 973238,
      "cogs": 1651847,
      "rd": 601918,
      "sga": 371320,
      "fcf": 3306643,
      "ocf": 3331143,
      "capex": -24500,
      "gross_margin": 0.7748425080560553,
      "op_margin": 0.6421838374016055,
      "fcf_margin": 0.4507169517721686,
      "rev_growth_yoy": 0.025617198992948995,
      "rev_growth_yoy_accel": -0.1205065973875405,
      "op_leverage_ratio": Infinity,
      "fcf_margin_change": 0.007369887830114219
    },
    {
      "date": "2022-09-30T00:00:00",
      "quarter_label": "2022-09 (Q3)",
      "revenue": 10717824,
      "gross_profit": 8315043,
      "operating_income": 7209440,
      "net_income": 6090373,
      "opex": 1105603,
      "cogs": 2402781,
      "rd": 669978,
      "sga": 435625,
      "fcf": 6020095,
      "ocf": 6020095,
      "capex": null,
      "gross_margin": 0.7758144750277668,
      "op_margin": 0.6726589277823558,
      "fcf_margin": 0.5616900408142549,
      "incr_op_margin_yoy": 0.8014727444444045,
      "rev_growth_yoy": 0.5707311039469407,
      "rev_growth_yoy_accel": 0.5451139049539917,
      "op_leverage_ratio": 3.3889191564866663,
      "fcf_margin_change": 0.1109730890420863
    },
    {
      "date": "2022-12-31T00:00:00",
      "quarter_label": "2022-12 (Q4)",
      "revenue": 7401678,
      "gross_profit": 5923306,
      "operating_income": 4819248,
      "net_income": 4231324,
      "opex": 1104058,
      "cogs": 1478372,
      "rd": 700609,
      "sga": null,
      "fcf": 4514561,
      "ocf": 5397673,
      "capex": -883112,
      "gross_margin": 0.8002652911947804,
      "op_margin": 0.6511020879319527,
      "fcf_margin": 0.6099375033607244,
      "incr_op_margin_yoy": 0.7040398102746589,
      "rev_growth_yoy": 0.1765860320985743,
      "rev_growth_yoy_accel": -0.39414507184836645,
      "fcf_margin_change": 0.0482474625464695
    },
    {
      "date": "2023-03-31T00:00:00",
      "quarter_label": "2023-03 (Q1)",
      "revenue": 12797683,
      "gross_profit": 10268372,
      "operating_income": 8904173,
      "net_income": 8232644,
      "opex": 1364199,
      "cogs": 2529311,
      "rd": 611489,
      "sga": null,
      "fcf": 4314408,
      "ocf": 4342587,
      "capex": -28179,
      "gross_margin": 0.8023618025231598,
      "op_margin": 0.695764459863555,
      "fcf_margin": 0.33712414973866756,
      "incr_op_margin_yoy": 0.7913067570275542,
      "rev_growth_yoy": 0.9045483342081456,
      "rev_growth_yoy_accel": 0.7279623021095714,
      "op_leverage_ratio": 3.094035121807922,
      "fcf_margin_change": -0.27281335362205683
    },
    {
      "date": "2023-06-30T00:00:00",
      "quarter_label": "2023-06 (Q2)",
      "revenue": 8831414,
      "gross_profit": 6751791,
      "operating_income": 5368244,
      "net_income": 4403730,
      "opex": 1383547,
      "cogs": 2079623,
      "rd": 695992,
      "sga": null,
      "fcf": 5021171,
      "ocf": 5025302,
      "capex": -4131,
      "gross_margin": 0.7645198152866574,
      "op_margin": 0.6078578130297142,
      "fcf_margin": 0.568557990826837,
      "incr_op_margin_yoy": 0.43941065158892234,
      "rev_growth_yoy": 0.2037791796447498,
      "rev_growth_yoy_accel": -0.7007691545633958,
      "fcf_margin_change": 0.23143384108816945
    },
    {
      "date": "2023-09-30T00:00:00",
      "quarter_label": "2023-09 (Q3)",
      "revenue": 7133276,
      "gross_profit": 5533410,
      "operating_income": 4619343,
      "net_income": 4723566,
      "opex": 914067,
      "cogs": 1599866,
      "rd": 683208,
      "sga": null,
      "fcf": 5346916,
      "ocf": 5359516,
      "capex": -12600,
      "gross_margin": 0.7757179169851272,
      "op_margin": 0.6475766534198312,
      "fcf_margin": 0.7495736881623535,
      "incr_op_margin_yoy": 0.7225728320558129,
      "rev_growth_yoy": -0.33444736543537196,
      "rev_growth_yoy_accel": -0.5382265450801218,
      "fcf_margin_change": 0.18101569733551648
    },
    {
      "date": "2023-12-31T00:00:00",
      "quarter_label": "2023-12 (Q4)",
      "revenue": 6756260,
      "gross_profit": 5401193,
      "operating_income": 4470987,
      "net_income": 4184422,
      "opex": 930206,
      "cogs": 1355067,
      "rd": 540895,
      "sga": null,
      "fcf": 4730213,
      "ocf": 4730213,
      "capex": null,
      "gross_margin": 0.7994353384860855,
      "op_margin": 0.6617547282076178,
      "fcf_margin": 0.7001229970427426,
      "rev_growth_yoy": -0.08719887571439881,
      "rev_growth_yoy_accel": 0.24724848972097313,
      "fcf_margin_change": -0.04945069111961087
    },
    {
      "date": "2024-03-31T00:00:00",
      "quarter_label": "2024-03 (Q1)",
      "revenue": 7083229,
      "gross_profit": 5345252,
      "operating_income": 4060291,
      "net_income": 3812981,
      "opex": 1284961,
      "cogs": 1737977,
      "rd": 811339,
      "sga": null,
      "fcf": 3132380,
      "ocf": 3132380,
      "capex": null,
      "gross_margin": 0.7546349270932791,
      "op_margin": 0.573225996222909,
      "fcf_margin": 0.44222486665333,
      "incr_op_margin_yoy": 0.8476543865783153,
      "rev_growth_yoy": -0.4465225463077965,
      "rev_growth_yoy_accel": -0.35932367059339765,
      "op_leverage_ratio": 0.12689684842254598,
      "fcf_margin_change": -0.2578981303894126
    },
    {
      "date": "2024-06-30T00:00:00",
      "quarter_label": "2024-06 (Q2)",
      "revenue": 6783244,
      "gross_profit": 5807750,
      "operating_income": 4388818,
      "net_income": 4097587,
      "opex": 1418932,
      "cogs": 975494,
      "rd": 878528,
      "sga": null,
      "fcf": 4935758,
      "ocf": 5852392,
      "capex": -916634,
      "gross_margin": 0.8561906368103521,
      "op_margin": 0.6470087173629608,
      "fcf_margin": 0.7276397546660566,
      "incr_op_margin_yoy": 0.4781956575870167,
      "rev_growth_yoy": -0.23191869388073078,
      "rev_growth_yoy_accel": 0.2146038524270657,
      "fcf_margin_change": 0.2854148880127266
    },
    {
      "date": "2024-09-30T00:00:00",
      "quarter_label": "2024-09 (Q3)",
      "revenue": 6758690,
      "gross_profit": 5811436,
      "operating_income": 4395592,
      "net_income": 4026145,
      "opex": 1415844,
      "cogs": 947254,
      "rd": 847603,
      "sga": null,
      "fcf": 1924392,
      "ocf": 2133195,
      "capex": -208803,
      "gross_margin": 0.8598465087169259,
      "op_margin": 0.6503615345577324,
      "fcf_margin": 0.2847285494674264,
      "rev_growth_yoy": -0.052512478137674755,
      "rev_growth_yoy_accel": 0.179406215743056,
      "fcf_margin_change": -0.4429112051986302
    },
    {
      "date": "2024-12-31T00:00:00",
      "quarter_label": "2024-12 (Q4)",
      "revenue": 5063045,
      "gross_profit": 4265423,
      "operating_income": 2960963,
      "net_income": 3048410,
      "opex": 1304460,
      "cogs": 797622,
      "rd": 869677,
      "sga": null,
      "fcf": -6311870,
      "ocf": 3842466,
      "capex": -10154336,
      "gross_margin": 0.8424619966838138,
      "op_margin": 0.5848186219952617,
      "fcf_margin": -1.246654928012688,
      "incr_op_margin_yoy": 0.8918087779756263,
      "rev_growth_yoy": -0.25061424515930414,
      "rev_growth_yoy_accel": -0.19810176702162938,
      "fcf_margin_change": -1.5313834774801143
    },
    {
      "date": "2025-03-31T00:00:00",
      "quarter_label": "2025-03 (Q1)",
      "revenue": 7269715,
      "gross_profit": 5754305,
      "operating_income": 4248776,
      "net_income": 3892374,
      "opex": 1505529,
      "cogs": 1515410,
      "rd": 1039711,
      "sga": null,
      "fcf": 12505029,
      "ocf": 2482365,
      "capex": 10022664,
      "gross_margin": 0.791544785455826,
      "op_margin": 0.5844487713754941,
      "fcf_margin": 1.7201539537657253,
      "rev_growth_yoy": 0.02632782308746477,
      "rev_growth_yoy_accel": 0.2769420682467689,
      "op_leverage_ratio": 2.8275562400170444,
      "fcf_margin_change": 2.9668088817784133
    },
    {
      "date": "2025-06-30T00:00:00",
      "quarter_label": "2025-06 (Q2)",
      "revenue": 6104644,
      "gross_profit": 4922121,
      "operating_income": 3783250,
      "net_income": 3575818,
      "opex": 1138871,
      "cogs": 1182523,
      "rd": 720231,
      "sga": null,
      "fcf": 4132136,
      "ocf": 5190660,
      "capex": -1058524,
      "gross_margin": 0.8062912431912491,
      "op_margin": 0.6197331081058944,
      "fcf_margin": 0.6768840246867794,
      "rev_growth_yoy": -0.1000406295277009,
      "rev_growth_yoy_accel": -0.12636845261516566,
      "fcf_margin_change": -1.0432699290789458
    },
    {
      "date": "2025-09-30T00:00:00",
      "quarter_label": "2025-09 (Q3)",
      "revenue": 6346992,
      "gross_profit": 4968498,
      "operating_income": 3658109,
      "net_income": 3310838,
      "opex": 1310389,
      "cogs": 1378494,
      "rd": 873470,
      "sga": null,
      "fcf": 2722095,
      "ocf": 2792552,
      "capex": -70457,
      "gross_margin": 0.7828114483207164,
      "op_margin": 0.576353176433813,
      "fcf_margin": 0.428879538527857,
      "rev_growth_yoy": -0.06091387532199287,
      "rev_growth_yoy_accel": 0.039126754205708034,
      "op_leverage_ratio": 0.26359910284439847,
      "fcf_margin_change": -0.24800448615892245
    },
    {
      "date": "2025-12-31T00:00:00",
      "quarter_label": "2025-12 (Q4)",
      "revenue": 6224776,
      "gross_profit": 4892097,
      "operating_income": 3744376,
      "net_income": 3384642,
      "opex": 1147721,
      "cogs": 1332679,
      "rd": 795585,
      "sga": null,
      "fcf": -4791072,
      "ocf": 4188929,
      "capex": -8980001,
      "gross_margin": 0.7859073161829437,
      "op_margin": 0.6015278300777409,
      "fcf_margin": -0.7696778165190201,
      "incr_op_margin_yoy": 0.6743497418937775,
      "rev_growth_yoy": 0.2294530267852646,
      "rev_growth_yoy_accel": 0.29036690210725746,
      "fcf_margin_change": -1.198557355046877
    }
  ],
  "signals": [
    {
      "quarter": "2025-12 (Q4)",
      "signal": "YoY REVENUE GROWTH ACCELERATION",
      "detail": "YoY growth: +22.9% vs prior quarter YoY: -6.1% (accel: +29.0%)",
      "severity": "HIGH"
    },
    {
      "quarter": "2025-06 (Q2)",
      "signal": "YoY REVENUE GROWTH DECELERATION",
      "detail": "YoY growth: -10.0% vs prior quarter YoY: +2.6% (decel: -12.6%)",
      "severity": "WARNING"
    },
    {
      "quarter": "2025-03 (Q1)",
      "signal": "FCF TURNED POSITIVE",
      "detail": "FCF margin: -124.7% -> +172.0%",
      "severity": "HIGH"
    },
    {
      "quarter": "2025-03 (Q1)",
      "signal": "OPERATING LEVERAGE",
      "detail": "Rev growth +43.6% vs OpEx growth +15.4% (leverage: 2.8x)",
      "severity": "MEDIUM"
    },
    {
      "quarter": "2025-03 (Q1)",
      "signal": "YoY REVENUE GROWTH ACCELERATION",
      "detail": "YoY growth: +2.6% vs prior quarter YoY: -25.1% (accel: +27.7%)",
      "severity": "HIGH"
    },
    {
      "quarter": "2024-12 (Q4)",
      "signal": "YoY REVENUE GROWTH DECELERATION",
      "detail": "YoY growth: -25.1% vs prior quarter YoY: -5.3% (decel: -19.8%)",
      "severity": "WARNING"
    },
    {
      "quarter": "2024-12 (Q4)",
      "signal": "INCREMENTAL MARGIN (YoY)",
      "detail": "YoY Incr OPM: +89.2% vs year-ago OPM: +66.2%",
      "severity": "HIGH"
    },
    {
      "quarter": "2024-09 (Q3)",
      "signal": "YoY REVENUE GROWTH ACCELERATION",
      "detail": "YoY growth: -5.3% vs prior quarter YoY: -23.2% (accel: +17.9%)",
      "severity": "HIGH"
    },
    {
      "quarter": "2024-06 (Q2)",
      "signal": "FCF MARGIN EXPANSION",
      "detail": "FCF margin: +44.2% -> +72.8% (+28.5%)",
      "severity": "MEDIUM"
    },
    {
      "quarter": "2024-06 (Q2)",
      "signal": "GROSS MARGIN INFLECTION",
      "detail": "GM: +79.9% -> +75.5% -> +85.6% (reversal +10.2%)",
      "severity": "HIGH"
    },
    {
      "quarter": "2024-06 (Q2)",
      "signal": "YoY REVENUE GROWTH ACCELERATION",
      "detail": "YoY growth: -23.2% vs prior quarter YoY: -44.7% (accel: +21.5%)",
      "severity": "HIGH"
    },
    {
      "quarter": "2024-03 (Q1)",
      "signal": "YoY REVENUE GROWTH DECELERATION",
      "detail": "YoY growth: -44.7% vs prior quarter YoY: -8.7% (decel: -35.9%)",
      "severity": "WARNING"
    },
    {
      "quarter": "2024-03 (Q1)",
      "signal": "INCREMENTAL MARGIN (YoY)",
      "detail": "YoY Incr OPM: +84.8% vs year-ago OPM: +69.6%",
      "severity": "MEDIUM"
    },
    {
      "quarter": "2023-12 (Q4)",
      "signal": "YoY REVENUE GROWTH ACCELERATION",
      "detail": "YoY growth: -8.7% vs prior quarter YoY: -33.4% (accel: +24.7%)",
      "severity": "HIGH"
    },
    {
      "quarter": "2023-09 (Q3)",
      "signal": "FCF MARGIN EXPANSION",
      "detail": "FCF margin: +56.9% -> +75.0% (+18.1%)",
      "severity": "MEDIUM"
    },
    {
      "quarter": "2023-09 (Q3)",
      "signal": "YoY REVENUE GROWTH DECELERATION",
      "detail": "YoY growth: -33.4% vs prior quarter YoY: +20.4% (decel: -53.8%)",
      "severity": "WARNING"
    },
    {
      "quarter": "2023-06 (Q2)",
      "signal": "FCF MARGIN EXPANSION",
      "detail": "FCF margin: +33.7% -> +56.9% (+23.1%)",
      "severity": "MEDIUM"
    },
    {
      "quarter": "2023-06 (Q2)",
      "signal": "YoY REVENUE GROWTH DECELERATION",
      "detail": "YoY growth: +20.4% vs prior quarter YoY: +90.5% (decel: -70.1%)",
      "severity": "WARNING"
    },
    {
      "quarter": "2023-03 (Q1)",
      "signal": "OPERATING LEVERAGE",
      "detail": "Rev growth +72.9% vs OpEx growth +23.6% (leverage: 3.1x)",
      "severity": "MEDIUM"
    },
    {
      "quarter": "2023-03 (Q1)",
      "signal": "YoY REVENUE GROWTH ACCELERATION",
      "detail": "YoY growth: +90.5% vs prior quarter YoY: +17.7% (accel: +72.8%)",
      "severity": "HIGH"
    },
    {
      "quarter": "2023-03 (Q1)",
      "signal": "INCREMENTAL MARGIN (YoY)",
      "detail": "YoY Incr OPM: +79.1% vs year-ago OPM: +60.9%",
      "severity": "MEDIUM"
    },
    {
      "quarter": "2022-12 (Q4)",
      "signal": "YoY REVENUE GROWTH DECELERATION",
      "detail": "YoY growth: +17.7% vs prior quarter YoY: +57.1% (decel: -39.4%)",
      "severity": "WARNING"
    },
    {
      "quarter": "2022-09 (Q3)",
      "signal": "FCF MARGIN EXPANSION",
      "detail": "FCF margin: +45.1% -> +56.2% (+11.1%)",
      "severity": "MEDIUM"
    },
    {
      "quarter": "2022-09 (Q3)",
      "signal": "OPERATING LEVERAGE",
      "detail": "Rev growth +46.1% vs OpEx growth +13.6% (leverage: 3.4x)",
      "severity": "MEDIUM"
    },
    {
      "quarter": "2022-09 (Q3)",
      "signal": "YoY REVENUE GROWTH ACCELERATION",
      "detail": "YoY growth: +57.1% vs prior quarter YoY: +2.6% (accel: +54.5%)",
      "severity": "HIGH"
    },
    {
      "quarter": "2022-09 (Q3)",
      "signal": "INCREMENTAL MARGIN (YoY)",
      "detail": "YoY Incr OPM: +80.1% vs year-ago OPM: +59.9%",
      "severity": "HIGH"
    },
    {
      "quarter": "2022-06 (Q2)",
      "signal": "YoY REVENUE GROWTH DECELERATION",
      "detail": "YoY growth: +2.6% vs prior quarter YoY: +14.6% (decel: -12.1%)",
      "severity": "WARNING"
    },
    {
      "quarter": "2021-09 (Q3)",
      "signal": "GROSS MARGIN INFLECTION",
      "detail": "GM: +78.4% -> +75.3% -> +77.4% (reversal +2.1%)",
      "severity": "MEDIUM"
    }
  ],
  "data_quality": {
    "n_quarters": 20,
    "coverage": {
      "revenue": [
        20,
        20
      ],
      "gross_profit": [
        20,
        20
      ],
      "op_income": [
        20,
        20
      ],
      "fcf": [
        20,
        20
      ]
    },
    "gaps": [],
    "warnings": []
  },
  "market_cap": null,
  "source": "SEC EDGAR",
  "last_updated": "2026-02-02T22:38:52.324382",
  "sector": "Technology",
  "industry": "Semiconductors"
}