{
  "ticker": "NVRI",
  "name": "ENVIRI CORPORATION",
  "quarters": [
    {
      "date": "2020-12-31T00:00:00",
      "quarter_label": "2020-12 (Q4)",
      "revenue": 431500000,
      "gross_profit": 86800000,
      "operating_income": 11268000,
      "net_income": -6300000,
      "opex": 497076000,
      "cogs": null,
      "rd": 626000,
      "sga": 86708000,
      "fcf": -29586000,
      "ocf": 11542000,
      "capex": -41128000,
      "gross_margin": 0.20115874855156432,
      "op_margin": 0.0261135573580533,
      "fcf_margin": -0.06856546929316339
    },
    {
      "date": "2021-03-31T00:00:00",
      "quarter_label": "2021-03 (Q1)",
      "revenue": 528855000,
      "gross_profit": 89900000,
      "operating_income": 24824000,
      "net_income": 135000,
      "opex": 504031000,
      "cogs": null,
      "rd": 818000,
      "sga": 83043000,
      "fcf": -50555000,
      "ocf": -23173000,
      "capex": -27382000,
      "gross_margin": 0.16998988380557997,
      "op_margin": 0.04693914210889563,
      "fcf_margin": -0.09559331007554056,
      "op_leverage_ratio": 16.125126176971143,
      "fcf_margin_change": -0.027027840782377174
    },
    {
      "date": "2021-06-30T00:00:00",
      "quarter_label": "2021-06 (Q2)",
      "revenue": 569820000,
      "gross_profit": 93200000,
      "operating_income": 36219000,
      "net_income": 13388000,
      "opex": 533601000,
      "cogs": null,
      "rd": 628000,
      "sga": 82665000,
      "fcf": -4561000,
      "ocf": 36703000,
      "capex": -41264000,
      "gross_margin": 0.1635604225895897,
      "op_margin": 0.06356217752974623,
      "fcf_margin": -0.00800428205398196,
      "op_leverage_ratio": 1.3203293217284102,
      "fcf_margin_change": 0.0875890280215586
    },
    {
      "date": "2021-09-30T00:00:00",
      "quarter_label": "2021-09 (Q3)",
      "revenue": 544301000,
      "gross_profit": 95000000,
      "operating_income": 29920000,
      "net_income": 7564000,
      "opex": 514381000,
      "cogs": null,
      "rd": 764000,
      "sga": 82090000,
      "fcf": -7641000,
      "ocf": 33220000,
      "capex": -40861000,
      "gross_margin": 0.17453578075366388,
      "op_margin": 0.054969584843680246,
      "fcf_margin": -0.014038188428828901,
      "fcf_margin_change": -0.006033906374846942
    },
    {
      "date": "2021-12-31T00:00:00",
      "quarter_label": "2021-12 (Q4)",
      "revenue": 462100000,
      "gross_profit": 79700000,
      "operating_income": -2587000,
      "net_income": -24400000,
      "opex": 208010000,
      "cogs": null,
      "rd": -1254000,
      "sga": 24435000,
      "fcf": -23372000,
      "ocf": 25447000,
      "capex": -48819000,
      "gross_margin": 0.17247349058645314,
      "op_margin": -0.005598355334343216,
      "fcf_margin": -0.050577797013633415,
      "incr_op_margin_yoy": -0.4527777777777778,
      "rev_growth_yoy": 0.0709154113557358,
      "fcf_margin_change": -0.03653960858480451
    },
    {
      "date": "2022-03-31T00:00:00",
      "quarter_label": "2022-03 (Q1)",
      "revenue": 452797000,
      "gross_profit": 75778000,
      "operating_income": 7748000,
      "net_income": -39839000,
      "opex": 445049000,
      "cogs": 377019000,
      "rd": 56000,
      "sga": 69153000,
      "fcf": -67273000,
      "ocf": -34315000,
      "capex": -32958000,
      "gross_margin": 0.16735534908579341,
      "op_margin": 0.01711142079121549,
      "fcf_margin": -0.14857209742997413,
      "incr_op_margin_yoy": 0.22451287175576534,
      "rev_growth_yoy": -0.14381635798092104,
      "rev_growth_yoy_accel": -0.21473176933665683,
      "fcf_margin_change": -0.09799430041634072
    },
    {
      "date": "2022-06-30T00:00:00",
      "quarter_label": "2022-06 (Q2)",
      "revenue": 481052000,
      "gross_profit": 77853000,
      "operating_income": -97003000,
      "net_income": -105591000,
      "opex": 578055000,
      "cogs": 403199000,
      "rd": 296000,
      "sga": 67935000,
      "fcf": 123221000,
      "ocf": 152054000,
      "capex": -28833000,
      "gross_margin": 0.16183905274273883,
      "op_margin": -0.20164763892469006,
      "fcf_margin": 0.2561490233904027,
      "incr_op_margin_yoy": 1.5007885724585437,
      "rev_growth_yoy": -0.15578252781580149,
      "rev_growth_yoy_accel": -0.011966169834880441,
      "op_leverage_ratio": 0.20879897753142115,
      "fcf_margin_change": 0.4047211208203768
    },
    {
      "date": "2022-09-30T00:00:00",
      "quarter_label": "2022-09 (Q3)",
      "revenue": 486914000,
      "gross_profit": 94111000,
      "operating_income": 30123000,
      "net_income": 2079000,
      "opex": 456791000,
      "cogs": 392803000,
      "rd": 193000,
      "sga": 64146000,
      "fcf": -26432000,
      "ocf": 13422000,
      "capex": -39854000,
      "gross_margin": 0.1932805382470005,
      "op_margin": 0.06186513429476252,
      "fcf_margin": -0.05428474022106573,
      "incr_op_margin_yoy": -0.0035373865161099204,
      "rev_growth_yoy": -0.10543247210642641,
      "rev_growth_yoy_accel": 0.05035005570937508,
      "op_leverage_ratio": Infinity,
      "fcf_margin_change": -0.3104337636114684
    },
    {
      "date": "2022-12-31T00:00:00",
      "quarter_label": "2022-12 (Q4)",
      "revenue": 468302000,
      "gross_profit": 87988000,
      "operating_income": 1789000,
      "net_income": -36718000,
      "opex": 466513000,
      "cogs": 380314000,
      "rd": 145000,
      "sga": 66832000,
      "fcf": -16149000,
      "ocf": 19366000,
      "capex": -35515000,
      "gross_margin": 0.18788730349219093,
      "op_margin": 0.0038201844109143246,
      "fcf_margin": -0.03448415765894658,
      "incr_op_margin_yoy": 0.7055788455336988,
      "rev_growth_yoy": 0.013421337372863017,
      "rev_growth_yoy_accel": 0.11885380947928942,
      "fcf_margin_change": 0.019800582562119154
    },
    {
      "date": "2023-03-31T00:00:00",
      "quarter_label": "2023-03 (Q1)",
      "revenue": 495653000,
      "gross_profit": 94965000,
      "operating_income": 29005000,
      "net_income": -9525000,
      "opex": 466648000,
      "cogs": 400688000,
      "rd": 176000,
      "sga": 71935000,
      "fcf": 14766000,
      "ocf": 36912000,
      "capex": -22146000,
      "gross_margin": 0.19159573330535676,
      "op_margin": 0.05851876211785261,
      "fcf_margin": 0.029791002979907315,
      "incr_op_margin_yoy": 0.4960098935971626,
      "rev_growth_yoy": 0.09464727018951097,
      "rev_growth_yoy_accel": 0.08122593281664794,
      "op_leverage_ratio": Infinity,
      "fcf_margin_change": 0.0642751606388539
    },
    {
      "date": "2023-06-30T00:00:00",
      "quarter_label": "2023-06 (Q2)",
      "revenue": 520168000,
      "gross_profit": 113541000,
      "operating_income": 24315000,
      "net_income": -11439000,
      "opex": 495853000,
      "cogs": 406627000,
      "rd": 500000,
      "sga": 76850000,
      "fcf": -52917000,
      "ocf": -8722000,
      "capex": -44195000,
      "gross_margin": 0.21827755648175204,
      "op_margin": 0.04674451331108411,
      "fcf_margin": -0.10173059473093309,
      "incr_op_margin_yoy": 3.1014929951937824,
      "rev_growth_yoy": 0.0813134546784963,
      "rev_growth_yoy_accel": -0.013333815511014674,
      "op_leverage_ratio": 0.7902897636254355,
      "fcf_margin_change": -0.1315215977108404
    },
    {
      "date": "2023-09-30T00:00:00",
      "quarter_label": "2023-09 (Q3)",
      "revenue": 524588000,
      "gross_profit": 115845000,
      "operating_income": 29775000,
      "net_income": -10802000,
      "opex": 494813000,
      "cogs": 408743000,
      "rd": 271000,
      "sga": 84389000,
      "fcf": -9307000,
      "ocf": 17982000,
      "capex": -27289000,
      "gross_margin": 0.220830442175574,
      "op_margin": 0.05675882788016501,
      "fcf_margin": -0.017741541933860478,
      "incr_op_margin_yoy": -0.00923713967192228,
      "rev_growth_yoy": 0.07737300632144485,
      "rev_growth_yoy_accel": -0.003940448357051443,
      "fcf_margin_change": 0.08398905279707261
    },
    {
      "date": "2023-12-31T00:00:00",
      "quarter_label": "2023-12 (Q4)",
      "revenue": 528816000,
      "gross_profit": 111212000,
      "operating_income": 27919000,
      "net_income": -54355000,
      "opex": 500897000,
      "cogs": 417604000,
      "rd": 339000,
      "sga": 79209000,
      "fcf": 22881000,
      "ocf": 68276000,
      "capex": -45395000,
      "gross_margin": 0.21030377295694533,
      "op_margin": 0.05279530120117394,
      "fcf_margin": 0.04326835799219388,
      "incr_op_margin_yoy": 0.43180090557556927,
      "rev_growth_yoy": 0.12922003322642225,
      "rev_growth_yoy_accel": 0.0518470269049774,
      "fcf_margin_change": 0.061009899926054365
    },
    {
      "date": "2024-03-31T00:00:00",
      "quarter_label": "2024-03 (Q1)",
      "revenue": 600317000,
      "gross_profit": null,
      "operating_income": 25813000,
      "net_income": -17962000,
      "opex": 574504000,
      "cogs": null,
      "rd": 861000,
      "sga": 87126000,
      "fcf": -25533000,
      "ocf": 1348000,
      "capex": -26881000,
      "gross_margin": null,
      "op_margin": 0.04299894888867049,
      "fcf_margin": -0.04253252864736464,
      "incr_op_margin_yoy": -0.030497592295345103,
      "rev_growth_yoy": 0.21116385858655148,
      "rev_growth_yoy_accel": 0.08194382536012923,
      "op_leverage_ratio": 0.9201038375265242,
      "fcf_margin_change": -0.08580088663955852
    },
    {
      "date": "2024-06-30T00:00:00",
      "quarter_label": "2024-06 (Q2)",
      "revenue": 609993000,
      "gross_profit": null,
      "operating_income": 31255000,
      "net_income": -13601000,
      "opex": 578738000,
      "cogs": null,
      "rd": 943000,
      "sga": 90454000,
      "fcf": 5397000,
      "ocf": 39036000,
      "capex": -33639000,
      "gross_margin": null,
      "op_margin": 0.051238292898443095,
      "fcf_margin": 0.008847642513930488,
      "incr_op_margin_yoy": 0.07726134149735597,
      "rev_growth_yoy": 0.1726845942080251,
      "rev_growth_yoy_accel": -0.03847926437852639,
      "op_leverage_ratio": 2.187043498005013,
      "fcf_margin_change": 0.05138017116129513
    },
    {
      "date": "2024-09-30T00:00:00",
      "quarter_label": "2024-09 (Q3)",
      "revenue": 573627000,
      "gross_profit": null,
      "operating_income": 37372000,
      "net_income": -13168000,
      "opex": 536255000,
      "cogs": null,
      "rd": 888000,
      "sga": 89183000,
      "fcf": -40187000,
      "ocf": 1387000,
      "capex": -41574000,
      "gross_margin": null,
      "op_margin": 0.06515035031475157,
      "fcf_margin": -0.07005772043505623,
      "incr_op_margin_yoy": 0.1549175146312119,
      "rev_growth_yoy": 0.09348097935903986,
      "rev_growth_yoy_accel": -0.07920361484898523,
      "fcf_margin_change": -0.07890536294898672
    },
    {
      "date": "2024-12-31T00:00:00",
      "quarter_label": "2024-12 (Q4)",
      "revenue": 558708000,
      "gross_profit": null,
      "operating_income": -62695000,
      "net_income": -83242000,
      "opex": 621403000,
      "cogs": null,
      "rd": 1269000,
      "sga": 92625000,
      "fcf": 1795000,
      "ocf": 36292000,
      "capex": -34497000,
      "gross_margin": null,
      "op_margin": -0.11221425145156325,
      "fcf_margin": 0.003212769460970668,
      "incr_op_margin_yoy": -3.031379633346715,
      "rev_growth_yoy": 0.056526277571026594,
      "rev_growth_yoy_accel": -0.036954701788013265,
      "fcf_margin_change": 0.0732704898960269
    },
    {
      "date": "2025-03-31T00:00:00",
      "quarter_label": "2025-03 (Q1)",
      "revenue": 548284000,
      "gross_profit": null,
      "operating_income": 30655000,
      "net_income": -13396000,
      "opex": 517629000,
      "cogs": null,
      "rd": 467000,
      "sga": 89108000,
      "fcf": -15024000,
      "ocf": 6600000,
      "capex": -21624000,
      "gross_margin": null,
      "op_margin": 0.055910805349052684,
      "fcf_margin": -0.02740185743155007,
      "incr_op_margin_yoy": -0.09305632963696116,
      "rev_growth_yoy": -0.08667587291381054,
      "rev_growth_yoy_accel": -0.14320215048483714,
      "fcf_margin_change": -0.03061462689252074
    },
    {
      "date": "2025-06-30T00:00:00",
      "quarter_label": "2025-06 (Q2)",
      "revenue": 562254000,
      "gross_profit": null,
      "operating_income": -7191000,
      "net_income": -47607000,
      "opex": 569445000,
      "cogs": null,
      "rd": 995000,
      "sga": 95503000,
      "fcf": -17062000,
      "ocf": 21973000,
      "capex": -39035000,
      "gross_margin": null,
      "op_margin": -0.012789593315476635,
      "fcf_margin": -0.030345715637416542,
      "incr_op_margin_yoy": 0.8053373552022456,
      "rev_growth_yoy": -0.07826155382110943,
      "rev_growth_yoy_accel": 0.008414319092701114,
      "op_leverage_ratio": 0.2545338514990299,
      "fcf_margin_change": -0.0029438582058664703
    },
    {
      "date": "2025-09-30T00:00:00",
      "quarter_label": "2025-09 (Q3)",
      "revenue": 574815000,
      "gross_profit": null,
      "operating_income": 16480000,
      "net_income": -22313000,
      "opex": 558335000,
      "cogs": null,
      "rd": 878000,
      "sga": 93294000,
      "fcf": 2678000,
      "ocf": 34435000,
      "capex": -31757000,
      "gross_margin": null,
      "op_margin": 0.028670093856284197,
      "fcf_margin": 0.004658890251646182,
      "incr_op_margin_yoy": -17.585858585858585,
      "rev_growth_yoy": 0.002071032221286655,
      "rev_growth_yoy_accel": 0.08033258604239608,
      "op_leverage_ratio": Infinity,
      "fcf_margin_change": 0.03500460588906272
    }
  ],
  "signals": [
    {
      "quarter": "2025-09 (Q3)",
      "signal": "FCF TURNED POSITIVE",
      "detail": "FCF margin: -3.0% -> +0.5%",
      "severity": "HIGH"
    },
    {
      "quarter": "2025-09 (Q3)",
      "signal": "YoY REVENUE GROWTH ACCELERATION",
      "detail": "YoY growth: +0.2% vs prior quarter YoY: -7.8% (accel: +8.0%)",
      "severity": "MEDIUM"
    },
    {
      "quarter": "2025-09 (Q3)",
      "signal": "OP MARGIN TURNED POSITIVE (QoQ)",
      "detail": "Op margin: -1.3% -> +2.9%",
      "severity": "HIGH"
    },
    {
      "quarter": "2025-03 (Q1)",
      "signal": "YoY REVENUE GROWTH DECELERATION",
      "detail": "YoY growth: -8.7% vs prior quarter YoY: +5.7% (decel: -14.3%)",
      "severity": "WARNING"
    },
    {
      "quarter": "2025-03 (Q1)",
      "signal": "OP MARGIN TURNED POSITIVE (QoQ)",
      "detail": "Op margin: -11.2% -> +5.6%",
      "severity": "HIGH"
    },
    {
      "quarter": "2024-12 (Q4)",
      "signal": "FCF TURNED POSITIVE",
      "detail": "FCF margin: -7.0% -> +0.3%",
      "severity": "HIGH"
    },
    {
      "quarter": "2024-09 (Q3)",
      "signal": "YoY REVENUE GROWTH DECELERATION",
      "detail": "YoY growth: +9.3% vs prior quarter YoY: +17.3% (decel: -7.9%)",
      "severity": "WARNING"
    },
    {
      "quarter": "2024-06 (Q2)",
      "signal": "FCF TURNED POSITIVE",
      "detail": "FCF margin: -4.3% -> +0.9%",
      "severity": "HIGH"
    },
    {
      "quarter": "2024-06 (Q2)",
      "signal": "OPERATING LEVERAGE",
      "detail": "Rev growth +1.6% vs OpEx growth +0.7% (leverage: 2.2x)",
      "severity": "MEDIUM"
    },
    {
      "quarter": "2024-03 (Q1)",
      "signal": "YoY REVENUE GROWTH ACCELERATION",
      "detail": "YoY growth: +21.1% vs prior quarter YoY: +12.9% (accel: +8.2%)",
      "severity": "MEDIUM"
    },
    {
      "quarter": "2023-12 (Q4)",
      "signal": "FCF TURNED POSITIVE",
      "detail": "FCF margin: -1.8% -> +4.3%",
      "severity": "HIGH"
    },
    {
      "quarter": "2023-12 (Q4)",
      "signal": "YoY REVENUE GROWTH ACCELERATION",
      "detail": "YoY growth: +12.9% vs prior quarter YoY: +7.7% (accel: +5.2%)",
      "severity": "MEDIUM"
    },
    {
      "quarter": "2023-12 (Q4)",
      "signal": "INCREMENTAL MARGIN (YoY)",
      "detail": "YoY Incr OPM: +43.2% vs year-ago OPM: +0.4%",
      "severity": "HIGH"
    },
    {
      "quarter": "2023-09 (Q3)",
      "signal": "FCF MARGIN EXPANSION",
      "detail": "FCF margin: -10.2% -> -1.8% (+8.4%)",
      "severity": "MEDIUM"
    },
    {
      "quarter": "2023-06 (Q2)",
      "signal": "OP MARGIN TURNED POSITIVE (YoY)",
      "detail": "Op margin: -20.2% (year-ago) -> +4.7%",
      "severity": "HIGH"
    },
    {
      "quarter": "2023-03 (Q1)",
      "signal": "FCF TURNED POSITIVE",
      "detail": "FCF margin: -3.4% -> +3.0%",
      "severity": "HIGH"
    },
    {
      "quarter": "2023-03 (Q1)",
      "signal": "OPERATING LEVERAGE",
      "detail": "Rev growth +5.8% vs OpEx growth +0.0% (leverage: 201.8x)",
      "severity": "MEDIUM"
    },
    {
      "quarter": "2023-03 (Q1)",
      "signal": "YoY REVENUE GROWTH ACCELERATION",
      "detail": "YoY growth: +9.5% vs prior quarter YoY: +1.3% (accel: +8.1%)",
      "severity": "MEDIUM"
    },
    {
      "quarter": "2023-03 (Q1)",
      "signal": "INCREMENTAL MARGIN (YoY)",
      "detail": "YoY Incr OPM: +49.6% vs year-ago OPM: +1.7%",
      "severity": "HIGH"
    },
    {
      "quarter": "2022-12 (Q4)",
      "signal": "YoY REVENUE GROWTH ACCELERATION",
      "detail": "YoY growth: +1.3% vs prior quarter YoY: -10.5% (accel: +11.9%)",
      "severity": "MEDIUM"
    },
    {
      "quarter": "2022-12 (Q4)",
      "signal": "OP MARGIN TURNED POSITIVE (YoY)",
      "detail": "Op margin: -0.6% (year-ago) -> +0.4%",
      "severity": "HIGH"
    },
    {
      "quarter": "2022-09 (Q3)",
      "signal": "GROSS MARGIN INFLECTION",
      "detail": "GM: +16.7% -> +16.2% -> +19.3% (reversal +3.1%)",
      "severity": "MEDIUM"
    },
    {
      "quarter": "2022-09 (Q3)",
      "signal": "YoY REVENUE GROWTH ACCELERATION",
      "detail": "YoY growth: -10.5% vs prior quarter YoY: -15.6% (accel: +5.0%)",
      "severity": "MEDIUM"
    },
    {
      "quarter": "2022-09 (Q3)",
      "signal": "OP MARGIN TURNED POSITIVE (QoQ)",
      "detail": "Op margin: -20.2% -> +6.2%",
      "severity": "HIGH"
    },
    {
      "quarter": "2022-06 (Q2)",
      "signal": "FCF TURNED POSITIVE",
      "detail": "FCF margin: -14.9% -> +25.6%",
      "severity": "HIGH"
    },
    {
      "quarter": "2022-03 (Q1)",
      "signal": "YoY REVENUE GROWTH DECELERATION",
      "detail": "YoY growth: -14.4% vs prior quarter YoY: +7.1% (decel: -21.5%)",
      "severity": "WARNING"
    },
    {
      "quarter": "2022-03 (Q1)",
      "signal": "INCREMENTAL MARGIN (YoY)",
      "detail": "YoY Incr OPM: +22.5% vs year-ago OPM: +4.7%",
      "severity": "MEDIUM"
    },
    {
      "quarter": "2022-03 (Q1)",
      "signal": "OP MARGIN TURNED POSITIVE (QoQ)",
      "detail": "Op margin: -0.6% -> +1.7%",
      "severity": "HIGH"
    },
    {
      "quarter": "2021-06 (Q2)",
      "signal": "FCF MARGIN EXPANSION",
      "detail": "FCF margin: -9.6% -> -0.8% (+8.8%)",
      "severity": "MEDIUM"
    },
    {
      "quarter": "2021-03 (Q1)",
      "signal": "OPERATING LEVERAGE",
      "detail": "Rev growth +22.6% vs OpEx growth +1.4% (leverage: 16.1x)",
      "severity": "MEDIUM"
    }
  ],
  "data_quality": {
    "n_quarters": 20,
    "coverage": {
      "revenue": [
        20,
        20
      ],
      "gross_profit": [
        13,
        20
      ],
      "op_income": [
        20,
        20
      ],
      "fcf": [
        20,
        20
      ]
    },
    "gaps": [],
    "warnings": [
      "gross_profit: 13/20Q"
    ]
  },
  "market_cap": null,
  "source": "SEC EDGAR",
  "last_updated": "2026-02-02T21:48:02.610969",
  "sector": "Industrials",
  "industry": "Waste Management"
}