{
  "ticker": "NVST",
  "name": "ENVISTA HOLDINGS CORPORATION",
  "quarters": [
    {
      "date": "2020-12-31T00:00:00",
      "quarter_label": "2020-12 (Q4)",
      "revenue": 732300000,
      "gross_profit": 388500000,
      "operating_income": 96800000,
      "net_income": 108400000,
      "opex": 291700000,
      "cogs": 343800000,
      "rd": 27100000,
      "sga": 264600000,
      "fcf": 180300000,
      "ocf": 193400000,
      "capex": -13100000,
      "gross_margin": 0.5305202785743548,
      "op_margin": 0.13218626246074014,
      "fcf_margin": 0.2462105694387546
    },
    {
      "date": "2021-04-02T00:00:00",
      "quarter_label": "2021-04 (Q2)",
      "revenue": 709200000,
      "gross_profit": 397300000,
      "operating_income": 108300000,
      "net_income": 71700000,
      "opex": 289000000,
      "cogs": 311900000,
      "rd": 30100000,
      "sga": 258900000,
      "fcf": 8300000,
      "ocf": 16600000,
      "capex": -8300000,
      "gross_margin": 0.5602086858432036,
      "op_margin": 0.1527072758037225,
      "fcf_margin": 0.011703327693175409,
      "fcf_margin_change": -0.2345072417455792
    },
    {
      "date": "2021-07-02T00:00:00",
      "quarter_label": "2021-07 (Q3)",
      "revenue": 740100000,
      "gross_profit": 411900000,
      "operating_income": 98500000,
      "net_income": 90100000,
      "opex": 313400000,
      "cogs": 328200000,
      "rd": 30300000,
      "sga": 283100000,
      "fcf": 100500000,
      "ocf": 120700000,
      "capex": -20200000,
      "gross_margin": 0.5565464126469396,
      "op_margin": 0.13309012295635725,
      "fcf_margin": 0.13579246047831375,
      "op_leverage_ratio": 0.5160571135336052,
      "fcf_margin_change": 0.12408913278513835
    },
    {
      "date": "2021-10-01T00:00:00",
      "quarter_label": "2021-10 (Q4)",
      "revenue": 607300000,
      "gross_profit": 356300000,
      "operating_income": 81700000,
      "net_income": 92900000,
      "opex": 274600000,
      "cogs": 251000000,
      "rd": 24000000,
      "sga": 250600000,
      "fcf": 70800000,
      "ocf": 88300000,
      "capex": -17500000,
      "gross_margin": 0.5866952082990284,
      "op_margin": 0.13452988638234809,
      "fcf_margin": 0.11658159064712663,
      "fcf_margin_change": -0.019210869831187125
    },
    {
      "date": "2021-12-31T00:00:00",
      "quarter_label": "2021-12 (Q4)",
      "revenue": 651800000,
      "gross_profit": 343200000,
      "operating_income": 46100000,
      "net_income": 85800000,
      "opex": 297100000,
      "cogs": 308600000,
      "rd": 24800000,
      "sga": 272300000,
      "fcf": 127300000,
      "ocf": 136000000,
      "capex": -8700000,
      "gross_margin": 0.5265418840135011,
      "op_margin": 0.07072721693771096,
      "fcf_margin": 0.1953053083768027,
      "incr_op_margin_yoy": 0.6298136645962733,
      "rev_growth_yoy": -0.10992762529018162,
      "op_leverage_ratio": 0.8942825255685457,
      "fcf_margin_change": 0.07872371772967608
    },
    {
      "date": "2022-04-01T00:00:00",
      "quarter_label": "2022-04 (Q2)",
      "revenue": 631400000,
      "gross_profit": 374100000,
      "operating_income": 91500000,
      "net_income": 74900000,
      "opex": 282600000,
      "cogs": 257300000,
      "rd": 24400000,
      "sga": 258200000,
      "fcf": -16300000,
      "ocf": 3500000,
      "capex": -19800000,
      "gross_margin": 0.5924928729806779,
      "op_margin": 0.1449160595502059,
      "fcf_margin": -0.02581564776686728,
      "incr_op_margin_yoy": 0.2159383033419023,
      "rev_growth_yoy": -0.10970107163000564,
      "rev_growth_yoy_accel": 0.00022655366017597378,
      "fcf_margin_change": -0.22112095614367
    },
    {
      "date": "2022-07-01T00:00:00",
      "quarter_label": "2022-07 (Q3)",
      "revenue": 645800000,
      "gross_profit": 369800000,
      "operating_income": 65200000,
      "net_income": 47100000,
      "opex": 304600000,
      "cogs": 276000000,
      "rd": 25100000,
      "sga": 279500000,
      "fcf": 10100000,
      "ocf": 22200000,
      "capex": -12100000,
      "gross_margin": 0.5726231031279033,
      "op_margin": 0.10096004955094456,
      "fcf_margin": 0.01563951687829049,
      "incr_op_margin_yoy": 0.3531283138918346,
      "rev_growth_yoy": -0.12741521416024862,
      "rev_growth_yoy_accel": -0.017714142530242977,
      "op_leverage_ratio": 0.2929593687908544,
      "fcf_margin_change": 0.04145516464515777
    },
    {
      "date": "2022-09-30T00:00:00",
      "quarter_label": "2022-09 (Q3)",
      "revenue": 631100000,
      "gross_profit": 364700000,
      "operating_income": 74500000,
      "net_income": 47600000,
      "opex": 290200000,
      "cogs": 266400000,
      "rd": 26000000,
      "sga": 264200000,
      "fcf": 19800000,
      "ocf": 46700000,
      "capex": -26900000,
      "gross_margin": 0.5778798922516242,
      "op_margin": 0.11804785295515766,
      "fcf_margin": 0.031373791792109015,
      "incr_op_margin_yoy": -0.3025210084033613,
      "rev_growth_yoy": 0.039189856742960646,
      "rev_growth_yoy_accel": 0.16660507090320925,
      "fcf_margin_change": 0.015734274913818524
    },
    {
      "date": "2022-12-31T00:00:00",
      "quarter_label": "2022-12 (Q4)",
      "revenue": 660800000,
      "gross_profit": 366200000,
      "operating_income": 88000000,
      "net_income": 73500000,
      "opex": 278200000,
      "cogs": 294600000,
      "rd": 24600000,
      "sga": 253600000,
      "fcf": 93400000,
      "ocf": 110300000,
      "capex": -16900000,
      "gross_margin": 0.5541767554479419,
      "op_margin": 0.13317191283292978,
      "fcf_margin": 0.14134382566585957,
      "incr_op_margin_yoy": 4.655555555555556,
      "rev_growth_yoy": 0.013807916538815588,
      "rev_growth_yoy_accel": -0.02538194020414506,
      "op_leverage_ratio": Infinity,
      "fcf_margin_change": 0.10997003387375055
    },
    {
      "date": "2023-03-31T00:00:00",
      "quarter_label": "2023-03 (Q1)",
      "revenue": 627200000,
      "gross_profit": 362700000,
      "operating_income": 72100000,
      "net_income": 43800000,
      "opex": 290600000,
      "cogs": 264500000,
      "rd": 24500000,
      "sga": 266100000,
      "fcf": -14400000,
      "ocf": 3100000,
      "capex": -17500000,
      "gross_margin": 0.5782844387755102,
      "op_margin": 0.11495535714285714,
      "fcf_margin": -0.02295918367346939,
      "incr_op_margin_yoy": 4.619047619047619,
      "rev_growth_yoy": -0.0066518847006651885,
      "rev_growth_yoy_accel": -0.020459801239480775,
      "fcf_margin_change": -0.16430300933932895
    },
    {
      "date": "2023-06-30T00:00:00",
      "quarter_label": "2023-06 (Q2)",
      "revenue": 662400000,
      "gross_profit": 378600000,
      "operating_income": 78900000,
      "net_income": 51900000,
      "opex": 299700000,
      "cogs": 283800000,
      "rd": 26800000,
      "sga": 272900000,
      "fcf": 61000000,
      "ocf": 75100000,
      "capex": -14100000,
      "gross_margin": 0.5715579710144928,
      "op_margin": 0.11911231884057971,
      "fcf_margin": 0.09208937198067634,
      "incr_op_margin_yoy": 0.8253012048192772,
      "rev_growth_yoy": 0.0257045524930319,
      "rev_growth_yoy_accel": 0.03235643719369709,
      "op_leverage_ratio": 1.7922179860955372,
      "fcf_margin_change": 0.11504855565414572
    },
    {
      "date": "2023-09-29T00:00:00",
      "quarter_label": "2023-09 (Q3)",
      "revenue": 631300000,
      "gross_profit": 363300000,
      "operating_income": 83300000,
      "net_income": 21500000,
      "opex": 280000000,
      "cogs": 268000000,
      "rd": 22300000,
      "sga": 257700000,
      "fcf": 77100000,
      "ocf": 95500000,
      "capex": -18400000,
      "gross_margin": 0.5754791699667353,
      "op_margin": 0.13194994455884682,
      "fcf_margin": 0.12212894028195787,
      "rev_growth_yoy": 0.00031690698779908097,
      "rev_growth_yoy_accel": -0.025387645505232818,
      "fcf_margin_change": 0.03003956830128153
    },
    {
      "date": "2023-12-31T00:00:00",
      "quarter_label": "2023-12 (Q4)",
      "revenue": 645600000,
      "gross_profit": 335900000,
      "operating_income": -202800000,
      "net_income": -217400000,
      "opex": 538700000,
      "cogs": 309700000,
      "rd": 20200000,
      "sga": 260200000,
      "fcf": 93800000,
      "ocf": 102000000,
      "capex": -8200000,
      "gross_margin": 0.5202912019826518,
      "op_margin": -0.3141263940520446,
      "fcf_margin": 0.1452912019826518,
      "incr_op_margin_yoy": 19.13157894736842,
      "rev_growth_yoy": -0.023002421307506054,
      "rev_growth_yoy_accel": -0.023319328295305135,
      "op_leverage_ratio": 0.02451669085169233,
      "fcf_margin_change": 0.023162261700693937
    },
    {
      "date": "2024-03-29T00:00:00",
      "quarter_label": "2024-03 (Q1)",
      "revenue": 623600000,
      "gross_profit": 356300000,
      "operating_income": 48100000,
      "net_income": 23600000,
      "opex": 308200000,
      "cogs": 267300000,
      "rd": 23300000,
      "sga": 284900000,
      "fcf": 29300000,
      "ocf": 40300000,
      "capex": -11000000,
      "gross_margin": 0.5713598460551635,
      "op_margin": 0.07713277742142399,
      "fcf_margin": 0.04698524695317511,
      "incr_op_margin_yoy": 6.666666666666667,
      "rev_growth_yoy": -0.005739795918367347,
      "rev_growth_yoy_accel": 0.017262625389138708,
      "fcf_margin_change": -0.0983059550294767
    },
    {
      "date": "2024-06-28T00:00:00",
      "quarter_label": "2024-06 (Q2)",
      "revenue": 633100000,
      "gross_profit": 326600000,
      "operating_income": -1153300000,
      "net_income": -1151600000,
      "opex": 1479900000,
      "cogs": 306500000,
      "rd": 23600000,
      "sga": 302500000,
      "fcf": 86300000,
      "ocf": 93100000,
      "capex": -6800000,
      "gross_margin": 0.5158742694676987,
      "op_margin": -1.821671141999684,
      "fcf_margin": 0.13631337861317327,
      "incr_op_margin_yoy": 42.05460750853242,
      "rev_growth_yoy": -0.044233091787439616,
      "rev_growth_yoy_accel": -0.03849329586907227,
      "op_leverage_ratio": 0.004007132501511074,
      "fcf_margin_change": 0.08932813165999817
    },
    {
      "date": "2024-09-27T00:00:00",
      "quarter_label": "2024-09 (Q3)",
      "revenue": 601000000,
      "gross_profit": 317300000,
      "operating_income": 20900000,
      "net_income": 8200000,
      "opex": 296400000,
      "cogs": 283700000,
      "rd": 25500000,
      "sga": 270900000,
      "fcf": 63300000,
      "ocf": 70700000,
      "capex": -7400000,
      "gross_margin": 0.5279534109816971,
      "op_margin": 0.03477537437603993,
      "fcf_margin": 0.10532445923460898,
      "incr_op_margin_yoy": 2.0594059405940595,
      "rev_growth_yoy": -0.047996198320925075,
      "rev_growth_yoy_accel": -0.0037631065334854594,
      "fcf_margin_change": -0.030988919378564295
    },
    {
      "date": "2024-12-31T00:00:00",
      "quarter_label": "2024-12 (Q4)",
      "revenue": 652900000,
      "gross_profit": 372500000,
      "operating_income": 46100000,
      "net_income": 1200000,
      "opex": 326400000,
      "cogs": 280400000,
      "rd": 26700000,
      "sga": 299700000,
      "fcf": 123800000,
      "ocf": 132400000,
      "capex": -8600000,
      "gross_margin": 0.5705314749578803,
      "op_margin": 0.07060805636391485,
      "fcf_margin": 0.18961556134170623,
      "incr_op_margin_yoy": 34.0958904109589,
      "rev_growth_yoy": 0.011307311028500619,
      "rev_growth_yoy_accel": 0.059303509349425694,
      "op_leverage_ratio": 0.853198003327787,
      "fcf_margin_change": 0.08429110210709725
    },
    {
      "date": "2025-03-28T00:00:00",
      "quarter_label": "2025-03 (Q1)",
      "revenue": 616900000,
      "gross_profit": 336000000,
      "operating_income": 39000000,
      "net_income": 18000000,
      "opex": 297000000,
      "cogs": 280900000,
      "rd": 25300000,
      "sga": 271700000,
      "fcf": -5600000,
      "ocf": 300000,
      "capex": -5900000,
      "gross_margin": 0.5446587777597666,
      "op_margin": 0.06321932241854433,
      "fcf_margin": -0.00907764629599611,
      "incr_op_margin_yoy": 1.3582089552238805,
      "rev_growth_yoy": -0.010744066709429121,
      "rev_growth_yoy_accel": -0.022051377737929742,
      "fcf_margin_change": -0.19869320763770235
    },
    {
      "date": "2025-06-27T00:00:00",
      "quarter_label": "2025-06 (Q2)",
      "revenue": 682100000,
      "gross_profit": 369900000,
      "operating_income": 46300000,
      "net_income": 26400000,
      "opex": 323600000,
      "cogs": 312200000,
      "rd": 28300000,
      "sga": 295300000,
      "fcf": 76400000,
      "ocf": 88700000,
      "capex": -12300000,
      "gross_margin": 0.5422958510482334,
      "op_margin": 0.06787861017446123,
      "fcf_margin": 0.11200703709133558,
      "incr_op_margin_yoy": 24.481632653061226,
      "rev_growth_yoy": 0.07739693571315748,
      "rev_growth_yoy_accel": 0.0881410024225866,
      "op_leverage_ratio": 1.1800696424153267,
      "fcf_margin_change": 0.12108468338733169
    },
    {
      "date": "2025-09-26T00:00:00",
      "quarter_label": "2025-09 (Q3)",
      "revenue": 669900000,
      "gross_profit": 370200000,
      "operating_income": 57500000,
      "net_income": -30300000,
      "opex": 312700000,
      "cogs": 299700000,
      "rd": 28300000,
      "sga": 284400000,
      "fcf": 67900000,
      "ocf": 78700000,
      "capex": -10800000,
      "gross_margin": 0.5526197939991043,
      "op_margin": 0.0858337065233617,
      "fcf_margin": 0.1013584117032393,
      "incr_op_margin_yoy": 0.5312046444121916,
      "rev_growth_yoy": 0.1146422628951747,
      "rev_growth_yoy_accel": 0.03724532718201723,
      "fcf_margin_change": -0.010648625388096286
    }
  ],
  "signals": [
    {
      "quarter": "2025-09 (Q3)",
      "signal": "INCREMENTAL MARGIN (YoY)",
      "detail": "YoY Incr OPM: +53.1% vs year-ago OPM: +3.5%",
      "severity": "HIGH"
    },
    {
      "quarter": "2025-06 (Q2)",
      "signal": "FCF TURNED POSITIVE",
      "detail": "FCF margin: -0.9% -> +11.2%",
      "severity": "HIGH"
    },
    {
      "quarter": "2025-06 (Q2)",
      "signal": "YoY REVENUE GROWTH ACCELERATION",
      "detail": "YoY growth: +7.7% vs prior quarter YoY: -1.1% (accel: +8.8%)",
      "severity": "MEDIUM"
    },
    {
      "quarter": "2025-06 (Q2)",
      "signal": "OP MARGIN TURNED POSITIVE (YoY)",
      "detail": "Op margin: -182.2% (year-ago) -> +6.8%",
      "severity": "HIGH"
    },
    {
      "quarter": "2025-03 (Q1)",
      "signal": "INCREMENTAL MARGIN (YoY)",
      "detail": "YoY Incr OPM: +135.8% vs year-ago OPM: +7.7%",
      "severity": "HIGH"
    },
    {
      "quarter": "2024-12 (Q4)",
      "signal": "FCF MARGIN EXPANSION",
      "detail": "FCF margin: +10.5% -> +19.0% (+8.4%)",
      "severity": "MEDIUM"
    },
    {
      "quarter": "2024-12 (Q4)",
      "signal": "YoY REVENUE GROWTH ACCELERATION",
      "detail": "YoY growth: +1.1% vs prior quarter YoY: -4.8% (accel: +5.9%)",
      "severity": "MEDIUM"
    },
    {
      "quarter": "2024-12 (Q4)",
      "signal": "OP MARGIN TURNED POSITIVE (YoY)",
      "detail": "Op margin: -31.4% (year-ago) -> +7.1%",
      "severity": "HIGH"
    },
    {
      "quarter": "2024-09 (Q3)",
      "signal": "INCREMENTAL MARGIN (YoY)",
      "detail": "YoY Incr OPM: +205.9% vs year-ago OPM: +13.2%",
      "severity": "HIGH"
    },
    {
      "quarter": "2024-09 (Q3)",
      "signal": "OP MARGIN TURNED POSITIVE (QoQ)",
      "detail": "Op margin: -182.2% -> +3.5%",
      "severity": "HIGH"
    },
    {
      "quarter": "2024-06 (Q2)",
      "signal": "FCF MARGIN EXPANSION",
      "detail": "FCF margin: +4.7% -> +13.6% (+8.9%)",
      "severity": "MEDIUM"
    },
    {
      "quarter": "2024-03 (Q1)",
      "signal": "GROSS MARGIN INFLECTION",
      "detail": "GM: +57.5% -> +52.0% -> +57.1% (reversal +5.1%)",
      "severity": "HIGH"
    },
    {
      "quarter": "2024-03 (Q1)",
      "signal": "INCREMENTAL MARGIN (YoY)",
      "detail": "YoY Incr OPM: +666.7% vs year-ago OPM: +11.5%",
      "severity": "HIGH"
    },
    {
      "quarter": "2024-03 (Q1)",
      "signal": "OP MARGIN TURNED POSITIVE (QoQ)",
      "detail": "Op margin: -31.4% -> +7.7%",
      "severity": "HIGH"
    },
    {
      "quarter": "2023-06 (Q2)",
      "signal": "FCF TURNED POSITIVE",
      "detail": "FCF margin: -2.3% -> +9.2%",
      "severity": "HIGH"
    },
    {
      "quarter": "2023-06 (Q2)",
      "signal": "OPERATING LEVERAGE",
      "detail": "Rev growth +5.6% vs OpEx growth +3.1% (leverage: 1.8x)",
      "severity": "MEDIUM"
    },
    {
      "quarter": "2023-06 (Q2)",
      "signal": "INCREMENTAL MARGIN (YoY)",
      "detail": "YoY Incr OPM: +82.5% vs year-ago OPM: +10.1%",
      "severity": "HIGH"
    },
    {
      "quarter": "2023-03 (Q1)",
      "signal": "GROSS MARGIN INFLECTION",
      "detail": "GM: +57.8% -> +55.4% -> +57.8% (reversal +2.4%)",
      "severity": "MEDIUM"
    },
    {
      "quarter": "2023-03 (Q1)",
      "signal": "INCREMENTAL MARGIN (YoY)",
      "detail": "YoY Incr OPM: +461.9% vs year-ago OPM: +14.5%",
      "severity": "HIGH"
    },
    {
      "quarter": "2022-12 (Q4)",
      "signal": "FCF MARGIN EXPANSION",
      "detail": "FCF margin: +3.1% -> +14.1% (+11.0%)",
      "severity": "MEDIUM"
    },
    {
      "quarter": "2022-12 (Q4)",
      "signal": "INCREMENTAL MARGIN (YoY)",
      "detail": "YoY Incr OPM: +465.6% vs year-ago OPM: +7.1%",
      "severity": "HIGH"
    },
    {
      "quarter": "2022-09 (Q3)",
      "signal": "YoY REVENUE GROWTH ACCELERATION",
      "detail": "YoY growth: +3.9% vs prior quarter YoY: -12.7% (accel: +16.7%)",
      "severity": "HIGH"
    },
    {
      "quarter": "2022-07 (Q3)",
      "signal": "FCF TURNED POSITIVE",
      "detail": "FCF margin: -2.6% -> +1.6%",
      "severity": "HIGH"
    },
    {
      "quarter": "2022-07 (Q3)",
      "signal": "INCREMENTAL MARGIN (YoY)",
      "detail": "YoY Incr OPM: +35.3% vs year-ago OPM: +13.3%",
      "severity": "HIGH"
    },
    {
      "quarter": "2022-04 (Q2)",
      "signal": "GROSS MARGIN INFLECTION",
      "detail": "GM: +58.7% -> +52.7% -> +59.2% (reversal +6.6%)",
      "severity": "HIGH"
    },
    {
      "quarter": "2021-12 (Q4)",
      "signal": "FCF MARGIN EXPANSION",
      "detail": "FCF margin: +11.7% -> +19.5% (+7.9%)",
      "severity": "MEDIUM"
    },
    {
      "quarter": "2021-12 (Q4)",
      "signal": "INCREMENTAL MARGIN (YoY)",
      "detail": "YoY Incr OPM: +63.0% vs year-ago OPM: +13.2%",
      "severity": "HIGH"
    },
    {
      "quarter": "2021-10 (Q4)",
      "signal": "GROSS MARGIN INFLECTION",
      "detail": "GM: +56.0% -> +55.7% -> +58.7% (reversal +3.0%)",
      "severity": "MEDIUM"
    },
    {
      "quarter": "2021-07 (Q3)",
      "signal": "FCF MARGIN EXPANSION",
      "detail": "FCF margin: +1.2% -> +13.6% (+12.4%)",
      "severity": "MEDIUM"
    }
  ],
  "data_quality": {
    "n_quarters": 20,
    "coverage": {
      "revenue": [
        20,
        20
      ],
      "gross_profit": [
        20,
        20
      ],
      "op_income": [
        20,
        20
      ],
      "fcf": [
        20,
        20
      ]
    },
    "gaps": [],
    "warnings": []
  },
  "market_cap": null,
  "source": "SEC EDGAR",
  "last_updated": "2026-02-02T21:12:44.262368",
  "sector": "Healthcare",
  "industry": "Medical Instruments & Supplies"
}