{
  "ticker": "NVT",
  "name": "nVent Electric plc",
  "sector": "Industrials",
  "industry": "Electrical Equipment & Parts",
  "quarters": [
    {
      "date": "2021-03-31T00:00:00",
      "quarter_label": "2021-03 (Q1)",
      "revenue": 548900000,
      "gross_profit": 209000000,
      "operating_income": 80400000,
      "net_income": 65400000,
      "opex": 128600000,
      "cogs": 339900000,
      "rd": 11400000,
      "sga": 117200000,
      "fcf": 40000000,
      "ocf": 49900000,
      "capex": -9900000,
      "gross_margin": 0.3807615230460922,
      "op_margin": 0.14647476771725268,
      "fcf_margin": 0.07287301876480233
    },
    {
      "date": "2021-06-30T00:00:00",
      "quarter_label": "2021-06 (Q2)",
      "revenue": 601300000,
      "gross_profit": 235200000,
      "operating_income": 88300000,
      "net_income": null,
      "opex": 146900000,
      "cogs": 366100000,
      "rd": 11700000,
      "sga": 135200000,
      "fcf": 85400000,
      "ocf": 93400000,
      "capex": -8000000,
      "gross_margin": 0.3911525029103609,
      "op_margin": 0.14684849492765675,
      "fcf_margin": 0.1420256111757858,
      "op_leverage_ratio": 0.670853878646513,
      "fcf_margin_change": 0.06915259241098347
    },
    {
      "date": "2021-09-30T00:00:00",
      "quarter_label": "2021-09 (Q3)",
      "revenue": 642800000,
      "gross_profit": 250500000,
      "operating_income": 97700000,
      "net_income": null,
      "opex": 152800000,
      "cogs": 392300000,
      "rd": 13100000,
      "sga": 139700000,
      "fcf": 107500000,
      "ocf": 114800000,
      "capex": -7300000,
      "gross_margin": 0.38970130678282516,
      "op_margin": 0.15199128811449908,
      "fcf_margin": 0.16723708774113255,
      "op_leverage_ratio": 1.718409547674953,
      "fcf_margin_change": 0.025211476565346752
    },
    {
      "date": "2021-12-31T00:00:00",
      "quarter_label": "2021-12 (Q4)",
      "revenue": 669000000,
      "gross_profit": 247200000,
      "operating_income": 89000000,
      "net_income": null,
      "opex": 158200000,
      "cogs": 421800000,
      "rd": 12400000,
      "sga": 145800000,
      "fcf": 100900000,
      "ocf": 115200000,
      "capex": -14300000,
      "gross_margin": 0.3695067264573991,
      "op_margin": 0.13303437967115098,
      "fcf_margin": 0.1508221225710015,
      "op_leverage_ratio": 1.153333794279656,
      "fcf_margin_change": -0.01641496517013105
    },
    {
      "date": "2022-03-31T00:00:00",
      "quarter_label": "2022-03 (Q1)",
      "revenue": 694700000,
      "gross_profit": 247300000,
      "operating_income": 90100000,
      "net_income": 67800000,
      "opex": 157200000,
      "cogs": 447400000,
      "rd": 15200000,
      "sga": 142000000,
      "fcf": -4600000,
      "ocf": 6500000,
      "capex": -11100000,
      "gross_margin": 0.3559809989923708,
      "op_margin": 0.12969627177198792,
      "fcf_margin": -0.0066215632647185834,
      "incr_op_margin_yoy": 0.06652949245541838,
      "rev_growth_yoy": 0.2656221533977045,
      "op_leverage_ratio": null,
      "fcf_margin_change": -0.15744368583572008
    },
    {
      "date": "2022-06-30T00:00:00",
      "quarter_label": "2022-06 (Q2)",
      "revenue": 727500000,
      "gross_profit": 267800000,
      "operating_income": 104700000,
      "net_income": null,
      "opex": 163100000,
      "cogs": 459700000,
      "rd": 14600000,
      "sga": 148500000,
      "fcf": 47700000,
      "ocf": 57400000,
      "capex": -9700000,
      "gross_margin": 0.36810996563573883,
      "op_margin": 0.1439175257731959,
      "fcf_margin": 0.06556701030927835,
      "incr_op_margin_yoy": 0.12995245641838352,
      "rev_growth_yoy": 0.20987859637452186,
      "rev_growth_yoy_accel": -0.05574355702318265,
      "op_leverage_ratio": 1.2579896699709423,
      "fcf_margin_change": 0.07218857357399693
    },
    {
      "date": "2022-09-30T00:00:00",
      "quarter_label": "2022-09 (Q3)",
      "revenue": 745200000,
      "gross_profit": 290000000,
      "operating_income": 120500000,
      "net_income": null,
      "opex": 169500000,
      "cogs": 455200000,
      "rd": 14700000,
      "sga": 154800000,
      "fcf": 125900000,
      "ocf": 135900000,
      "capex": -10000000,
      "gross_margin": 0.38915727321524424,
      "op_margin": 0.16170155662909286,
      "fcf_margin": 0.16894793344068706,
      "incr_op_margin_yoy": 0.22265625,
      "rev_growth_yoy": 0.15930304915992533,
      "rev_growth_yoy_accel": -0.05057554721459653,
      "op_leverage_ratio": 0.6200322164948454,
      "fcf_margin_change": 0.10338092313140872
    },
    {
      "date": "2022-12-31T00:00:00",
      "quarter_label": "2022-12 (Q4)",
      "revenue": 741600000,
      "gross_profit": 291600000,
      "operating_income": 125100000,
      "net_income": null,
      "opex": 166500000,
      "cogs": 450000000,
      "rd": 15900000,
      "sga": 150600000,
      "fcf": 185100000,
      "ocf": 194800000,
      "capex": -9700000,
      "gross_margin": 0.3932038834951456,
      "op_margin": 0.16868932038834952,
      "fcf_margin": 0.24959546925566342,
      "incr_op_margin_yoy": 0.4972451790633609,
      "rev_growth_yoy": 0.10852017937219731,
      "rev_growth_yoy_accel": -0.050782869787728016,
      "fcf_margin_change": 0.08064753581497636
    },
    {
      "date": "2023-03-31T00:00:00",
      "quarter_label": "2023-03 (Q1)",
      "revenue": 740600000,
      "gross_profit": 303200000,
      "operating_income": 124100000,
      "net_income": 93800000,
      "opex": 179100000,
      "cogs": 437400000,
      "rd": 16700000,
      "sga": 162400000,
      "fcf": 52300000,
      "ocf": 69400000,
      "capex": -17100000,
      "gross_margin": 0.40939778557926004,
      "op_margin": 0.16756683769916283,
      "fcf_margin": 0.07061841749932488,
      "incr_op_margin_yoy": 0.7407407407407407,
      "rev_growth_yoy": 0.06607168561969196,
      "rev_growth_yoy_accel": -0.042448493752505354,
      "fcf_margin_change": -0.17897705175633855
    },
    {
      "date": "2023-06-30T00:00:00",
      "quarter_label": "2023-06 (Q2)",
      "revenue": 803000000,
      "gross_profit": 331900000,
      "operating_income": 146700000,
      "net_income": 112900000,
      "opex": 185200000,
      "cogs": 471100000,
      "rd": 17500000,
      "sga": 167700000,
      "fcf": 62000000,
      "ocf": 77200000,
      "capex": -15200000,
      "gross_margin": 0.4133250311332503,
      "op_margin": 0.18268991282689911,
      "fcf_margin": 0.07721046077210461,
      "incr_op_margin_yoy": 0.5562913907284768,
      "rev_growth_yoy": 0.10378006872852234,
      "rev_growth_yoy_accel": 0.03770838310883039,
      "op_leverage_ratio": 2.473811663560339,
      "fcf_margin_change": 0.006592043272779735
    },
    {
      "date": "2023-09-30T00:00:00",
      "quarter_label": "2023-09 (Q3)",
      "revenue": 858800000,
      "gross_profit": 353200000,
      "operating_income": 156200000,
      "net_income": 105500000,
      "opex": 197000000,
      "cogs": 505600000,
      "rd": 18300000,
      "sga": 178700000,
      "fcf": 132500000,
      "ocf": 145000000,
      "capex": -12500000,
      "gross_margin": 0.4112715416860736,
      "op_margin": 0.18188169538891477,
      "fcf_margin": 0.15428504890544947,
      "incr_op_margin_yoy": 0.3142605633802817,
      "rev_growth_yoy": 0.1524422973698336,
      "rev_growth_yoy_accel": 0.04866222864131127,
      "op_leverage_ratio": 1.0906304747029147,
      "fcf_margin_change": 0.07707458813334486
    },
    {
      "date": "2023-12-31T00:00:00",
      "quarter_label": "2023-12 (Q4)",
      "revenue": 861200000,
      "gross_profit": 353800000,
      "operating_income": 160400000,
      "net_income": 254900000,
      "opex": 193400000,
      "cogs": 507400000,
      "rd": 19000000,
      "sga": 174400000,
      "fcf": 215700000,
      "ocf": 236500000,
      "capex": -20800000,
      "gross_margin": 0.410822108685555,
      "op_margin": 0.18625174175568973,
      "fcf_margin": 0.2504644681839294,
      "incr_op_margin_yoy": 0.29515050167224083,
      "rev_growth_yoy": 0.16127292340884575,
      "rev_growth_yoy_accel": 0.008830626039012135,
      "fcf_margin_change": 0.09617941927847995
    },
    {
      "date": "2024-03-31T00:00:00",
      "quarter_label": "2024-03 (Q1)",
      "revenue": 874600000,
      "gross_profit": 355500000,
      "operating_income": 159200000,
      "net_income": 105100000,
      "opex": 196300000,
      "cogs": 519100000,
      "rd": 20800000,
      "sga": 175500000,
      "fcf": 74700000,
      "ocf": 90000000,
      "capex": -15300000,
      "gross_margin": 0.4064715298422136,
      "op_margin": 0.18202606906014177,
      "fcf_margin": 0.08541047335924994,
      "incr_op_margin_yoy": 0.2619402985074627,
      "rev_growth_yoy": 0.18093437753173103,
      "rev_growth_yoy_accel": 0.01966145412288528,
      "op_leverage_ratio": 1.0376699713311017,
      "fcf_margin_change": -0.16505399482467947
    },
    {
      "date": "2024-06-30T00:00:00",
      "quarter_label": "2024-06 (Q2)",
      "revenue": 880300000,
      "gross_profit": 368300000,
      "operating_income": 167800000,
      "net_income": 111000000,
      "opex": 200500000,
      "cogs": 512000000,
      "rd": 20900000,
      "sga": 179600000,
      "fcf": 114300000,
      "ocf": 130800000,
      "capex": -16500000,
      "gross_margin": 0.41838009769396795,
      "op_margin": 0.19061683516982847,
      "fcf_margin": 0.12984209928433488,
      "incr_op_margin_yoy": 0.2729624838292367,
      "rev_growth_yoy": 0.0962640099626401,
      "rev_growth_yoy_accel": -0.08467036756909092,
      "fcf_margin_change": 0.04443162592508494
    },
    {
      "date": "2024-09-30T00:00:00",
      "quarter_label": "2024-09 (Q3)",
      "revenue": 782000000,
      "gross_profit": 311100000,
      "operating_income": 133200000,
      "net_income": 105000000,
      "opex": 177900000,
      "cogs": 470900000,
      "rd": 16100000,
      "sga": 161800000,
      "fcf": 182000000,
      "ocf": 197700000,
      "capex": -15700000,
      "gross_margin": 0.3978260869565217,
      "op_margin": 0.17033248081841432,
      "fcf_margin": 0.23273657289002558,
      "incr_op_margin_yoy": 0.2994791666666667,
      "rev_growth_yoy": -0.08942710759198882,
      "rev_growth_yoy_accel": -0.18569111755462891,
      "fcf_margin_change": 0.1028944736056907
    },
    {
      "date": "2024-12-31T00:00:00",
      "quarter_label": "2024-12 (Q4)",
      "revenue": 752200000,
      "gross_profit": 299500000,
      "operating_income": 117100000,
      "net_income": 10700000,
      "opex": 182400000,
      "cogs": 452700000,
      "rd": 17200000,
      "sga": 165200000,
      "fcf": 198100000,
      "ocf": 224600000,
      "capex": -26500000,
      "gross_margin": 0.3981653815474608,
      "op_margin": 0.15567668173358148,
      "fcf_margin": 0.26336080829566605,
      "incr_op_margin_yoy": 0.39724770642201834,
      "rev_growth_yoy": -0.12656758012076172,
      "rev_growth_yoy_accel": -0.037140472528772894,
      "fcf_margin_change": 0.030624235405640465
    },
    {
      "date": "2025-03-31T00:00:00",
      "quarter_label": "2025-03 (Q1)",
      "revenue": 809300000,
      "gross_profit": 313700000,
      "operating_income": 130000000,
      "net_income": 360700000,
      "opex": 183700000,
      "cogs": 495600000,
      "rd": 17500000,
      "sga": 166200000,
      "fcf": 39100000,
      "ocf": 60200000,
      "capex": -21100000,
      "gross_margin": 0.38761892993945385,
      "op_margin": 0.16063264549610776,
      "fcf_margin": 0.04831335722229087,
      "incr_op_margin_yoy": 0.44716692189892804,
      "rev_growth_yoy": -0.07466270294991996,
      "rev_growth_yoy_accel": 0.05190487717084176,
      "op_leverage_ratio": 10.650849814901928,
      "fcf_margin_change": -0.2150474510733752
    },
    {
      "date": "2025-06-30T00:00:00",
      "quarter_label": "2025-06 (Q2)",
      "revenue": 963100000,
      "gross_profit": 371800000,
      "operating_income": 156700000,
      "net_income": 109500000,
      "opex": 215100000,
      "cogs": 591300000,
      "rd": 19100000,
      "sga": 196000000,
      "fcf": -33800000,
      "ocf": -16900000,
      "capex": -16900000,
      "gross_margin": 0.3860450628179836,
      "op_margin": 0.16270376907901568,
      "fcf_margin": -0.03509500571072578,
      "incr_op_margin_yoy": -0.13405797101449277,
      "rev_growth_yoy": 0.09405884357605362,
      "rev_growth_yoy_accel": 0.1687215465259736,
      "op_leverage_ratio": 1.1117990620186824,
      "fcf_margin_change": -0.08340836293301665
    },
    {
      "date": "2025-09-30T00:00:00",
      "quarter_label": "2025-09 (Q3)",
      "revenue": 1054000000,
      "gross_profit": 394700000,
      "operating_income": 166300000,
      "net_income": 121200000,
      "opex": 228400000,
      "cogs": 659300000,
      "rd": 20600000,
      "sga": 207800000,
      "fcf": 200900000,
      "ocf": 219500000,
      "capex": -18600000,
      "gross_margin": 0.3744781783681214,
      "op_margin": 0.1577798861480076,
      "fcf_margin": 0.19060721062618596,
      "incr_op_margin_yoy": 0.12169117647058823,
      "rev_growth_yoy": 0.34782608695652173,
      "rev_growth_yoy_accel": 0.2537672433804681,
      "op_leverage_ratio": 1.5264453835242244,
      "fcf_margin_change": 0.22570221633691173
    },
    {
      "date": "2025-12-31T00:00:00",
      "quarter_label": "2025-12 (Q4)",
      "revenue": 1066700000,
      "gross_profit": 388900000,
      "operating_income": 163800000,
      "net_income": 118800000,
      "opex": 225100000,
      "cogs": 677800000,
      "rd": 21300000,
      "sga": 203800000,
      "fcf": 165700000,
      "ocf": 202400000,
      "capex": -36700000,
      "gross_margin": 0.36458235680135,
      "op_margin": 0.1535577013218337,
      "fcf_margin": 0.15533889565951065,
      "incr_op_margin_yoy": 0.14848966613672496,
      "rev_growth_yoy": 0.41810688646636535,
      "rev_growth_yoy_accel": 0.07028079950984362,
      "op_leverage_ratio": null,
      "fcf_margin_change": -0.03526831496667532
    }
  ],
  "signals": [
    {
      "quarter": "2025-12 (Q4)",
      "signal": "YoY REVENUE GROWTH ACCELERATION",
      "detail": "YoY growth: +41.8% vs prior quarter YoY: +34.8% (accel: +7.0%)",
      "severity": "MEDIUM"
    },
    {
      "quarter": "2025-09 (Q3)",
      "signal": "FCF TURNED POSITIVE",
      "detail": "FCF margin: -3.5% -> +19.1%",
      "severity": "HIGH"
    },
    {
      "quarter": "2025-09 (Q3)",
      "signal": "OPERATING LEVERAGE",
      "detail": "Rev growth +9.4% vs OpEx growth +6.2% (leverage: 1.5x)",
      "severity": "MEDIUM"
    },
    {
      "quarter": "2025-09 (Q3)",
      "signal": "YoY REVENUE GROWTH ACCELERATION",
      "detail": "YoY growth: +34.8% vs prior quarter YoY: +9.4% (accel: +25.4%)",
      "severity": "HIGH"
    },
    {
      "quarter": "2025-06 (Q2)",
      "signal": "YoY REVENUE GROWTH ACCELERATION",
      "detail": "YoY growth: +9.4% vs prior quarter YoY: -7.5% (accel: +16.9%)",
      "severity": "HIGH"
    },
    {
      "quarter": "2025-03 (Q1)",
      "signal": "OPERATING LEVERAGE",
      "detail": "Rev growth +7.6% vs OpEx growth +0.7% (leverage: 10.7x)",
      "severity": "MEDIUM"
    },
    {
      "quarter": "2025-03 (Q1)",
      "signal": "YoY REVENUE GROWTH ACCELERATION",
      "detail": "YoY growth: -7.5% vs prior quarter YoY: -12.7% (accel: +5.2%)",
      "severity": "MEDIUM"
    },
    {
      "quarter": "2025-03 (Q1)",
      "signal": "INCREMENTAL MARGIN (YoY)",
      "detail": "YoY Incr OPM: +44.7% vs year-ago OPM: +18.2%",
      "severity": "HIGH"
    },
    {
      "quarter": "2024-12 (Q4)",
      "signal": "INCREMENTAL MARGIN (YoY)",
      "detail": "YoY Incr OPM: +39.7% vs year-ago OPM: +18.6%",
      "severity": "HIGH"
    },
    {
      "quarter": "2024-09 (Q3)",
      "signal": "FCF MARGIN EXPANSION",
      "detail": "FCF margin: +13.0% -> +23.3% (+10.3%)",
      "severity": "MEDIUM"
    },
    {
      "quarter": "2024-09 (Q3)",
      "signal": "YoY REVENUE GROWTH DECELERATION",
      "detail": "YoY growth: -8.9% vs prior quarter YoY: +9.6% (decel: -18.6%)",
      "severity": "WARNING"
    },
    {
      "quarter": "2024-09 (Q3)",
      "signal": "INCREMENTAL MARGIN (YoY)",
      "detail": "YoY Incr OPM: +29.9% vs year-ago OPM: +18.2%",
      "severity": "MEDIUM"
    },
    {
      "quarter": "2024-06 (Q2)",
      "signal": "YoY REVENUE GROWTH DECELERATION",
      "detail": "YoY growth: +9.6% vs prior quarter YoY: +18.1% (decel: -8.5%)",
      "severity": "WARNING"
    },
    {
      "quarter": "2023-12 (Q4)",
      "signal": "FCF MARGIN EXPANSION",
      "detail": "FCF margin: +15.4% -> +25.0% (+9.6%)",
      "severity": "MEDIUM"
    },
    {
      "quarter": "2023-12 (Q4)",
      "signal": "INCREMENTAL MARGIN (YoY)",
      "detail": "YoY Incr OPM: +29.5% vs year-ago OPM: +16.9%",
      "severity": "MEDIUM"
    },
    {
      "quarter": "2023-09 (Q3)",
      "signal": "FCF MARGIN EXPANSION",
      "detail": "FCF margin: +7.7% -> +15.4% (+7.7%)",
      "severity": "MEDIUM"
    },
    {
      "quarter": "2023-09 (Q3)",
      "signal": "INCREMENTAL MARGIN (YoY)",
      "detail": "YoY Incr OPM: +31.4% vs year-ago OPM: +16.2%",
      "severity": "MEDIUM"
    },
    {
      "quarter": "2023-06 (Q2)",
      "signal": "OPERATING LEVERAGE",
      "detail": "Rev growth +8.4% vs OpEx growth +3.4% (leverage: 2.5x)",
      "severity": "MEDIUM"
    },
    {
      "quarter": "2023-06 (Q2)",
      "signal": "INCREMENTAL MARGIN (YoY)",
      "detail": "YoY Incr OPM: +55.6% vs year-ago OPM: +14.4%",
      "severity": "HIGH"
    },
    {
      "quarter": "2023-03 (Q1)",
      "signal": "INCREMENTAL MARGIN (YoY)",
      "detail": "YoY Incr OPM: +74.1% vs year-ago OPM: +13.0%",
      "severity": "HIGH"
    },
    {
      "quarter": "2022-12 (Q4)",
      "signal": "FCF MARGIN EXPANSION",
      "detail": "FCF margin: +16.9% -> +25.0% (+8.1%)",
      "severity": "MEDIUM"
    },
    {
      "quarter": "2022-12 (Q4)",
      "signal": "YoY REVENUE GROWTH DECELERATION",
      "detail": "YoY growth: +10.9% vs prior quarter YoY: +15.9% (decel: -5.1%)",
      "severity": "WARNING"
    },
    {
      "quarter": "2022-12 (Q4)",
      "signal": "INCREMENTAL MARGIN (YoY)",
      "detail": "YoY Incr OPM: +49.7% vs year-ago OPM: +13.3%",
      "severity": "HIGH"
    },
    {
      "quarter": "2022-09 (Q3)",
      "signal": "FCF MARGIN EXPANSION",
      "detail": "FCF margin: +6.6% -> +16.9% (+10.3%)",
      "severity": "MEDIUM"
    },
    {
      "quarter": "2022-09 (Q3)",
      "signal": "YoY REVENUE GROWTH DECELERATION",
      "detail": "YoY growth: +15.9% vs prior quarter YoY: +21.0% (decel: -5.1%)",
      "severity": "WARNING"
    },
    {
      "quarter": "2022-06 (Q2)",
      "signal": "FCF TURNED POSITIVE",
      "detail": "FCF margin: -0.7% -> +6.6%",
      "severity": "HIGH"
    },
    {
      "quarter": "2022-06 (Q2)",
      "signal": "YoY REVENUE GROWTH DECELERATION",
      "detail": "YoY growth: +21.0% vs prior quarter YoY: +26.6% (decel: -5.6%)",
      "severity": "WARNING"
    },
    {
      "quarter": "2021-09 (Q3)",
      "signal": "OPERATING LEVERAGE",
      "detail": "Rev growth +6.9% vs OpEx growth +4.0% (leverage: 1.7x)",
      "severity": "MEDIUM"
    },
    {
      "quarter": "2021-06 (Q2)",
      "signal": "FCF MARGIN EXPANSION",
      "detail": "FCF margin: +7.3% -> +14.2% (+6.9%)",
      "severity": "MEDIUM"
    }
  ],
  "data_quality": {
    "n_quarters": 20,
    "coverage": {
      "revenue": [
        20,
        20
      ],
      "gross_profit": [
        20,
        20
      ],
      "op_income": [
        20,
        20
      ],
      "fcf": [
        20,
        20
      ]
    },
    "gaps": [],
    "warnings": []
  },
  "market_cap": null,
  "source": "SEC EDGAR",
  "last_updated": "2026-02-24T10:32:16.909917"
}