{
  "ticker": "NVTS",
  "name": "Navitas Semiconductor Corporation",
  "quarters": [
    {
      "date": "2021-03-31T00:00:00",
      "quarter_label": "2021-03 (Q1)",
      "revenue": 5317000,
      "gross_profit": 2358000,
      "operating_income": -280158,
      "net_income": 1463215,
      "opex": 9623000,
      "cogs": 2959000,
      "rd": 4254000,
      "sga": 5369000,
      "fcf": -6124000,
      "ocf": -5812000,
      "capex": -312000,
      "gross_margin": 0.4434831671995486,
      "op_margin": -0.052690991160428816,
      "fcf_margin": -1.1517773180364868
    },
    {
      "date": "2021-06-30T00:00:00",
      "quarter_label": "2021-06 (Q2)",
      "revenue": 5450000,
      "gross_profit": 2479000,
      "operating_income": -1330017,
      "net_income": -12048007,
      "opex": 21061000,
      "cogs": 2971000,
      "rd": 6267000,
      "sga": 14794000,
      "fcf": -8290000,
      "ocf": -7961000,
      "capex": -329000,
      "gross_margin": 0.4548623853211009,
      "op_margin": -0.24403981651376147,
      "fcf_margin": -1.5211009174311927,
      "op_leverage_ratio": 0.021044827691782828,
      "fcf_margin_change": -0.36932359939470594
    },
    {
      "date": "2021-09-30T00:00:00",
      "quarter_label": "2021-09 (Q3)",
      "revenue": 5631000,
      "gross_profit": 2599000,
      "operating_income": -264590,
      "net_income": 4323720,
      "opex": 9354000,
      "cogs": 3032000,
      "rd": 5804000,
      "sga": 3550000,
      "fcf": -11591000,
      "ocf": -11019000,
      "capex": -572000,
      "gross_margin": 0.46155212218078495,
      "op_margin": -0.04698810158053632,
      "fcf_margin": -2.0584265672171904,
      "op_leverage_ratio": Infinity,
      "fcf_margin_change": -0.5373256497859977
    },
    {
      "date": "2021-12-31T00:00:00",
      "quarter_label": "2021-12 (Q4)",
      "revenue": 7338000,
      "gross_profit": 3250000,
      "operating_income": -66633235,
      "net_income": -146423928,
      "opex": 39156000,
      "cogs": 4088000,
      "rd": 11495000,
      "sga": 27661000,
      "fcf": -17763000,
      "ocf": -16908000,
      "capex": -855000,
      "gross_margin": 0.44289997274461707,
      "op_margin": -9.080571681657128,
      "fcf_margin": -2.420686835650041,
      "op_leverage_ratio": 0.09514806245460851,
      "fcf_margin_change": -0.36226026843285064
    },
    {
      "date": "2022-03-31T00:00:00",
      "quarter_label": "2022-03 (Q1)",
      "revenue": 6740000,
      "gross_profit": 2963000,
      "operating_income": -34994000,
      "net_income": 79792000,
      "opex": 37957000,
      "cogs": 3777000,
      "rd": 13413000,
      "sga": 24544000,
      "fcf": -10895000,
      "ocf": -10601000,
      "capex": -294000,
      "gross_margin": 0.4396142433234421,
      "op_margin": -5.191988130563798,
      "fcf_margin": -1.6164688427299703,
      "incr_op_margin_yoy": -24.39482923401265,
      "rev_growth_yoy": 0.26763212337784464,
      "fcf_margin_change": 0.8042179929200708
    },
    {
      "date": "2022-06-30T00:00:00",
      "quarter_label": "2022-06 (Q2)",
      "revenue": 8611000,
      "gross_profit": 3585000,
      "operating_income": -20014000,
      "net_income": 33837000,
      "opex": 23599000,
      "cogs": 5026000,
      "rd": 9606000,
      "sga": 13993000,
      "fcf": -9793000,
      "ocf": -7782000,
      "capex": -2011000,
      "gross_margin": 0.41632795261874345,
      "op_margin": -2.324236441760539,
      "fcf_margin": -1.137266287306933,
      "incr_op_margin_yoy": -5.910782347358431,
      "rev_growth_yoy": 0.58,
      "rev_growth_yoy_accel": 0.3123678766221553,
      "op_leverage_ratio": Infinity,
      "fcf_margin_change": 0.47920255542303725
    },
    {
      "date": "2022-09-30T00:00:00",
      "quarter_label": "2022-09 (Q3)",
      "revenue": 10243000,
      "gross_profit": 391000,
      "operating_income": -37429000,
      "net_income": -32590000,
      "opex": 37820000,
      "cogs": 9852000,
      "rd": 13343000,
      "sga": 24477000,
      "fcf": -18334000,
      "ocf": -17154000,
      "capex": -1180000,
      "gross_margin": 0.03817241042663282,
      "op_margin": -3.6541052426047056,
      "fcf_margin": -1.7899053011812947,
      "incr_op_margin_yoy": -8.058198178664354,
      "rev_growth_yoy": 0.8190374711418931,
      "rev_growth_yoy_accel": 0.2390374711418931,
      "op_leverage_ratio": 0.31450679218247585,
      "fcf_margin_change": -0.6526390138743616
    },
    {
      "date": "2022-12-31T00:00:00",
      "quarter_label": "2022-12 (Q4)",
      "revenue": 12349000,
      "gross_profit": 5008000,
      "operating_income": -31200000,
      "net_income": -7126000,
      "opex": 36208000,
      "cogs": 7341000,
      "rd": 13956000,
      "sga": 15339000,
      "fcf": -10119000,
      "ocf": -8960000,
      "capex": -1159000,
      "gross_margin": 0.4055389100332011,
      "op_margin": -2.5265203660215403,
      "fcf_margin": -0.8194185764029476,
      "incr_op_margin_yoy": 7.071090600678508,
      "rev_growth_yoy": 0.6828836195148542,
      "rev_growth_yoy_accel": -0.13615385162703886,
      "op_leverage_ratio": Infinity,
      "fcf_margin_change": 0.9704867247783471
    },
    {
      "date": "2023-03-31T00:00:00",
      "quarter_label": "2023-03 (Q1)",
      "revenue": 13358000,
      "gross_profit": 5485000,
      "operating_income": -35466000,
      "net_income": -61847000,
      "opex": 40951000,
      "cogs": 7873000,
      "rd": 17394000,
      "sga": 19058000,
      "fcf": -8735000,
      "ocf": -7920000,
      "capex": -815000,
      "gross_margin": 0.41061536158107503,
      "op_margin": -2.655038179368169,
      "fcf_margin": -0.6539152567749663,
      "incr_op_margin_yoy": -0.07132064067694167,
      "rev_growth_yoy": 0.9818991097922849,
      "rev_growth_yoy_accel": 0.2990154902774307,
      "op_leverage_ratio": 0.6237503288086093,
      "fcf_margin_change": 0.16550331962798126
    },
    {
      "date": "2023-06-30T00:00:00",
      "quarter_label": "2023-06 (Q2)",
      "revenue": 18062000,
      "gross_profit": 7490000,
      "operating_income": -27225000,
      "net_income": -58527000,
      "opex": 34715000,
      "cogs": 10572000,
      "rd": 16791000,
      "sga": 13151000,
      "fcf": -10167000,
      "ocf": -9278000,
      "capex": -889000,
      "gross_margin": 0.4146827593843428,
      "op_margin": -1.507308160779537,
      "fcf_margin": -0.5628944745875318,
      "incr_op_margin_yoy": -0.7629880435932705,
      "rev_growth_yoy": 1.0975496458018814,
      "rev_growth_yoy_accel": 0.11565053600959652,
      "op_leverage_ratio": Infinity,
      "fcf_margin_change": 0.09102078218743448
    },
    {
      "date": "2023-09-30T00:00:00",
      "quarter_label": "2023-09 (Q3)",
      "revenue": 21978000,
      "gross_profit": 7100000,
      "operating_income": -28646000,
      "net_income": 7519000,
      "opex": 35746000,
      "cogs": 14878000,
      "rd": 16553000,
      "sga": 14419000,
      "fcf": -1950000,
      "ocf": -244000,
      "capex": -1706000,
      "gross_margin": 0.32305032305032305,
      "op_margin": -1.3033943033943034,
      "fcf_margin": -0.08872508872508872,
      "incr_op_margin_yoy": 0.7484448231785258,
      "rev_growth_yoy": 1.1456604510397344,
      "rev_growth_yoy_accel": 0.04811080523785294,
      "op_leverage_ratio": 7.300209935365426,
      "fcf_margin_change": 0.4741693858624431
    },
    {
      "date": "2023-12-31T00:00:00",
      "quarter_label": "2023-12 (Q4)",
      "revenue": 26057000,
      "gross_profit": 10987000,
      "operating_income": -26794000,
      "net_income": -32578000,
      "opex": 37781000,
      "cogs": 15070000,
      "rd": 18085000,
      "sga": 14922000,
      "fcf": -25309000,
      "ocf": -23937000,
      "capex": -1372000,
      "gross_margin": 0.42165253098975325,
      "op_margin": -1.0282841462946617,
      "fcf_margin": -0.9712937022681045,
      "incr_op_margin_yoy": 0.32141814998540996,
      "rev_growth_yoy": 1.1100493967122844,
      "rev_growth_yoy_accel": -0.03561105432744993,
      "op_leverage_ratio": 3.260082374087288,
      "fcf_margin_change": -0.8825686135430157
    },
    {
      "date": "2024-03-31T00:00:00",
      "quarter_label": "2024-03 (Q1)",
      "revenue": 23175000,
      "gross_profit": 9515000,
      "operating_income": -31575000,
      "net_income": -3681000,
      "opex": 41090000,
      "cogs": 13660000,
      "rd": 20229000,
      "sga": 16087000,
      "fcf": -22681000,
      "ocf": -19783000,
      "capex": -2898000,
      "gross_margin": 0.41057173678532904,
      "op_margin": -1.3624595469255663,
      "fcf_margin": -0.9786839266450917,
      "incr_op_margin_yoy": 0.3963532647448304,
      "rev_growth_yoy": 0.7349154064979787,
      "rev_growth_yoy_accel": -0.3751339902143057,
      "fcf_margin_change": -0.00739022437698722
    },
    {
      "date": "2024-06-30T00:00:00",
      "quarter_label": "2024-06 (Q2)",
      "revenue": 20468000,
      "gross_profit": 7990000,
      "operating_income": -31137000,
      "net_income": -22328000,
      "opex": 39127000,
      "cogs": 12478000,
      "rd": 18971000,
      "sga": 15382000,
      "fcf": -17866000,
      "ocf": -15125000,
      "capex": -2741000,
      "gross_margin": 0.3903654485049834,
      "op_margin": -1.52125268712136,
      "fcf_margin": -0.872874731287864,
      "incr_op_margin_yoy": -1.625935162094763,
      "rev_growth_yoy": 0.13320783966338168,
      "rev_growth_yoy_accel": -0.601707566834597,
      "fcf_margin_change": 0.10580919535722777
    },
    {
      "date": "2024-09-30T00:00:00",
      "quarter_label": "2024-09 (Q3)",
      "revenue": 21681000,
      "gross_profit": 8612000,
      "operating_income": -28973000,
      "net_income": -18730000,
      "opex": 37585000,
      "cogs": 13069000,
      "rd": 17828000,
      "sga": 15040000,
      "fcf": -14295000,
      "ocf": -13725000,
      "capex": -570000,
      "gross_margin": 0.39721415063880816,
      "op_margin": -1.3363313500299803,
      "fcf_margin": -0.6593330565933305,
      "rev_growth_yoy": -0.013513513513513514,
      "rev_growth_yoy_accel": -0.1467213531768952,
      "op_leverage_ratio": Infinity,
      "fcf_margin_change": 0.21354167469453345
    },
    {
      "date": "2024-12-31T00:00:00",
      "quarter_label": "2024-12 (Q4)",
      "revenue": 17978000,
      "gross_profit": 2222000,
      "operating_income": -38990000,
      "net_income": -39860000,
      "opex": 41212000,
      "cogs": 15756000,
      "rd": 18974000,
      "sga": 16354000,
      "fcf": -10752000,
      "ocf": -10190000,
      "capex": -562000,
      "gross_margin": 0.12359550561797752,
      "op_margin": -2.1687618200022247,
      "fcf_margin": -0.5980643008121037,
      "incr_op_margin_yoy": 1.509592771382597,
      "rev_growth_yoy": -0.3100510419465019,
      "rev_growth_yoy_accel": -0.2965375284329884,
      "fcf_margin_change": 0.061268755781226814
    },
    {
      "date": "2025-03-31T00:00:00",
      "quarter_label": "2025-03 (Q1)",
      "revenue": 14018000,
      "gross_profit": 5307000,
      "operating_income": -25304000,
      "net_income": null,
      "opex": 30611000,
      "cogs": 8711000,
      "rd": 12668000,
      "sga": 11740000,
      "fcf": -13574000,
      "ocf": -13533000,
      "capex": -41000,
      "gross_margin": 0.37858467684405767,
      "op_margin": -1.8051077186474533,
      "fcf_margin": -0.9683264374375803,
      "incr_op_margin_yoy": -0.68483127661898,
      "rev_growth_yoy": -0.3951240560949299,
      "rev_growth_yoy_accel": -0.085073014148428,
      "fcf_margin_change": -0.3702621366254766
    },
    {
      "date": "2025-06-30T00:00:00",
      "quarter_label": "2025-06 (Q2)",
      "revenue": 14490000,
      "gross_profit": 2328000,
      "operating_income": -21653000,
      "net_income": null,
      "opex": 23981000,
      "cogs": 12162000,
      "rd": 11496000,
      "sga": 7751000,
      "fcf": -11911000,
      "ocf": -11232000,
      "capex": -679000,
      "gross_margin": 0.1606625258799172,
      "op_margin": -1.4943409247757073,
      "fcf_margin": -0.8220151828847481,
      "incr_op_margin_yoy": -1.5864837738374038,
      "rev_growth_yoy": -0.2920656634746922,
      "rev_growth_yoy_accel": 0.1030583926202377,
      "op_leverage_ratio": Infinity,
      "fcf_margin_change": 0.14631125455283223
    },
    {
      "date": "2025-09-30T00:00:00",
      "quarter_label": "2025-09 (Q3)",
      "revenue": 10112000,
      "gross_profit": 3831000,
      "operating_income": -19414000,
      "net_income": null,
      "opex": 23245000,
      "cogs": 6281000,
      "rd": 13280000,
      "sga": 5230000,
      "fcf": -10728000,
      "ocf": -10018000,
      "capex": -710000,
      "gross_margin": 0.37885680379746833,
      "op_margin": -1.9198971518987342,
      "fcf_margin": -1.0609177215189873,
      "incr_op_margin_yoy": -0.8262598323104849,
      "rev_growth_yoy": -0.5336008486693418,
      "rev_growth_yoy_accel": -0.24153518519464956,
      "fcf_margin_change": -0.23890253863423927
    }
  ],
  "signals": [
    {
      "quarter": "2025-09 (Q3)",
      "signal": "GROSS MARGIN INFLECTION",
      "detail": "GM: +37.9% -> +16.1% -> +37.9% (reversal +21.8%)",
      "severity": "HIGH"
    },
    {
      "quarter": "2025-09 (Q3)",
      "signal": "YoY REVENUE GROWTH DECELERATION",
      "detail": "YoY growth: -53.4% vs prior quarter YoY: -29.2% (decel: -24.2%)",
      "severity": "WARNING"
    },
    {
      "quarter": "2025-06 (Q2)",
      "signal": "FCF MARGIN EXPANSION",
      "detail": "FCF margin: -96.8% -> -82.2% (+14.6%)",
      "severity": "MEDIUM"
    },
    {
      "quarter": "2025-06 (Q2)",
      "signal": "YoY REVENUE GROWTH ACCELERATION",
      "detail": "YoY growth: -29.2% vs prior quarter YoY: -39.5% (accel: +10.3%)",
      "severity": "MEDIUM"
    },
    {
      "quarter": "2025-03 (Q1)",
      "signal": "GROSS MARGIN INFLECTION",
      "detail": "GM: +39.7% -> +12.4% -> +37.9% (reversal +25.5%)",
      "severity": "HIGH"
    },
    {
      "quarter": "2025-03 (Q1)",
      "signal": "YoY REVENUE GROWTH DECELERATION",
      "detail": "YoY growth: -39.5% vs prior quarter YoY: -31.0% (decel: -8.5%)",
      "severity": "WARNING"
    },
    {
      "quarter": "2024-12 (Q4)",
      "signal": "FCF MARGIN EXPANSION",
      "detail": "FCF margin: -65.9% -> -59.8% (+6.1%)",
      "severity": "MEDIUM"
    },
    {
      "quarter": "2024-12 (Q4)",
      "signal": "YoY REVENUE GROWTH DECELERATION",
      "detail": "YoY growth: -31.0% vs prior quarter YoY: -1.4% (decel: -29.7%)",
      "severity": "WARNING"
    },
    {
      "quarter": "2024-09 (Q3)",
      "signal": "FCF MARGIN EXPANSION",
      "detail": "FCF margin: -87.3% -> -65.9% (+21.4%)",
      "severity": "MEDIUM"
    },
    {
      "quarter": "2024-09 (Q3)",
      "signal": "YoY REVENUE GROWTH DECELERATION",
      "detail": "YoY growth: -1.4% vs prior quarter YoY: +13.3% (decel: -14.7%)",
      "severity": "WARNING"
    },
    {
      "quarter": "2024-06 (Q2)",
      "signal": "FCF MARGIN EXPANSION",
      "detail": "FCF margin: -97.9% -> -87.3% (+10.6%)",
      "severity": "MEDIUM"
    },
    {
      "quarter": "2024-06 (Q2)",
      "signal": "YoY REVENUE GROWTH DECELERATION",
      "detail": "YoY growth: +13.3% vs prior quarter YoY: +73.5% (decel: -60.2%)",
      "severity": "WARNING"
    },
    {
      "quarter": "2024-03 (Q1)",
      "signal": "YoY REVENUE GROWTH DECELERATION",
      "detail": "YoY growth: +73.5% vs prior quarter YoY: +111.0% (decel: -37.5%)",
      "severity": "WARNING"
    },
    {
      "quarter": "2023-12 (Q4)",
      "signal": "OPERATING LEVERAGE",
      "detail": "Rev growth +18.6% vs OpEx growth +5.7% (leverage: 3.3x)",
      "severity": "MEDIUM"
    },
    {
      "quarter": "2023-12 (Q4)",
      "signal": "GROSS MARGIN INFLECTION",
      "detail": "GM: +41.5% -> +32.3% -> +42.2% (reversal +9.9%)",
      "severity": "HIGH"
    },
    {
      "quarter": "2023-09 (Q3)",
      "signal": "FCF MARGIN EXPANSION",
      "detail": "FCF margin: -56.3% -> -8.9% (+47.4%)",
      "severity": "MEDIUM"
    },
    {
      "quarter": "2023-09 (Q3)",
      "signal": "OPERATING LEVERAGE",
      "detail": "Rev growth +21.7% vs OpEx growth +3.0% (leverage: 7.3x)",
      "severity": "MEDIUM"
    },
    {
      "quarter": "2023-06 (Q2)",
      "signal": "FCF MARGIN EXPANSION",
      "detail": "FCF margin: -65.4% -> -56.3% (+9.1%)",
      "severity": "MEDIUM"
    },
    {
      "quarter": "2023-06 (Q2)",
      "signal": "YoY REVENUE GROWTH ACCELERATION",
      "detail": "YoY growth: +109.8% vs prior quarter YoY: +98.2% (accel: +11.6%)",
      "severity": "MEDIUM"
    },
    {
      "quarter": "2023-03 (Q1)",
      "signal": "FCF MARGIN EXPANSION",
      "detail": "FCF margin: -81.9% -> -65.4% (+16.6%)",
      "severity": "MEDIUM"
    },
    {
      "quarter": "2023-03 (Q1)",
      "signal": "YoY REVENUE GROWTH ACCELERATION",
      "detail": "YoY growth: +98.2% vs prior quarter YoY: +68.3% (accel: +29.9%)",
      "severity": "HIGH"
    },
    {
      "quarter": "2022-12 (Q4)",
      "signal": "FCF MARGIN EXPANSION",
      "detail": "FCF margin: -179.0% -> -81.9% (+97.0%)",
      "severity": "MEDIUM"
    },
    {
      "quarter": "2022-12 (Q4)",
      "signal": "GROSS MARGIN INFLECTION",
      "detail": "GM: +41.6% -> +3.8% -> +40.6% (reversal +36.7%)",
      "severity": "HIGH"
    },
    {
      "quarter": "2022-12 (Q4)",
      "signal": "YoY REVENUE GROWTH DECELERATION",
      "detail": "YoY growth: +68.3% vs prior quarter YoY: +81.9% (decel: -13.6%)",
      "severity": "WARNING"
    },
    {
      "quarter": "2022-09 (Q3)",
      "signal": "YoY REVENUE GROWTH ACCELERATION",
      "detail": "YoY growth: +81.9% vs prior quarter YoY: +58.0% (accel: +23.9%)",
      "severity": "HIGH"
    },
    {
      "quarter": "2022-06 (Q2)",
      "signal": "FCF MARGIN EXPANSION",
      "detail": "FCF margin: -161.6% -> -113.7% (+47.9%)",
      "severity": "MEDIUM"
    },
    {
      "quarter": "2022-06 (Q2)",
      "signal": "YoY REVENUE GROWTH ACCELERATION",
      "detail": "YoY growth: +58.0% vs prior quarter YoY: +26.8% (accel: +31.2%)",
      "severity": "HIGH"
    },
    {
      "quarter": "2022-03 (Q1)",
      "signal": "FCF MARGIN EXPANSION",
      "detail": "FCF margin: -242.1% -> -161.6% (+80.4%)",
      "severity": "MEDIUM"
    }
  ],
  "data_quality": {
    "n_quarters": 19,
    "coverage": {
      "revenue": [
        19,
        19
      ],
      "gross_profit": [
        19,
        19
      ],
      "op_income": [
        19,
        19
      ],
      "fcf": [
        19,
        19
      ]
    },
    "gaps": [],
    "warnings": []
  },
  "market_cap": null,
  "source": "SEC EDGAR",
  "last_updated": "2026-02-02T21:33:40.928078",
  "sector": "Technology",
  "industry": "Semiconductors"
}