{
  "ticker": "NWPX",
  "name": "NWPX INFRASTRUCTURE, INC.",
  "quarters": [
    {
      "date": "2020-12-31T00:00:00",
      "quarter_label": "2020-12 (Q4)",
      "revenue": 69381000,
      "gross_profit": 12363000,
      "operating_income": 6594000,
      "net_income": 5221000,
      "opex": 5769000,
      "cogs": 57018000,
      "rd": null,
      "sga": 5769000,
      "fcf": 8471000,
      "ocf": 12697000,
      "capex": -4226000,
      "gross_margin": 0.17818999437886454,
      "op_margin": 0.09504042893587582,
      "fcf_margin": 0.12209394502817775
    },
    {
      "date": "2021-03-31T00:00:00",
      "quarter_label": "2021-03 (Q1)",
      "revenue": 72311000,
      "gross_profit": 8775000,
      "operating_income": 2945000,
      "net_income": 2175000,
      "opex": 5830000,
      "cogs": 63536000,
      "rd": null,
      "sga": 5830000,
      "fcf": -2447000,
      "ocf": -586000,
      "capex": -1861000,
      "gross_margin": 0.12135083182365063,
      "op_margin": 0.04072686036702576,
      "fcf_margin": -0.033839941364384396,
      "op_leverage_ratio": 3.993905356523884,
      "fcf_margin_change": -0.15593388639256214
    },
    {
      "date": "2021-06-30T00:00:00",
      "quarter_label": "2021-06 (Q2)",
      "revenue": 73812000,
      "gross_profit": 9538000,
      "operating_income": 3201000,
      "net_income": 2131000,
      "opex": 6337000,
      "cogs": 64274000,
      "rd": null,
      "sga": 6337000,
      "fcf": 2741000,
      "ocf": 5658000,
      "capex": -2917000,
      "gross_margin": 0.12922018100037935,
      "op_margin": 0.04336693220614534,
      "fcf_margin": 0.03713488321682111,
      "op_leverage_ratio": 0.23869148157079664,
      "fcf_margin_change": 0.0709748245812055
    },
    {
      "date": "2021-09-30T00:00:00",
      "quarter_label": "2021-09 (Q3)",
      "revenue": 84643000,
      "gross_profit": 12363000,
      "operating_income": 6801000,
      "net_income": 4946000,
      "opex": 5562000,
      "cogs": 72280000,
      "rd": null,
      "sga": 5562000,
      "fcf": -22045000,
      "ocf": -18697000,
      "capex": -3348000,
      "gross_margin": 0.14606051297803715,
      "op_margin": 0.08034923147809034,
      "fcf_margin": -0.26044681781127793,
      "op_leverage_ratio": Infinity,
      "fcf_margin_change": -0.29758170102809905
    },
    {
      "date": "2021-12-31T00:00:00",
      "quarter_label": "2021-12 (Q4)",
      "revenue": 102547000,
      "gross_profit": 13578000,
      "operating_income": 3085000,
      "net_income": 2271000,
      "opex": 10493000,
      "cogs": 88969000,
      "rd": null,
      "sga": 10493000,
      "fcf": 2678000,
      "ocf": 7814000,
      "capex": -5136000,
      "gross_margin": 0.1324075789637922,
      "op_margin": 0.030083766468058548,
      "fcf_margin": 0.026114854652013225,
      "incr_op_margin_yoy": -0.10580112163058554,
      "rev_growth_yoy": 0.47802712558193167,
      "op_leverage_ratio": 0.23859151976780532,
      "fcf_margin_change": 0.2865616724632912
    },
    {
      "date": "2022-03-31T00:00:00",
      "quarter_label": "2022-03 (Q1)",
      "revenue": 109331000,
      "gross_profit": 14786000,
      "operating_income": 5418000,
      "net_income": 3559000,
      "opex": 9368000,
      "cogs": 94545000,
      "rd": null,
      "sga": 9368000,
      "fcf": -2792000,
      "ocf": 1648000,
      "capex": -4440000,
      "gross_margin": 0.13524069111231032,
      "op_margin": 0.04955593564496803,
      "fcf_margin": -0.02553713036558707,
      "incr_op_margin_yoy": 0.06680172879524582,
      "rev_growth_yoy": 0.511955304172256,
      "rev_growth_yoy_accel": 0.03392817859032432,
      "op_leverage_ratio": Infinity,
      "fcf_margin_change": -0.051651985017600294
    },
    {
      "date": "2022-06-30T00:00:00",
      "quarter_label": "2022-06 (Q2)",
      "revenue": 118522000,
      "gross_profit": 24080000,
      "operating_income": 13953000,
      "net_income": 9673000,
      "opex": 10127000,
      "cogs": 94442000,
      "rd": null,
      "sga": 10127000,
      "fcf": 4505000,
      "ocf": 8521000,
      "capex": -4016000,
      "gross_margin": 0.20316903190968766,
      "op_margin": 0.11772497932873222,
      "fcf_margin": 0.038009820961509254,
      "incr_op_margin_yoy": 0.24048311339745024,
      "rev_growth_yoy": 0.6057280658971441,
      "rev_growth_yoy_accel": 0.09377276172488813,
      "op_leverage_ratio": 1.0375870718054585,
      "fcf_margin_change": 0.06354695132709633
    },
    {
      "date": "2022-09-30T00:00:00",
      "quarter_label": "2022-09 (Q3)",
      "revenue": 122984000,
      "gross_profit": 25118000,
      "operating_income": 14464000,
      "net_income": 9956000,
      "opex": 10654000,
      "cogs": 97866000,
      "rd": null,
      "sga": 10654000,
      "fcf": 12012000,
      "ocf": 15348000,
      "capex": -3336000,
      "gross_margin": 0.20423794965198724,
      "op_margin": 0.11760879463995316,
      "fcf_margin": 0.0976712417875496,
      "incr_op_margin_yoy": 0.19986437495109674,
      "rev_growth_yoy": 0.452973075150928,
      "rev_growth_yoy_accel": -0.15275499074621612,
      "op_leverage_ratio": 0.723437120713896,
      "fcf_margin_change": 0.05966142082604035
    },
    {
      "date": "2022-12-31T00:00:00",
      "quarter_label": "2022-12 (Q4)",
      "revenue": 106828000,
      "gross_profit": 21871000,
      "operating_income": 10986000,
      "net_income": 7961000,
      "opex": 10885000,
      "cogs": 84957000,
      "rd": null,
      "sga": 10885000,
      "fcf": -19014000,
      "ocf": -7977000,
      "capex": -11037000,
      "gross_margin": 0.20473096940876923,
      "op_margin": 0.10283820721159247,
      "fcf_margin": -0.17798704459505,
      "incr_op_margin_yoy": 1.845596823172156,
      "rev_growth_yoy": 0.04174671126410329,
      "rev_growth_yoy_accel": -0.4112263638868247,
      "fcf_margin_change": -0.2756582863825996
    },
    {
      "date": "2023-03-31T00:00:00",
      "quarter_label": "2023-03 (Q1)",
      "revenue": 99097000,
      "gross_profit": 16577000,
      "operating_income": 4711000,
      "net_income": 2362000,
      "opex": 11866000,
      "cogs": 82520000,
      "rd": null,
      "sga": 11866000,
      "fcf": 21900000,
      "ocf": 26282000,
      "capex": -4382000,
      "gross_margin": 0.16728054330605366,
      "op_margin": 0.047539279695651734,
      "fcf_margin": 0.22099559017931925,
      "incr_op_margin_yoy": 0.06908344733242135,
      "rev_growth_yoy": -0.09360565621827295,
      "rev_growth_yoy_accel": -0.13535236748237622,
      "fcf_margin_change": 0.39898263477436924
    },
    {
      "date": "2023-06-30T00:00:00",
      "quarter_label": "2023-06 (Q2)",
      "revenue": 116372000,
      "gross_profit": 22481000,
      "operating_income": 11465000,
      "net_income": 7448000,
      "opex": 11016000,
      "cogs": 93891000,
      "rd": null,
      "sga": 11016000,
      "fcf": -2835000,
      "ocf": 1197000,
      "capex": -4032000,
      "gross_margin": 0.19318220877874404,
      "op_margin": 0.09852026260612519,
      "fcf_margin": -0.024361530265012202,
      "incr_op_margin_yoy": 1.1572093023255814,
      "rev_growth_yoy": -0.01814009213479354,
      "rev_growth_yoy_accel": 0.0754655640834794,
      "op_leverage_ratio": Infinity,
      "fcf_margin_change": -0.24535712044433144
    },
    {
      "date": "2023-09-30T00:00:00",
      "quarter_label": "2023-09 (Q3)",
      "revenue": 118722000,
      "gross_profit": 19294000,
      "operating_income": 9057000,
      "net_income": 5818000,
      "opex": 10237000,
      "cogs": 99428000,
      "rd": null,
      "sga": 10237000,
      "fcf": 12100000,
      "ocf": 16930000,
      "capex": -4830000,
      "gross_margin": 0.16251410858981485,
      "op_margin": 0.07628746146459797,
      "fcf_margin": 0.10191876821482118,
      "incr_op_margin_yoy": 1.2686532144533083,
      "rev_growth_yoy": -0.034654914460417616,
      "rev_growth_yoy_accel": -0.016514822325624075,
      "op_leverage_ratio": Infinity,
      "fcf_margin_change": 0.12628029847983338
    },
    {
      "date": "2023-12-31T00:00:00",
      "quarter_label": "2023-12 (Q4)",
      "revenue": 110164000,
      "gross_profit": 19290000,
      "operating_income": 8625000,
      "net_income": 5444000,
      "opex": 10665000,
      "cogs": 90874000,
      "rd": null,
      "sga": 10665000,
      "fcf": 3999000,
      "ocf": 9046000,
      "capex": -5047000,
      "gross_margin": 0.17510257434370574,
      "op_margin": 0.07829236411168802,
      "fcf_margin": 0.0363004248211757,
      "incr_op_margin_yoy": -0.7077338129496403,
      "rev_growth_yoy": 0.031227768000898642,
      "rev_growth_yoy_accel": 0.06588268246131626,
      "fcf_margin_change": -0.06561834339364547
    },
    {
      "date": "2024-03-31T00:00:00",
      "quarter_label": "2024-03 (Q1)",
      "revenue": 113215000,
      "gross_profit": 20134000,
      "operating_income": 8690000,
      "net_income": 5238000,
      "opex": 11444000,
      "cogs": 93081000,
      "rd": null,
      "sga": 11444000,
      "fcf": -30659000,
      "ocf": -26089000,
      "capex": -4570000,
      "gross_margin": 0.1778386256238131,
      "op_margin": 0.07675661352294308,
      "fcf_margin": -0.27080333878019697,
      "incr_op_margin_yoy": 0.28183878736364926,
      "rev_growth_yoy": 0.14246647224436662,
      "rev_growth_yoy_accel": 0.11123870424346798,
      "op_leverage_ratio": 0.3791629671603159,
      "fcf_margin_change": -0.30710376360137265
    },
    {
      "date": "2024-06-30T00:00:00",
      "quarter_label": "2024-06 (Q2)",
      "revenue": 129505000,
      "gross_profit": 25814000,
      "operating_income": 13619000,
      "net_income": 8619000,
      "opex": 12195000,
      "cogs": 103691000,
      "rd": null,
      "sga": 12195000,
      "fcf": 16210000,
      "ocf": 22274000,
      "capex": -6064000,
      "gross_margin": 0.19932821126597428,
      "op_margin": 0.10516196285857689,
      "fcf_margin": 0.12516891239720473,
      "incr_op_margin_yoy": 0.1640143150841392,
      "rev_growth_yoy": 0.11285360739696834,
      "rev_growth_yoy_accel": -0.02961286484739828,
      "op_leverage_ratio": 2.1925778656766615,
      "fcf_margin_change": 0.3959722511774017
    },
    {
      "date": "2024-09-30T00:00:00",
      "quarter_label": "2024-09 (Q3)",
      "revenue": 130201000,
      "gross_profit": 27019000,
      "operating_income": 15438000,
      "net_income": 10253000,
      "opex": 11581000,
      "cogs": 103182000,
      "rd": null,
      "sga": 11581000,
      "fcf": 16768000,
      "ocf": 22743000,
      "capex": -5975000,
      "gross_margin": 0.2075176073916483,
      "op_margin": 0.11857051789156765,
      "fcf_margin": 0.12878549319897697,
      "incr_op_margin_yoy": 0.5558846589424166,
      "rev_growth_yoy": 0.09668806118495309,
      "rev_growth_yoy_accel": -0.016165546212015255,
      "fcf_margin_change": 0.00361658080177224
    },
    {
      "date": "2024-12-31T00:00:00",
      "quarter_label": "2024-12 (Q4)",
      "revenue": 119627000,
      "gross_profit": 22438000,
      "operating_income": 10497000,
      "net_income": 10096000,
      "opex": 11941000,
      "cogs": 97189000,
      "rd": null,
      "sga": 11941000,
      "fcf": 31933000,
      "ocf": 36123000,
      "capex": -4190000,
      "gross_margin": 0.18756635207770822,
      "op_margin": 0.08774774925393097,
      "fcf_margin": 0.26693806582126106,
      "incr_op_margin_yoy": 0.19782310049667123,
      "rev_growth_yoy": 0.08589920482190189,
      "rev_growth_yoy_accel": -0.0107888563630512,
      "fcf_margin_change": 0.1381525726222841
    },
    {
      "date": "2025-03-31T00:00:00",
      "quarter_label": "2025-03 (Q1)",
      "revenue": 116115000,
      "gross_profit": 19365000,
      "operating_income": 5569000,
      "net_income": 3964000,
      "opex": 13796000,
      "cogs": 96750000,
      "rd": null,
      "sga": 13796000,
      "fcf": 1178000,
      "ocf": 4848000,
      "capex": -3670000,
      "gross_margin": 0.1667743185634931,
      "op_margin": 0.04796107307410757,
      "fcf_margin": 0.010145114756922017,
      "incr_op_margin_yoy": -1.0762068965517242,
      "rev_growth_yoy": 0.02561498034712715,
      "rev_growth_yoy_accel": -0.06028422447477474,
      "fcf_margin_change": -0.256792951064339
    },
    {
      "date": "2025-06-30T00:00:00",
      "quarter_label": "2025-06 (Q2)",
      "revenue": 133182000,
      "gross_profit": 25365000,
      "operating_income": 13236000,
      "net_income": 9063000,
      "opex": 12129000,
      "cogs": 107817000,
      "rd": null,
      "sga": 12129000,
      "fcf": 1929000,
      "ocf": 5424000,
      "capex": -3495000,
      "gross_margin": 0.19045366490967247,
      "op_margin": 0.09938279947740686,
      "fcf_margin": 0.014483939271072667,
      "incr_op_margin_yoy": -0.10416100081588252,
      "rev_growth_yoy": 0.028392726149569513,
      "rev_growth_yoy_accel": 0.002777745802442364,
      "op_leverage_ratio": Infinity,
      "fcf_margin_change": 0.004338824514150651
    },
    {
      "date": "2025-09-30T00:00:00",
      "quarter_label": "2025-09 (Q3)",
      "revenue": 151067000,
      "gross_profit": 32150000,
      "operating_income": 19037000,
      "net_income": 13505000,
      "opex": 13113000,
      "cogs": 118917000,
      "rd": null,
      "sga": 13113000,
      "fcf": 13179000,
      "ocf": 20978000,
      "capex": -7799000,
      "gross_margin": 0.2128194774504028,
      "op_margin": 0.12601693288408455,
      "fcf_margin": 0.08723943680618533,
      "incr_op_margin_yoy": 0.17248154893127576,
      "rev_growth_yoy": 0.1602599058378968,
      "rev_growth_yoy_accel": 0.13186717968832729,
      "op_leverage_ratio": 1.6552870205854378,
      "fcf_margin_change": 0.07275549753511266
    }
  ],
  "signals": [
    {
      "quarter": "2025-09 (Q3)",
      "signal": "FCF MARGIN EXPANSION",
      "detail": "FCF margin: +1.4% -> +8.7% (+7.3%)",
      "severity": "MEDIUM"
    },
    {
      "quarter": "2025-09 (Q3)",
      "signal": "OPERATING LEVERAGE",
      "detail": "Rev growth +13.4% vs OpEx growth +8.1% (leverage: 1.7x)",
      "severity": "MEDIUM"
    },
    {
      "quarter": "2025-09 (Q3)",
      "signal": "YoY REVENUE GROWTH ACCELERATION",
      "detail": "YoY growth: +16.0% vs prior quarter YoY: +2.8% (accel: +13.2%)",
      "severity": "MEDIUM"
    },
    {
      "quarter": "2025-06 (Q2)",
      "signal": "GROSS MARGIN INFLECTION",
      "detail": "GM: +18.8% -> +16.7% -> +19.0% (reversal +2.4%)",
      "severity": "MEDIUM"
    },
    {
      "quarter": "2025-03 (Q1)",
      "signal": "YoY REVENUE GROWTH DECELERATION",
      "detail": "YoY growth: +2.6% vs prior quarter YoY: +8.6% (decel: -6.0%)",
      "severity": "WARNING"
    },
    {
      "quarter": "2024-12 (Q4)",
      "signal": "FCF MARGIN EXPANSION",
      "detail": "FCF margin: +12.9% -> +26.7% (+13.8%)",
      "severity": "MEDIUM"
    },
    {
      "quarter": "2024-12 (Q4)",
      "signal": "INCREMENTAL MARGIN (YoY)",
      "detail": "YoY Incr OPM: +19.8% vs year-ago OPM: +7.8%",
      "severity": "MEDIUM"
    },
    {
      "quarter": "2024-09 (Q3)",
      "signal": "INCREMENTAL MARGIN (YoY)",
      "detail": "YoY Incr OPM: +55.6% vs year-ago OPM: +7.6%",
      "severity": "HIGH"
    },
    {
      "quarter": "2024-06 (Q2)",
      "signal": "FCF TURNED POSITIVE",
      "detail": "FCF margin: -27.1% -> +12.5%",
      "severity": "HIGH"
    },
    {
      "quarter": "2024-06 (Q2)",
      "signal": "OPERATING LEVERAGE",
      "detail": "Rev growth +14.4% vs OpEx growth +6.6% (leverage: 2.2x)",
      "severity": "MEDIUM"
    },
    {
      "quarter": "2024-03 (Q1)",
      "signal": "YoY REVENUE GROWTH ACCELERATION",
      "detail": "YoY growth: +14.2% vs prior quarter YoY: +3.1% (accel: +11.1%)",
      "severity": "MEDIUM"
    },
    {
      "quarter": "2024-03 (Q1)",
      "signal": "INCREMENTAL MARGIN (YoY)",
      "detail": "YoY Incr OPM: +28.2% vs year-ago OPM: +4.8%",
      "severity": "HIGH"
    },
    {
      "quarter": "2023-12 (Q4)",
      "signal": "YoY REVENUE GROWTH ACCELERATION",
      "detail": "YoY growth: +3.1% vs prior quarter YoY: -3.5% (accel: +6.6%)",
      "severity": "MEDIUM"
    },
    {
      "quarter": "2023-09 (Q3)",
      "signal": "FCF TURNED POSITIVE",
      "detail": "FCF margin: -2.4% -> +10.2%",
      "severity": "HIGH"
    },
    {
      "quarter": "2023-09 (Q3)",
      "signal": "INCREMENTAL MARGIN (YoY)",
      "detail": "YoY Incr OPM: +126.9% vs year-ago OPM: +11.8%",
      "severity": "HIGH"
    },
    {
      "quarter": "2023-06 (Q2)",
      "signal": "GROSS MARGIN INFLECTION",
      "detail": "GM: +20.5% -> +16.7% -> +19.3% (reversal +2.6%)",
      "severity": "MEDIUM"
    },
    {
      "quarter": "2023-06 (Q2)",
      "signal": "YoY REVENUE GROWTH ACCELERATION",
      "detail": "YoY growth: -1.8% vs prior quarter YoY: -9.4% (accel: +7.5%)",
      "severity": "MEDIUM"
    },
    {
      "quarter": "2023-06 (Q2)",
      "signal": "INCREMENTAL MARGIN (YoY)",
      "detail": "YoY Incr OPM: +115.7% vs year-ago OPM: +11.8%",
      "severity": "HIGH"
    },
    {
      "quarter": "2023-03 (Q1)",
      "signal": "FCF TURNED POSITIVE",
      "detail": "FCF margin: -17.8% -> +22.1%",
      "severity": "HIGH"
    },
    {
      "quarter": "2023-03 (Q1)",
      "signal": "YoY REVENUE GROWTH DECELERATION",
      "detail": "YoY growth: -9.4% vs prior quarter YoY: +4.2% (decel: -13.5%)",
      "severity": "WARNING"
    },
    {
      "quarter": "2022-12 (Q4)",
      "signal": "YoY REVENUE GROWTH DECELERATION",
      "detail": "YoY growth: +4.2% vs prior quarter YoY: +45.3% (decel: -41.1%)",
      "severity": "WARNING"
    },
    {
      "quarter": "2022-12 (Q4)",
      "signal": "INCREMENTAL MARGIN (YoY)",
      "detail": "YoY Incr OPM: +184.6% vs year-ago OPM: +3.0%",
      "severity": "HIGH"
    },
    {
      "quarter": "2022-09 (Q3)",
      "signal": "FCF MARGIN EXPANSION",
      "detail": "FCF margin: +3.8% -> +9.8% (+6.0%)",
      "severity": "MEDIUM"
    },
    {
      "quarter": "2022-09 (Q3)",
      "signal": "YoY REVENUE GROWTH DECELERATION",
      "detail": "YoY growth: +45.3% vs prior quarter YoY: +60.6% (decel: -15.3%)",
      "severity": "WARNING"
    },
    {
      "quarter": "2022-09 (Q3)",
      "signal": "INCREMENTAL MARGIN (YoY)",
      "detail": "YoY Incr OPM: +20.0% vs year-ago OPM: +8.0%",
      "severity": "MEDIUM"
    },
    {
      "quarter": "2022-06 (Q2)",
      "signal": "FCF TURNED POSITIVE",
      "detail": "FCF margin: -2.6% -> +3.8%",
      "severity": "HIGH"
    },
    {
      "quarter": "2022-06 (Q2)",
      "signal": "YoY REVENUE GROWTH ACCELERATION",
      "detail": "YoY growth: +60.6% vs prior quarter YoY: +51.2% (accel: +9.4%)",
      "severity": "MEDIUM"
    },
    {
      "quarter": "2022-06 (Q2)",
      "signal": "INCREMENTAL MARGIN (YoY)",
      "detail": "YoY Incr OPM: +24.0% vs year-ago OPM: +4.3%",
      "severity": "MEDIUM"
    },
    {
      "quarter": "2021-12 (Q4)",
      "signal": "FCF TURNED POSITIVE",
      "detail": "FCF margin: -26.0% -> +2.6%",
      "severity": "HIGH"
    },
    {
      "quarter": "2021-06 (Q2)",
      "signal": "FCF TURNED POSITIVE",
      "detail": "FCF margin: -3.4% -> +3.7%",
      "severity": "HIGH"
    },
    {
      "quarter": "2021-03 (Q1)",
      "signal": "OPERATING LEVERAGE",
      "detail": "Rev growth +4.2% vs OpEx growth +1.1% (leverage: 4.0x)",
      "severity": "MEDIUM"
    }
  ],
  "data_quality": {
    "n_quarters": 20,
    "coverage": {
      "revenue": [
        20,
        20
      ],
      "gross_profit": [
        20,
        20
      ],
      "op_income": [
        20,
        20
      ],
      "fcf": [
        20,
        20
      ]
    },
    "gaps": [],
    "warnings": []
  },
  "market_cap": null,
  "source": "SEC EDGAR",
  "last_updated": "2026-02-02T22:15:49.000974",
  "sector": "Basic Materials",
  "industry": "Steel"
}