{
  "ticker": "NX",
  "name": "QUANEX BUILDING PRODUCTS CORPORATION",
  "quarters": [
    {
      "date": "2021-01-31T00:00:00",
      "quarter_label": "2021-01 (Q1)",
      "revenue": 230147000,
      "gross_profit": 53750000,
      "operating_income": 11835000,
      "net_income": 7852000,
      "opex": 41915000,
      "cogs": 176397000,
      "rd": null,
      "sga": 30861000,
      "fcf": -8641000,
      "ocf": -3395000,
      "capex": -5246000,
      "gross_margin": 0.23354638557096116,
      "op_margin": 0.051423655315950244,
      "fcf_margin": -0.0375455687017428
    },
    {
      "date": "2021-04-30T00:00:00",
      "quarter_label": "2021-04 (Q2)",
      "revenue": 270357000,
      "gross_profit": 61897000,
      "operating_income": 21380000,
      "net_income": 14551000,
      "opex": 40517000,
      "cogs": 208460000,
      "rd": null,
      "sga": 29672000,
      "fcf": 27802000,
      "ocf": 32355000,
      "capex": -4553000,
      "gross_margin": 0.2289454314110602,
      "op_margin": 0.0790806230280703,
      "fcf_margin": 0.10283440044089852,
      "op_leverage_ratio": Infinity,
      "fcf_margin_change": 0.1403799691426413
    },
    {
      "date": "2021-07-31T00:00:00",
      "quarter_label": "2021-07 (Q3)",
      "revenue": 279877000,
      "gross_profit": 60011000,
      "operating_income": 21562000,
      "net_income": 13679000,
      "opex": 38449000,
      "cogs": 219866000,
      "rd": null,
      "sga": 27766000,
      "fcf": 12268000,
      "ocf": 18475000,
      "capex": -6207000,
      "gross_margin": 0.21441919128760134,
      "op_margin": 0.07704098586164637,
      "fcf_margin": 0.04383354116272505,
      "op_leverage_ratio": Infinity,
      "fcf_margin_change": -0.059000859278173466
    },
    {
      "date": "2021-10-31T00:00:00",
      "quarter_label": "2021-10 (Q4)",
      "revenue": 291768000,
      "gross_profit": 64950000,
      "operating_income": 27093000,
      "net_income": 20898000,
      "opex": 37857000,
      "cogs": 226818000,
      "rd": null,
      "sga": 27668000,
      "fcf": 23151000,
      "ocf": 31153000,
      "capex": -8002000,
      "gross_margin": 0.22260837377642512,
      "op_margin": 0.09285802418359793,
      "fcf_margin": 0.07934728962737518,
      "op_leverage_ratio": Infinity,
      "fcf_margin_change": 0.03551374846465013
    },
    {
      "date": "2022-01-31T00:00:00",
      "quarter_label": "2022-01 (Q1)",
      "revenue": 267040000,
      "gross_profit": 55206000,
      "operating_income": 14126000,
      "net_income": 11239000,
      "opex": 41080000,
      "cogs": 211834000,
      "rd": null,
      "sga": 30823000,
      "fcf": -29021000,
      "ocf": -21651000,
      "capex": -7370000,
      "gross_margin": 0.20673307369682445,
      "op_margin": 0.05289844218094667,
      "fcf_margin": -0.1086766027561414,
      "incr_op_margin_yoy": 0.06209850107066381,
      "rev_growth_yoy": 0.16030189400687386,
      "fcf_margin_change": -0.18802389238351658
    },
    {
      "date": "2022-04-30T00:00:00",
      "quarter_label": "2022-04 (Q2)",
      "revenue": 322893000,
      "gross_profit": 73242000,
      "operating_income": 34550000,
      "net_income": 26522000,
      "opex": 38692000,
      "cogs": 249651000,
      "rd": null,
      "sga": 28129000,
      "fcf": 13355000,
      "ocf": 19770000,
      "capex": -6415000,
      "gross_margin": 0.22683055996878224,
      "op_margin": 0.10700139055352702,
      "fcf_margin": 0.0413604506756108,
      "incr_op_margin_yoy": 0.2506852444038374,
      "rev_growth_yoy": 0.19432084244166048,
      "rev_growth_yoy_accel": 0.03401894843478662,
      "op_leverage_ratio": Infinity,
      "fcf_margin_change": 0.1500370534317522
    },
    {
      "date": "2022-07-31T00:00:00",
      "quarter_label": "2022-07 (Q3)",
      "revenue": 324037000,
      "gross_profit": 72591000,
      "operating_income": 34035000,
      "net_income": 25908000,
      "opex": 38556000,
      "cogs": 251446000,
      "rd": null,
      "sga": 28822000,
      "fcf": 46032000,
      "ocf": 51735000,
      "capex": -5703000,
      "gross_margin": 0.22402071368393114,
      "op_margin": 0.10503430163839314,
      "fcf_margin": 0.14205785141820224,
      "incr_op_margin_yoy": 0.2824501811594203,
      "rev_growth_yoy": 0.15778359779474554,
      "rev_growth_yoy_accel": -0.036537244646914935,
      "fcf_margin_change": 0.10069740074259143
    },
    {
      "date": "2022-10-31T00:00:00",
      "quarter_label": "2022-10 (Q4)",
      "revenue": 307532000,
      "gross_profit": 67459000,
      "operating_income": 28570000,
      "net_income": 24667000,
      "opex": 38889000,
      "cogs": 240073000,
      "rd": null,
      "sga": 29334000,
      "fcf": 34478000,
      "ocf": 48111000,
      "capex": -13633000,
      "gross_margin": 0.21935603449397137,
      "op_margin": 0.09290090136961357,
      "fcf_margin": 0.11211191030526904,
      "incr_op_margin_yoy": 0.09369449378330373,
      "rev_growth_yoy": 0.054029228702256585,
      "rev_growth_yoy_accel": -0.10375436909248896,
      "fcf_margin_change": -0.029945941112933194
    },
    {
      "date": "2023-01-31T00:00:00",
      "quarter_label": "2023-01 (Q1)",
      "revenue": 261916000,
      "gross_profit": 51767000,
      "operating_income": 4403000,
      "net_income": 1909000,
      "opex": 47364000,
      "cogs": 210149000,
      "rd": null,
      "sga": 36744000,
      "fcf": -4447000,
      "ocf": 3135000,
      "capex": -7582000,
      "gross_margin": 0.19764733731425344,
      "op_margin": 0.016810733212174897,
      "fcf_margin": -0.01697872600375693,
      "incr_op_margin_yoy": 1.8975409836065573,
      "rev_growth_yoy": -0.01918813660874775,
      "rev_growth_yoy_accel": -0.07321736531100434,
      "fcf_margin_change": -0.12909063630902598
    },
    {
      "date": "2023-04-30T00:00:00",
      "quarter_label": "2023-04 (Q2)",
      "revenue": 273535000,
      "gross_profit": 67163000,
      "operating_income": 29336000,
      "net_income": 21512000,
      "opex": 37827000,
      "cogs": 206372000,
      "rd": null,
      "sga": 27371000,
      "fcf": 27833000,
      "ocf": 35325000,
      "capex": -7492000,
      "gross_margin": 0.2455371341875811,
      "op_margin": 0.10724770139104685,
      "fcf_margin": 0.10175297493922167,
      "incr_op_margin_yoy": 0.10563637100368735,
      "rev_growth_yoy": -0.1528617839346161,
      "rev_growth_yoy_accel": -0.13367364732586837,
      "op_leverage_ratio": Infinity,
      "fcf_margin_change": 0.1187317009429786
    },
    {
      "date": "2023-07-31T00:00:00",
      "quarter_label": "2023-07 (Q3)",
      "revenue": 299640000,
      "gross_profit": 78575000,
      "operating_income": 37463000,
      "net_income": 31698000,
      "opex": 41112000,
      "cogs": 221065000,
      "rd": null,
      "sga": 30516000,
      "fcf": 56723000,
      "ocf": 64099000,
      "capex": -7376000,
      "gross_margin": 0.26223134427980244,
      "op_margin": 0.1250266987051128,
      "fcf_margin": 0.18930383126418368,
      "incr_op_margin_yoy": -0.14050907898512113,
      "rev_growth_yoy": -0.07529078469434046,
      "rev_growth_yoy_accel": 0.07757099924027565,
      "op_leverage_ratio": 1.0989484454044223,
      "fcf_margin_change": 0.08755085632496201
    },
    {
      "date": "2023-10-31T00:00:00",
      "quarter_label": "2023-10 (Q4)",
      "revenue": 295492000,
      "gross_profit": 80019000,
      "operating_income": 39499000,
      "net_income": 27382000,
      "opex": 40520000,
      "cogs": 215473000,
      "rd": null,
      "sga": 29326000,
      "fcf": 29553000,
      "ocf": 44493000,
      "capex": -14940000,
      "gross_margin": 0.27079920945406305,
      "op_margin": 0.13367197758314947,
      "fcf_margin": 0.10001285990822087,
      "incr_op_margin_yoy": -0.9077242524916943,
      "rev_growth_yoy": -0.03915039735702301,
      "rev_growth_yoy_accel": 0.03614038733731745,
      "fcf_margin_change": -0.08929097135596281
    },
    {
      "date": "2024-01-31T00:00:00",
      "quarter_label": "2024-01 (Q1)",
      "revenue": 239155000,
      "gross_profit": 51432000,
      "operating_income": 7917000,
      "net_income": 6249000,
      "opex": 43515000,
      "cogs": 187723000,
      "rd": null,
      "sga": 32363000,
      "fcf": -5726000,
      "ocf": 3854000,
      "capex": -9580000,
      "gross_margin": 0.21505718048964062,
      "op_margin": 0.033104053856285676,
      "fcf_margin": -0.023942631347870627,
      "incr_op_margin_yoy": -0.1543868898554545,
      "rev_growth_yoy": -0.08690190748178805,
      "rev_growth_yoy_accel": -0.04775151012476504,
      "fcf_margin_change": -0.1239554912560915
    },
    {
      "date": "2024-04-30T00:00:00",
      "quarter_label": "2024-04 (Q2)",
      "revenue": 266201000,
      "gross_profit": 66238000,
      "operating_income": 20637000,
      "net_income": 15377000,
      "opex": 45601000,
      "cogs": 199963000,
      "rd": null,
      "sga": 34707000,
      "fcf": 25488000,
      "ocf": 33091000,
      "capex": -7603000,
      "gross_margin": 0.24882701417350048,
      "op_margin": 0.07752412650591095,
      "fcf_margin": 0.09574719854546002,
      "incr_op_margin_yoy": 1.1861194436869376,
      "rev_growth_yoy": -0.026811925347761712,
      "rev_growth_yoy_accel": 0.060089982134026346,
      "op_leverage_ratio": 2.359110384911658,
      "fcf_margin_change": 0.11968982989333064
    },
    {
      "date": "2024-07-31T00:00:00",
      "quarter_label": "2024-07 (Q3)",
      "revenue": 280345000,
      "gross_profit": 70904000,
      "operating_income": 23442000,
      "net_income": 25350000,
      "opex": 47462000,
      "cogs": 209441000,
      "rd": null,
      "sga": 36509000,
      "fcf": 40136000,
      "ocf": 46388000,
      "capex": -6252000,
      "gross_margin": 0.25291694162549716,
      "op_margin": 0.08361839875867234,
      "fcf_margin": 0.14316645561718597,
      "incr_op_margin_yoy": 0.7266649391033947,
      "rev_growth_yoy": -0.06439393939393939,
      "rev_growth_yoy_accel": -0.037582014046177684,
      "op_leverage_ratio": 1.3019387658089125,
      "fcf_margin_change": 0.04741925707172595
    },
    {
      "date": "2024-10-31T00:00:00",
      "quarter_label": "2024-10 (Q4)",
      "revenue": 492161000,
      "gross_profit": 117050000,
      "operating_income": 2830000,
      "net_income": -13917000,
      "opex": 114220000,
      "cogs": 375111000,
      "rd": null,
      "sga": 86891000,
      "fcf": -8172000,
      "ocf": 5479000,
      "capex": -13651000,
      "gross_margin": 0.23782867801390195,
      "op_margin": 0.005750150865265634,
      "fcf_margin": -0.016604322569240552,
      "incr_op_margin_yoy": -0.18645033025031907,
      "rev_growth_yoy": 0.665564549970896,
      "rev_growth_yoy_accel": 0.7299584893648354,
      "op_leverage_ratio": 0.537166184665199,
      "fcf_margin_change": -0.15977077818642652
    },
    {
      "date": "2025-01-31T00:00:00",
      "quarter_label": "2025-01 (Q1)",
      "revenue": 400044000,
      "gross_profit": 92316000,
      "operating_income": -6978000,
      "net_income": -14885000,
      "opex": 99294000,
      "cogs": 307728000,
      "rd": null,
      "sga": 66650000,
      "fcf": -24134000,
      "ocf": -12510000,
      "capex": -11624000,
      "gross_margin": 0.23076461589225186,
      "op_margin": -0.017443081261061283,
      "fcf_margin": -0.0603283638799732,
      "incr_op_margin_yoy": -0.09257935595348346,
      "rev_growth_yoy": 0.6727394367669502,
      "rev_growth_yoy_accel": 0.0071748867960542695,
      "fcf_margin_change": -0.04372404131073265
    },
    {
      "date": "2025-04-30T00:00:00",
      "quarter_label": "2025-04 (Q2)",
      "revenue": 452478000,
      "gross_profit": 131382000,
      "operating_income": 40921000,
      "net_income": 20515000,
      "opex": 90461000,
      "cogs": 321096000,
      "rd": null,
      "sga": 70333000,
      "fcf": 13577000,
      "ocf": 28497000,
      "capex": -14920000,
      "gross_margin": 0.29036107832867014,
      "op_margin": 0.0904375461348397,
      "fcf_margin": 0.030005878738855813,
      "incr_op_margin_yoy": 0.10889159692286218,
      "rev_growth_yoy": 0.6997607071348342,
      "rev_growth_yoy_accel": 0.02702127036788393,
      "op_leverage_ratio": Infinity,
      "fcf_margin_change": 0.09033424261882901
    },
    {
      "date": "2025-07-31T00:00:00",
      "quarter_label": "2025-07 (Q3)",
      "revenue": 495273000,
      "gross_profit": 137968000,
      "operating_income": -270835000,
      "net_income": -276007000,
      "opex": 408803000,
      "cogs": 357305000,
      "rd": null,
      "sga": 71270000,
      "fcf": 46204000,
      "ocf": 60656000,
      "capex": -14452000,
      "gross_margin": 0.27856959696975203,
      "op_margin": -0.5468398236931955,
      "fcf_margin": 0.09328996331316264,
      "incr_op_margin_yoy": -1.3691887515819252,
      "rev_growth_yoy": 0.7666553710606574,
      "rev_growth_yoy_accel": 0.06689466392582322,
      "op_leverage_ratio": 0.02687589937939377,
      "fcf_margin_change": 0.06328408457430683
    },
    {
      "date": "2025-10-31T00:00:00",
      "quarter_label": "2025-10 (Q4)",
      "revenue": 489846000,
      "gross_profit": 137562000,
      "operating_income": 42940000,
      "net_income": 19571000,
      "opex": 94622000,
      "cogs": 352284000,
      "rd": null,
      "sga": 69008000,
      "fcf": 66608000,
      "ocf": 88254000,
      "capex": -21646000,
      "gross_margin": 0.2808270354356267,
      "op_margin": 0.0876602034108679,
      "fcf_margin": 0.13597742964115253,
      "incr_op_margin_yoy": -17.326133909287257,
      "rev_growth_yoy": -0.004703745319113054,
      "rev_growth_yoy_accel": -0.7713591163797705,
      "fcf_margin_change": 0.04268746632798989
    }
  ],
  "signals": [
    {
      "quarter": "2025-10 (Q4)",
      "signal": "YoY REVENUE GROWTH DECELERATION",
      "detail": "YoY growth: -0.5% vs prior quarter YoY: +76.7% (decel: -77.1%)",
      "severity": "WARNING"
    },
    {
      "quarter": "2025-10 (Q4)",
      "signal": "OP MARGIN TURNED POSITIVE (QoQ)",
      "detail": "Op margin: -54.7% -> +8.8%",
      "severity": "HIGH"
    },
    {
      "quarter": "2025-07 (Q3)",
      "signal": "FCF MARGIN EXPANSION",
      "detail": "FCF margin: +3.0% -> +9.3% (+6.3%)",
      "severity": "MEDIUM"
    },
    {
      "quarter": "2025-07 (Q3)",
      "signal": "YoY REVENUE GROWTH ACCELERATION",
      "detail": "YoY growth: +76.7% vs prior quarter YoY: +70.0% (accel: +6.7%)",
      "severity": "MEDIUM"
    },
    {
      "quarter": "2025-04 (Q2)",
      "signal": "FCF TURNED POSITIVE",
      "detail": "FCF margin: -6.0% -> +3.0%",
      "severity": "HIGH"
    },
    {
      "quarter": "2025-04 (Q2)",
      "signal": "GROSS MARGIN INFLECTION",
      "detail": "GM: +23.8% -> +23.1% -> +29.0% (reversal +6.0%)",
      "severity": "HIGH"
    },
    {
      "quarter": "2025-04 (Q2)",
      "signal": "OP MARGIN TURNED POSITIVE (QoQ)",
      "detail": "Op margin: -1.7% -> +9.0%",
      "severity": "HIGH"
    },
    {
      "quarter": "2024-10 (Q4)",
      "signal": "YoY REVENUE GROWTH ACCELERATION",
      "detail": "YoY growth: +66.6% vs prior quarter YoY: -6.4% (accel: +73.0%)",
      "severity": "HIGH"
    },
    {
      "quarter": "2024-07 (Q3)",
      "signal": "INCREMENTAL MARGIN (YoY)",
      "detail": "YoY Incr OPM: +72.7% vs year-ago OPM: +12.5%",
      "severity": "HIGH"
    },
    {
      "quarter": "2024-04 (Q2)",
      "signal": "FCF TURNED POSITIVE",
      "detail": "FCF margin: -2.4% -> +9.6%",
      "severity": "HIGH"
    },
    {
      "quarter": "2024-04 (Q2)",
      "signal": "OPERATING LEVERAGE",
      "detail": "Rev growth +11.3% vs OpEx growth +4.8% (leverage: 2.4x)",
      "severity": "MEDIUM"
    },
    {
      "quarter": "2024-04 (Q2)",
      "signal": "GROSS MARGIN INFLECTION",
      "detail": "GM: +27.1% -> +21.5% -> +24.9% (reversal +3.4%)",
      "severity": "MEDIUM"
    },
    {
      "quarter": "2024-04 (Q2)",
      "signal": "YoY REVENUE GROWTH ACCELERATION",
      "detail": "YoY growth: -2.7% vs prior quarter YoY: -8.7% (accel: +6.0%)",
      "severity": "MEDIUM"
    },
    {
      "quarter": "2024-04 (Q2)",
      "signal": "INCREMENTAL MARGIN (YoY)",
      "detail": "YoY Incr OPM: +118.6% vs year-ago OPM: +10.7%",
      "severity": "HIGH"
    },
    {
      "quarter": "2023-07 (Q3)",
      "signal": "FCF MARGIN EXPANSION",
      "detail": "FCF margin: +10.2% -> +18.9% (+8.8%)",
      "severity": "MEDIUM"
    },
    {
      "quarter": "2023-07 (Q3)",
      "signal": "YoY REVENUE GROWTH ACCELERATION",
      "detail": "YoY growth: -7.5% vs prior quarter YoY: -15.3% (accel: +7.8%)",
      "severity": "MEDIUM"
    },
    {
      "quarter": "2023-04 (Q2)",
      "signal": "FCF TURNED POSITIVE",
      "detail": "FCF margin: -1.7% -> +10.2%",
      "severity": "HIGH"
    },
    {
      "quarter": "2023-04 (Q2)",
      "signal": "GROSS MARGIN INFLECTION",
      "detail": "GM: +21.9% -> +19.8% -> +24.6% (reversal +4.8%)",
      "severity": "MEDIUM"
    },
    {
      "quarter": "2023-04 (Q2)",
      "signal": "YoY REVENUE GROWTH DECELERATION",
      "detail": "YoY growth: -15.3% vs prior quarter YoY: -1.9% (decel: -13.4%)",
      "severity": "WARNING"
    },
    {
      "quarter": "2023-01 (Q1)",
      "signal": "YoY REVENUE GROWTH DECELERATION",
      "detail": "YoY growth: -1.9% vs prior quarter YoY: +5.4% (decel: -7.3%)",
      "severity": "WARNING"
    },
    {
      "quarter": "2023-01 (Q1)",
      "signal": "INCREMENTAL MARGIN (YoY)",
      "detail": "YoY Incr OPM: +189.8% vs year-ago OPM: +5.3%",
      "severity": "HIGH"
    },
    {
      "quarter": "2022-10 (Q4)",
      "signal": "YoY REVENUE GROWTH DECELERATION",
      "detail": "YoY growth: +5.4% vs prior quarter YoY: +15.8% (decel: -10.4%)",
      "severity": "WARNING"
    },
    {
      "quarter": "2022-07 (Q3)",
      "signal": "FCF MARGIN EXPANSION",
      "detail": "FCF margin: +4.1% -> +14.2% (+10.1%)",
      "severity": "MEDIUM"
    },
    {
      "quarter": "2022-07 (Q3)",
      "signal": "INCREMENTAL MARGIN (YoY)",
      "detail": "YoY Incr OPM: +28.2% vs year-ago OPM: +7.7%",
      "severity": "HIGH"
    },
    {
      "quarter": "2022-04 (Q2)",
      "signal": "FCF TURNED POSITIVE",
      "detail": "FCF margin: -10.9% -> +4.1%",
      "severity": "HIGH"
    },
    {
      "quarter": "2022-04 (Q2)",
      "signal": "GROSS MARGIN INFLECTION",
      "detail": "GM: +22.3% -> +20.7% -> +22.7% (reversal +2.0%)",
      "severity": "MEDIUM"
    },
    {
      "quarter": "2022-04 (Q2)",
      "signal": "INCREMENTAL MARGIN (YoY)",
      "detail": "YoY Incr OPM: +25.1% vs year-ago OPM: +7.9%",
      "severity": "MEDIUM"
    },
    {
      "quarter": "2021-04 (Q2)",
      "signal": "FCF TURNED POSITIVE",
      "detail": "FCF margin: -3.8% -> +10.3%",
      "severity": "HIGH"
    }
  ],
  "data_quality": {
    "n_quarters": 20,
    "coverage": {
      "revenue": [
        20,
        20
      ],
      "gross_profit": [
        20,
        20
      ],
      "op_income": [
        20,
        20
      ],
      "fcf": [
        20,
        20
      ]
    },
    "gaps": [],
    "warnings": []
  },
  "market_cap": null,
  "source": "SEC EDGAR",
  "last_updated": "2026-02-02T22:06:48.497357"
}