{
  "ticker": "NXDR",
  "name": "Nextdoor Holdings, Inc",
  "quarters": [
    {
      "date": "2021-03-31T00:00:00",
      "quarter_label": "2021-03 (Q1)",
      "revenue": 34387000,
      "gross_profit": 28050000,
      "operating_income": -24993000,
      "net_income": -25140000,
      "opex": 59380000,
      "cogs": 6337000,
      "rd": 20820000,
      "sga": null,
      "fcf": -10644000,
      "ocf": -8750000,
      "capex": -1894000,
      "gross_margin": 0.8157152412248815,
      "op_margin": -0.7268153662721377,
      "fcf_margin": -0.3095355803065112
    },
    {
      "date": "2021-06-30T00:00:00",
      "quarter_label": "2021-06 (Q2)",
      "revenue": 45778000,
      "gross_profit": 39178000,
      "operating_income": -317856,
      "net_income": -3261529,
      "opex": 67246000,
      "cogs": 6600000,
      "rd": 23331000,
      "sga": null,
      "fcf": -21297000,
      "ocf": -16843000,
      "capex": -4454000,
      "gross_margin": 0.8558259425925117,
      "op_margin": -0.0069434226047446375,
      "fcf_margin": -0.4652234697889816,
      "op_leverage_ratio": 2.5006552043231527,
      "fcf_margin_change": -0.15568788948247042
    },
    {
      "date": "2021-09-30T00:00:00",
      "quarter_label": "2021-09 (Q3)",
      "revenue": 52705000,
      "gross_profit": 45334000,
      "operating_income": -2245939,
      "net_income": 4008374,
      "opex": 71785000,
      "cogs": 7371000,
      "rd": 25461000,
      "sga": null,
      "fcf": -9428000,
      "ocf": -7687000,
      "capex": -1741000,
      "gross_margin": 0.8601460961958068,
      "op_margin": -0.04261339531353762,
      "fcf_margin": -0.17888245896973723,
      "op_leverage_ratio": 2.241788548354155,
      "fcf_margin_change": 0.28634101081924435
    },
    {
      "date": "2021-12-31T00:00:00",
      "quarter_label": "2021-12 (Q4)",
      "revenue": 59327000,
      "gross_profit": 50822000,
      "operating_income": -29265000,
      "net_income": -29323000,
      "opex": 88592000,
      "cogs": 8505000,
      "rd": 27484000,
      "sga": null,
      "fcf": -18745000,
      "ocf": -17988000,
      "capex": -757000,
      "gross_margin": 0.8566420011124783,
      "op_margin": -0.4932829908810491,
      "fcf_margin": -0.315960692433462,
      "op_leverage_ratio": 0.5366373093208443,
      "fcf_margin_change": -0.13707823346372475
    },
    {
      "date": "2022-03-31T00:00:00",
      "quarter_label": "2022-03 (Q1)",
      "revenue": 51000000,
      "gross_profit": 41945000,
      "operating_income": -33226000,
      "net_income": -32948000,
      "opex": 84226000,
      "cogs": 9055000,
      "rd": 28960000,
      "sga": null,
      "fcf": -6150000,
      "ocf": -5513000,
      "capex": -637000,
      "gross_margin": 0.8224509803921569,
      "op_margin": -0.6514901960784314,
      "fcf_margin": -0.12058823529411765,
      "incr_op_margin_yoy": -0.495575753927647,
      "rev_growth_yoy": 0.48311862040887543,
      "fcf_margin_change": 0.1953724571393443
    },
    {
      "date": "2022-06-30T00:00:00",
      "quarter_label": "2022-06 (Q2)",
      "revenue": 54541000,
      "gross_profit": 44354000,
      "operating_income": -38255000,
      "net_income": -36843000,
      "opex": 92796000,
      "cogs": 10187000,
      "rd": 32699000,
      "sga": null,
      "fcf": -23274000,
      "ocf": -22608000,
      "capex": -666000,
      "gross_margin": 0.8132230798848573,
      "op_margin": -0.7013989475807191,
      "fcf_margin": -0.42672484919601766,
      "incr_op_margin_yoy": -4.329241583932443,
      "rev_growth_yoy": 0.1914238280396697,
      "rev_growth_yoy_accel": -0.2916947923692057,
      "op_leverage_ratio": 0.6823718534788479,
      "fcf_margin_change": -0.3061366139019
    },
    {
      "date": "2022-09-30T00:00:00",
      "quarter_label": "2022-09 (Q3)",
      "revenue": 53954000,
      "gross_profit": 44072000,
      "operating_income": -36392000,
      "net_income": -34717000,
      "opex": 90346000,
      "cogs": 9882000,
      "rd": 33398000,
      "sga": null,
      "fcf": -13555000,
      "ocf": -12676000,
      "capex": -879000,
      "gross_margin": 0.816843978203655,
      "op_margin": -0.6745005004262891,
      "fcf_margin": -0.2512325314156504,
      "incr_op_margin_yoy": -27.338719775820657,
      "rev_growth_yoy": 0.02369794137178636,
      "rev_growth_yoy_accel": -0.16772588666788335,
      "fcf_margin_change": 0.17549231778036728
    },
    {
      "date": "2022-12-31T00:00:00",
      "quarter_label": "2022-12 (Q4)",
      "revenue": 53270000,
      "gross_profit": 43413000,
      "operating_income": -36331000,
      "net_income": -33408000,
      "opex": 89601000,
      "cogs": 9857000,
      "rd": 32016000,
      "sga": null,
      "fcf": -20685000,
      "ocf": -19706000,
      "capex": -979000,
      "gross_margin": 0.8149615168012014,
      "op_margin": -0.6820161441712033,
      "fcf_margin": -0.3883048620236531,
      "incr_op_margin_yoy": 1.1665841175499423,
      "rev_growth_yoy": -0.10209516746169535,
      "rev_growth_yoy_accel": -0.12579310883348171,
      "fcf_margin_change": -0.13707233060800272
    },
    {
      "date": "2023-03-31T00:00:00",
      "quarter_label": "2023-03 (Q1)",
      "revenue": 49771000,
      "gross_profit": 39858000,
      "operating_income": -38812000,
      "net_income": -33716000,
      "opex": 88583000,
      "cogs": 9913000,
      "rd": 32982000,
      "sga": null,
      "fcf": -13774000,
      "ocf": -13715000,
      "capex": -59000,
      "gross_margin": 0.8008277912840811,
      "op_margin": -0.7798115368387214,
      "fcf_margin": -0.2767475035663338,
      "incr_op_margin_yoy": 4.5451586655817735,
      "rev_growth_yoy": -0.024098039215686276,
      "rev_growth_yoy_accel": 0.07799712824600907,
      "fcf_margin_change": 0.11155735845731929
    },
    {
      "date": "2023-06-30T00:00:00",
      "quarter_label": "2023-06 (Q2)",
      "revenue": 56889000,
      "gross_profit": 46451000,
      "operating_income": -41442000,
      "net_income": -35403000,
      "opex": 98331000,
      "cogs": 10438000,
      "rd": 37117000,
      "sga": null,
      "fcf": -12414000,
      "ocf": -12334000,
      "capex": -80000,
      "gross_margin": 0.8165198896095907,
      "op_margin": -0.7284712334546222,
      "fcf_margin": -0.21821441754996573,
      "incr_op_margin_yoy": -1.3573253833049403,
      "rev_growth_yoy": 0.04305018243156524,
      "rev_growth_yoy_accel": 0.06714822164725151,
      "op_leverage_ratio": 1.2996202830547823,
      "fcf_margin_change": 0.058533086016368086
    },
    {
      "date": "2023-09-30T00:00:00",
      "quarter_label": "2023-09 (Q3)",
      "revenue": 56092000,
      "gross_profit": 45369000,
      "operating_income": -44376000,
      "net_income": -38116000,
      "opex": 100468000,
      "cogs": 10723000,
      "rd": 39649000,
      "sga": null,
      "fcf": -18416000,
      "ocf": -18287000,
      "capex": -129000,
      "gross_margin": 0.8088319189902303,
      "op_margin": -0.7911288597304429,
      "fcf_margin": -0.3283177636739642,
      "incr_op_margin_yoy": -3.7343311506080448,
      "rev_growth_yoy": 0.03962634837083442,
      "rev_growth_yoy_accel": -0.0034238340607308237,
      "fcf_margin_change": -0.11010334612399847
    },
    {
      "date": "2023-12-31T00:00:00",
      "quarter_label": "2023-12 (Q4)",
      "revenue": 55557000,
      "gross_profit": 45018000,
      "operating_income": -47654000,
      "net_income": -40530000,
      "opex": 103211000,
      "cogs": 10539000,
      "rd": 40250000,
      "sga": null,
      "fcf": -14936000,
      "ocf": -14937000,
      "capex": 1000,
      "gross_margin": 0.8103029321237648,
      "op_margin": -0.8577496985078388,
      "fcf_margin": -0.2688410101337365,
      "incr_op_margin_yoy": -4.95102754700481,
      "rev_growth_yoy": 0.042932232025530315,
      "rev_growth_yoy_accel": 0.0033058836546958972,
      "fcf_margin_change": 0.05947675354022769
    },
    {
      "date": "2024-03-31T00:00:00",
      "quarter_label": "2024-03 (Q1)",
      "revenue": 53146000,
      "gross_profit": 43168000,
      "operating_income": -34749000,
      "net_income": -28261000,
      "opex": 87895000,
      "cogs": 9978000,
      "rd": 31319000,
      "sga": null,
      "fcf": -13647000,
      "ocf": -13627000,
      "capex": -20000,
      "gross_margin": 0.8122530387987807,
      "op_margin": -0.6538403642795318,
      "fcf_margin": -0.2567832009934896,
      "incr_op_margin_yoy": 1.203851851851852,
      "rev_growth_yoy": 0.06781057242169135,
      "rev_growth_yoy_accel": 0.024878340396161033,
      "fcf_margin_change": 0.0120578091402469
    },
    {
      "date": "2024-06-30T00:00:00",
      "quarter_label": "2024-06 (Q2)",
      "revenue": 63292000,
      "gross_profit": 53012000,
      "operating_income": -49016000,
      "net_income": -42781000,
      "opex": 112308000,
      "cogs": 10280000,
      "rd": 31102000,
      "sga": null,
      "fcf": -5461000,
      "ocf": -5360000,
      "capex": -101000,
      "gross_margin": 0.8375782089363585,
      "op_margin": -0.7744422675851609,
      "fcf_margin": -0.08628262655627883,
      "incr_op_margin_yoy": -1.1828830235826957,
      "rev_growth_yoy": 0.11255251454587002,
      "rev_growth_yoy_accel": 0.044741942124178674,
      "op_leverage_ratio": 0.6873331559406928,
      "fcf_margin_change": 0.17050057443721078
    },
    {
      "date": "2024-09-30T00:00:00",
      "quarter_label": "2024-09 (Q3)",
      "revenue": 65610000,
      "gross_profit": 54481000,
      "operating_income": -20777000,
      "net_income": -14898000,
      "opex": 86387000,
      "cogs": 11129000,
      "rd": 31897000,
      "sga": null,
      "fcf": -13165000,
      "ocf": -12971000,
      "capex": -194000,
      "gross_margin": 0.8303764670019814,
      "op_margin": -0.3166742874561805,
      "fcf_margin": -0.20065538789818627,
      "incr_op_margin_yoy": 2.479407438537508,
      "rev_growth_yoy": 0.16968551665121587,
      "rev_growth_yoy_accel": 0.057133002105345845,
      "op_leverage_ratio": Infinity,
      "fcf_margin_change": -0.11437276134190744
    },
    {
      "date": "2024-12-31T00:00:00",
      "quarter_label": "2024-12 (Q4)",
      "revenue": 65228000,
      "gross_profit": 54765000,
      "operating_income": -17097000,
      "net_income": -12123000,
      "opex": 82325000,
      "cogs": 10463000,
      "rd": 33621000,
      "sga": null,
      "fcf": 11667000,
      "ocf": 11756000,
      "capex": -89000,
      "gross_margin": 0.8395934261360152,
      "op_margin": -0.26211136321824985,
      "fcf_margin": 0.17886490464217822,
      "incr_op_margin_yoy": 3.1596525695377933,
      "rev_growth_yoy": 0.17407347408967366,
      "rev_growth_yoy_accel": 0.004387957438457796,
      "fcf_margin_change": 0.37952029254036446
    },
    {
      "date": "2025-03-31T00:00:00",
      "quarter_label": "2025-03 (Q1)",
      "revenue": 54176000,
      "gross_profit": 44729000,
      "operating_income": -27013000,
      "net_income": -21952000,
      "opex": 81189000,
      "cogs": 9447000,
      "rd": 33494000,
      "sga": null,
      "fcf": 340000,
      "ocf": 368000,
      "capex": -28000,
      "gross_margin": 0.8256238924985233,
      "op_margin": -0.4986156231541642,
      "fcf_margin": 0.006275841701122268,
      "incr_op_margin_yoy": 7.5106796116504855,
      "rev_growth_yoy": 0.019380574267113235,
      "rev_growth_yoy_accel": -0.15469289982256043,
      "fcf_margin_change": -0.17258906294105594
    },
    {
      "date": "2025-06-30T00:00:00",
      "quarter_label": "2025-06 (Q2)",
      "revenue": 65093000,
      "gross_profit": 54450000,
      "operating_income": -20276000,
      "net_income": -15362000,
      "opex": 85369000,
      "cogs": 10643000,
      "rd": 34622000,
      "sga": null,
      "fcf": 2637000,
      "ocf": 2946000,
      "capex": -309000,
      "gross_margin": 0.8364954757039927,
      "op_margin": -0.3114927872428679,
      "fcf_margin": 0.04051126849277188,
      "incr_op_margin_yoy": 15.957801221543587,
      "rev_growth_yoy": 0.02845541300638311,
      "rev_growth_yoy_accel": 0.009074838739269876,
      "op_leverage_ratio": 3.9139681239172277,
      "fcf_margin_change": 0.03423542679164961
    },
    {
      "date": "2025-09-30T00:00:00",
      "quarter_label": "2025-09 (Q3)",
      "revenue": 68898000,
      "gross_profit": 58461000,
      "operating_income": -17229000,
      "net_income": -12857000,
      "opex": 86127000,
      "cogs": 10437000,
      "rd": 35674000,
      "sga": null,
      "fcf": -6480000,
      "ocf": -6315000,
      "capex": -165000,
      "gross_margin": 0.8485151963772534,
      "op_margin": -0.25006531394234954,
      "fcf_margin": -0.09405207698336672,
      "incr_op_margin_yoy": 1.0790754257907542,
      "rev_growth_yoy": 0.050114311842706906,
      "rev_growth_yoy_accel": 0.021658898836323794,
      "op_leverage_ratio": 6.5834169597085905,
      "fcf_margin_change": -0.1345633454761386
    }
  ],
  "signals": [
    {
      "quarter": "2025-09 (Q3)",
      "signal": "OPERATING LEVERAGE",
      "detail": "Rev growth +5.8% vs OpEx growth +0.9% (leverage: 6.6x)",
      "severity": "MEDIUM"
    },
    {
      "quarter": "2025-06 (Q2)",
      "signal": "OPERATING LEVERAGE",
      "detail": "Rev growth +20.2% vs OpEx growth +5.1% (leverage: 3.9x)",
      "severity": "MEDIUM"
    },
    {
      "quarter": "2025-03 (Q1)",
      "signal": "YoY REVENUE GROWTH DECELERATION",
      "detail": "YoY growth: +1.9% vs prior quarter YoY: +17.4% (decel: -15.5%)",
      "severity": "WARNING"
    },
    {
      "quarter": "2024-12 (Q4)",
      "signal": "FCF TURNED POSITIVE",
      "detail": "FCF margin: -20.1% -> +17.9%",
      "severity": "HIGH"
    },
    {
      "quarter": "2024-09 (Q3)",
      "signal": "YoY REVENUE GROWTH ACCELERATION",
      "detail": "YoY growth: +17.0% vs prior quarter YoY: +11.3% (accel: +5.7%)",
      "severity": "MEDIUM"
    },
    {
      "quarter": "2024-06 (Q2)",
      "signal": "FCF MARGIN EXPANSION",
      "detail": "FCF margin: -25.7% -> -8.6% (+17.1%)",
      "severity": "MEDIUM"
    },
    {
      "quarter": "2023-12 (Q4)",
      "signal": "FCF MARGIN EXPANSION",
      "detail": "FCF margin: -32.8% -> -26.9% (+5.9%)",
      "severity": "MEDIUM"
    },
    {
      "quarter": "2023-06 (Q2)",
      "signal": "FCF MARGIN EXPANSION",
      "detail": "FCF margin: -27.7% -> -21.8% (+5.9%)",
      "severity": "MEDIUM"
    },
    {
      "quarter": "2023-06 (Q2)",
      "signal": "YoY REVENUE GROWTH ACCELERATION",
      "detail": "YoY growth: +4.3% vs prior quarter YoY: -2.4% (accel: +6.7%)",
      "severity": "MEDIUM"
    },
    {
      "quarter": "2023-03 (Q1)",
      "signal": "FCF MARGIN EXPANSION",
      "detail": "FCF margin: -38.8% -> -27.7% (+11.2%)",
      "severity": "MEDIUM"
    },
    {
      "quarter": "2023-03 (Q1)",
      "signal": "YoY REVENUE GROWTH ACCELERATION",
      "detail": "YoY growth: -2.4% vs prior quarter YoY: -10.2% (accel: +7.8%)",
      "severity": "MEDIUM"
    },
    {
      "quarter": "2022-12 (Q4)",
      "signal": "YoY REVENUE GROWTH DECELERATION",
      "detail": "YoY growth: -10.2% vs prior quarter YoY: +2.4% (decel: -12.6%)",
      "severity": "WARNING"
    },
    {
      "quarter": "2022-09 (Q3)",
      "signal": "FCF MARGIN EXPANSION",
      "detail": "FCF margin: -42.7% -> -25.1% (+17.5%)",
      "severity": "MEDIUM"
    },
    {
      "quarter": "2022-09 (Q3)",
      "signal": "YoY REVENUE GROWTH DECELERATION",
      "detail": "YoY growth: +2.4% vs prior quarter YoY: +19.1% (decel: -16.8%)",
      "severity": "WARNING"
    },
    {
      "quarter": "2022-06 (Q2)",
      "signal": "YoY REVENUE GROWTH DECELERATION",
      "detail": "YoY growth: +19.1% vs prior quarter YoY: +48.3% (decel: -29.2%)",
      "severity": "WARNING"
    },
    {
      "quarter": "2022-03 (Q1)",
      "signal": "FCF MARGIN EXPANSION",
      "detail": "FCF margin: -31.6% -> -12.1% (+19.5%)",
      "severity": "MEDIUM"
    },
    {
      "quarter": "2021-09 (Q3)",
      "signal": "FCF MARGIN EXPANSION",
      "detail": "FCF margin: -46.5% -> -17.9% (+28.6%)",
      "severity": "MEDIUM"
    },
    {
      "quarter": "2021-09 (Q3)",
      "signal": "OPERATING LEVERAGE",
      "detail": "Rev growth +15.1% vs OpEx growth +6.7% (leverage: 2.2x)",
      "severity": "MEDIUM"
    },
    {
      "quarter": "2021-06 (Q2)",
      "signal": "OPERATING LEVERAGE",
      "detail": "Rev growth +33.1% vs OpEx growth +13.2% (leverage: 2.5x)",
      "severity": "MEDIUM"
    }
  ],
  "data_quality": {
    "n_quarters": 19,
    "coverage": {
      "revenue": [
        19,
        19
      ],
      "gross_profit": [
        19,
        19
      ],
      "op_income": [
        19,
        19
      ],
      "fcf": [
        19,
        19
      ]
    },
    "gaps": [],
    "warnings": []
  },
  "market_cap": null,
  "source": "SEC EDGAR",
  "last_updated": "2026-02-02T22:09:03.172108"
}