{
  "ticker": "NXPI",
  "name": "NXP Semiconductors N.V.",
  "sector": "Technology",
  "industry": "Semiconductors",
  "quarters": [
    {
      "date": "2021-04-04T00:00:00",
      "quarter_label": "2021-04 (Q2)",
      "revenue": 2567000000,
      "gross_profit": 1355000000,
      "operating_income": 492000000,
      "net_income": 353000000,
      "opex": 863000000,
      "cogs": 1212000000,
      "rd": 461000000,
      "sga": 222000000,
      "fcf": 582000000,
      "ocf": 732000000,
      "capex": -150000000,
      "gross_margin": 0.5278535255161667,
      "op_margin": 0.19166342033502143,
      "fcf_margin": 0.22672380210362292
    },
    {
      "date": "2021-07-04T00:00:00",
      "quarter_label": "2021-07 (Q3)",
      "revenue": 2596000000,
      "gross_profit": 1422000000,
      "operating_income": 573000000,
      "net_income": 397000000,
      "opex": 849000000,
      "cogs": 1174000000,
      "rd": 476000000,
      "sga": 234000000,
      "fcf": 486000000,
      "ocf": 636000000,
      "capex": -150000000,
      "gross_margin": 0.5477657935285054,
      "op_margin": 0.22072419106317412,
      "fcf_margin": 0.187211093990755,
      "op_leverage_ratio": null,
      "fcf_margin_change": -0.03951270811286792
    },
    {
      "date": "2021-10-03T00:00:00",
      "quarter_label": "2021-10 (Q4)",
      "revenue": 2861000000,
      "gross_profit": 1583000000,
      "operating_income": 711000000,
      "net_income": 519000000,
      "opex": 872000000,
      "cogs": 1278000000,
      "rd": 492000000,
      "sga": 243000000,
      "fcf": 723000000,
      "ocf": 924000000,
      "capex": -201000000,
      "gross_margin": 0.553303040894792,
      "op_margin": 0.24851450541768613,
      "fcf_margin": 0.2527088430618665,
      "op_leverage_ratio": 3.768088028404904,
      "fcf_margin_change": 0.06549774907111147
    },
    {
      "date": "2021-12-31T00:00:00",
      "quarter_label": "2021-12 (Q4)",
      "revenue": 3039000000,
      "gross_profit": 1707000000,
      "operating_income": 807000000,
      "net_income": 602000000,
      "opex": 900000000,
      "cogs": 1332000000,
      "rd": 507000000,
      "sga": 257000000,
      "fcf": 519000000,
      "ocf": 785000000,
      "capex": -266000000,
      "gross_margin": 0.5616979269496545,
      "op_margin": 0.26554787759131293,
      "fcf_margin": 0.17077986179664364,
      "op_leverage_ratio": 1.937584261247316,
      "fcf_margin_change": -0.08192898126522283
    },
    {
      "date": "2022-04-03T00:00:00",
      "quarter_label": "2022-04 (Q2)",
      "revenue": 3136000000,
      "gross_profit": 1777000000,
      "operating_income": 873000000,
      "net_income": 657000000,
      "opex": 904000000,
      "cogs": 1359000000,
      "rd": 518000000,
      "sga": 251000000,
      "fcf": 576000000,
      "ocf": 856000000,
      "capex": -280000000,
      "gross_margin": 0.5666454081632653,
      "op_margin": 0.2783801020408163,
      "fcf_margin": 0.1836734693877551,
      "incr_op_margin_yoy": 0.6695957820738138,
      "rev_growth_yoy": 0.22165952473704714,
      "op_leverage_ratio": 7.181638696939783,
      "fcf_margin_change": 0.012893607591111467
    },
    {
      "date": "2022-07-03T00:00:00",
      "quarter_label": "2022-07 (Q3)",
      "revenue": 3312000000,
      "gross_profit": 1882000000,
      "operating_income": 943000000,
      "net_income": 670000000,
      "opex": 941000000,
      "cogs": 1430000000,
      "rd": 542000000,
      "sga": 265000000,
      "fcf": 551000000,
      "ocf": 819000000,
      "capex": -268000000,
      "gross_margin": 0.5682367149758454,
      "op_margin": 0.2847222222222222,
      "fcf_margin": 0.1663647342995169,
      "incr_op_margin_yoy": 0.5167597765363129,
      "rev_growth_yoy": 0.275808936825886,
      "rev_growth_yoy_accel": 0.05414941208883883,
      "op_leverage_ratio": 1.371207942636514,
      "fcf_margin_change": -0.017308735088238214
    },
    {
      "date": "2022-10-02T00:00:00",
      "quarter_label": "2022-10 (Q4)",
      "revenue": 3445000000,
      "gross_profit": 1967000000,
      "operating_income": 1001000000,
      "net_income": 738000000,
      "opex": 968000000,
      "cogs": 1478000000,
      "rd": 548000000,
      "sga": 289000000,
      "fcf": 862000000,
      "ocf": 1144000000,
      "capex": -282000000,
      "gross_margin": 0.5709724238026125,
      "op_margin": 0.29056603773584905,
      "fcf_margin": 0.2502177068214804,
      "incr_op_margin_yoy": 0.4965753424657534,
      "rev_growth_yoy": 0.20412443201677735,
      "rev_growth_yoy_accel": -0.07168450480910862,
      "op_leverage_ratio": 1.399545983181249,
      "fcf_margin_change": 0.08385297252196353
    },
    {
      "date": "2022-12-31T00:00:00",
      "quarter_label": "2022-12 (Q4)",
      "revenue": 3312000000,
      "gross_profit": 1891000000,
      "operating_income": 980000000,
      "net_income": 722000000,
      "opex": 910000000,
      "cogs": 1421000000,
      "rd": 540000000,
      "sga": 261000000,
      "fcf": 843000000,
      "ocf": 1076000000,
      "capex": -233000000,
      "gross_margin": 0.5709541062801933,
      "op_margin": 0.29589371980676327,
      "fcf_margin": 0.2545289855072464,
      "incr_op_margin_yoy": 0.6336996336996337,
      "rev_growth_yoy": 0.08983218163869694,
      "rev_growth_yoy_accel": -0.11429225037808041,
      "fcf_margin_change": 0.0043112786857659735
    },
    {
      "date": "2023-04-02T00:00:00",
      "quarter_label": "2023-04 (Q2)",
      "revenue": 3121000000,
      "gross_profit": 1770000000,
      "operating_income": 825000000,
      "net_income": 615000000,
      "opex": 942000000,
      "cogs": 1351000000,
      "rd": 577000000,
      "sga": 280000000,
      "fcf": 381000000,
      "ocf": 632000000,
      "capex": -251000000,
      "gross_margin": 0.5671259211791092,
      "op_margin": 0.2643383530919577,
      "fcf_margin": 0.12207625760974047,
      "incr_op_margin_yoy": 3.2,
      "rev_growth_yoy": -0.0047831632653061226,
      "rev_growth_yoy_accel": -0.09461534490400306,
      "fcf_margin_change": -0.13245272789750592
    },
    {
      "date": "2023-07-02T00:00:00",
      "quarter_label": "2023-07 (Q3)",
      "revenue": 3299000000,
      "gross_profit": 1881000000,
      "operating_income": 937000000,
      "net_income": 698000000,
      "opex": 944000000,
      "cogs": 1418000000,
      "rd": 589000000,
      "sga": 274000000,
      "fcf": 555000000,
      "ocf": 756000000,
      "capex": -201000000,
      "gross_margin": 0.570172779630191,
      "op_margin": 0.2840254622612913,
      "fcf_margin": 0.16823279781752046,
      "incr_op_margin_yoy": 0.46153846153846156,
      "rev_growth_yoy": -0.00392512077294686,
      "rev_growth_yoy_accel": 0.0008580424923592626,
      "op_leverage_ratio": 26.86254405639218,
      "fcf_margin_change": 0.046156540207779984
    },
    {
      "date": "2023-10-01T00:00:00",
      "quarter_label": "2023-10 (Q4)",
      "revenue": 3434000000,
      "gross_profit": 1965000000,
      "operating_income": 992000000,
      "net_income": 787000000,
      "opex": 966000000,
      "cogs": 1469000000,
      "rd": 601000000,
      "sga": 294000000,
      "fcf": 788000000,
      "ocf": 988000000,
      "capex": -200000000,
      "gross_margin": 0.5722189866045428,
      "op_margin": 0.2888759464181712,
      "fcf_margin": 0.2294700058241118,
      "incr_op_margin_yoy": 0.8181818181818182,
      "rev_growth_yoy": -0.003193033381712627,
      "rev_growth_yoy_accel": 0.0007320873912342331,
      "op_leverage_ratio": 1.7559039929455207,
      "fcf_margin_change": 0.061237208006591354
    },
    {
      "date": "2023-12-31T00:00:00",
      "quarter_label": "2023-12 (Q4)",
      "revenue": 3422000000,
      "gross_profit": 1937000000,
      "operating_income": 907000000,
      "net_income": 697000000,
      "opex": 1025000000,
      "cogs": 1485000000,
      "rd": 651000000,
      "sga": 311000000,
      "fcf": 962000000,
      "ocf": 1137000000,
      "capex": -175000000,
      "gross_margin": 0.5660432495616599,
      "op_margin": 0.2650496785505552,
      "fcf_margin": 0.28112215078901226,
      "incr_op_margin_yoy": -0.6636363636363637,
      "rev_growth_yoy": 0.03321256038647343,
      "rev_growth_yoy_accel": 0.036405593768186056,
      "fcf_margin_change": 0.05165214496490045
    },
    {
      "date": "2024-03-31T00:00:00",
      "quarter_label": "2024-03 (Q1)",
      "revenue": 3126000000,
      "gross_profit": 1783000000,
      "operating_income": 856000000,
      "net_income": 639000000,
      "opex": 921000000,
      "cogs": 1343000000,
      "rd": 564000000,
      "sga": 306000000,
      "fcf": 625000000,
      "ocf": 851000000,
      "capex": -226000000,
      "gross_margin": 0.5703774792066538,
      "op_margin": 0.27383237364043506,
      "fcf_margin": 0.1999360204734485,
      "incr_op_margin_yoy": 6.2,
      "rev_growth_yoy": 0.0016020506247997437,
      "rev_growth_yoy_accel": -0.03161050976167369,
      "fcf_margin_change": -0.08118613031556376
    },
    {
      "date": "2024-06-30T00:00:00",
      "quarter_label": "2024-06 (Q2)",
      "revenue": 3127000000,
      "gross_profit": 1792000000,
      "operating_income": 896000000,
      "net_income": 658000000,
      "opex": 892000000,
      "cogs": 1335000000,
      "rd": 594000000,
      "sga": 270000000,
      "fcf": 576000000,
      "ocf": 761000000,
      "capex": -185000000,
      "gross_margin": 0.5730732331307963,
      "op_margin": 0.28653661656539814,
      "fcf_margin": 0.18420211064918451,
      "incr_op_margin_yoy": 0.23837209302325582,
      "rev_growth_yoy": -0.052137011215519856,
      "rev_growth_yoy_accel": -0.053739061840319596,
      "fcf_margin_change": -0.01573390982426398
    },
    {
      "date": "2024-09-29T00:00:00",
      "quarter_label": "2024-09 (Q3)",
      "revenue": 3250000000,
      "gross_profit": 1866000000,
      "operating_income": 990000000,
      "net_income": 718000000,
      "opex": 871000000,
      "cogs": 1384000000,
      "rd": 577000000,
      "sga": 265000000,
      "fcf": 593000000,
      "ocf": 779000000,
      "capex": -186000000,
      "gross_margin": 0.5741538461538461,
      "op_margin": 0.3046153846153846,
      "fcf_margin": 0.18246153846153845,
      "incr_op_margin_yoy": 0.010869565217391304,
      "rev_growth_yoy": -0.05358182877111241,
      "rev_growth_yoy_accel": -0.0014448175555925521,
      "op_leverage_ratio": null,
      "fcf_margin_change": -0.0017405721876460611
    },
    {
      "date": "2024-12-31T00:00:00",
      "quarter_label": "2024-12 (Q4)",
      "revenue": 3111000000,
      "gross_profit": 1678000000,
      "operating_income": 675000000,
      "net_income": 495000000,
      "opex": 963000000,
      "cogs": 1433000000,
      "rd": 612000000,
      "sga": 323000000,
      "fcf": 261000000,
      "ocf": 391000000,
      "capex": -130000000,
      "gross_margin": 0.539376406300225,
      "op_margin": 0.21697203471552556,
      "fcf_margin": 0.08389585342333655,
      "incr_op_margin_yoy": 0.7459807073954984,
      "rev_growth_yoy": -0.09088252483927528,
      "rev_growth_yoy_accel": -0.03730069606816287,
      "fcf_margin_change": -0.0985656850382019
    },
    {
      "date": "2025-03-30T00:00:00",
      "quarter_label": "2025-03 (Q1)",
      "revenue": 2835000000,
      "gross_profit": 1560000000,
      "operating_income": 723000000,
      "net_income": 490000000,
      "opex": 855000000,
      "cogs": 1275000000,
      "rd": 547000000,
      "sga": 281000000,
      "fcf": 426000000,
      "ocf": 565000000,
      "capex": -139000000,
      "gross_margin": 0.5502645502645502,
      "op_margin": 0.25502645502645505,
      "fcf_margin": 0.15026455026455027,
      "incr_op_margin_yoy": 0.4570446735395189,
      "rev_growth_yoy": -0.09309021113243762,
      "rev_growth_yoy_accel": -0.002207686293162342,
      "fcf_margin_change": 0.06636869684121371
    },
    {
      "date": "2025-06-29T00:00:00",
      "quarter_label": "2025-06 (Q2)",
      "revenue": 2926000000,
      "gross_profit": 1562000000,
      "operating_income": 687000000,
      "net_income": 445000000,
      "opex": 876000000,
      "cogs": 1364000000,
      "rd": 573000000,
      "sga": 278000000,
      "fcf": 696000000,
      "ocf": 779000000,
      "capex": -83000000,
      "gross_margin": 0.5338345864661654,
      "op_margin": 0.23479152426520847,
      "fcf_margin": 0.23786739576213262,
      "incr_op_margin_yoy": 1.0398009950248757,
      "rev_growth_yoy": -0.06427886152862168,
      "rev_growth_yoy_accel": 0.02881134960381594,
      "op_leverage_ratio": 1.306878306878307,
      "fcf_margin_change": 0.08760284549758235
    },
    {
      "date": "2025-09-28T00:00:00",
      "quarter_label": "2025-09 (Q3)",
      "revenue": 3173000000,
      "gross_profit": 1787000000,
      "operating_income": 893000000,
      "net_income": 631000000,
      "opex": 892000000,
      "cogs": 1386000000,
      "rd": 575000000,
      "sga": 286000000,
      "fcf": 508000000,
      "ocf": 585000000,
      "capex": -77000000,
      "gross_margin": 0.5631894106523795,
      "op_margin": 0.281437125748503,
      "fcf_margin": 0.1601008509297195,
      "incr_op_margin_yoy": 1.2597402597402598,
      "rev_growth_yoy": -0.023692307692307693,
      "rev_growth_yoy_accel": 0.04058655383631399,
      "op_leverage_ratio": 4.621753246753247,
      "fcf_margin_change": -0.0777665448324131
    },
    {
      "date": "2025-12-31T00:00:00",
      "quarter_label": "2025-12 (Q4)",
      "revenue": 3335000000,
      "gross_profit": 1807000000,
      "operating_income": 744000000,
      "net_income": 455000000,
      "opex": 1058000000,
      "cogs": 1528000000,
      "rd": 665000000,
      "sga": 359000000,
      "fcf": 793000000,
      "ocf": 891000000,
      "capex": -98000000,
      "gross_margin": 0.5418290854572714,
      "op_margin": 0.22308845577211395,
      "fcf_margin": 0.23778110944527736,
      "incr_op_margin_yoy": 0.3080357142857143,
      "rev_growth_yoy": 0.07200257152041144,
      "rev_growth_yoy_accel": 0.09569487921271913,
      "op_leverage_ratio": 0.2743479433017288,
      "fcf_margin_change": 0.07768025851555785
    }
  ],
  "signals": [
    {
      "quarter": "2025-12 (Q4)",
      "signal": "FCF MARGIN EXPANSION",
      "detail": "FCF margin: +16.0% -> +23.8% (+7.8%)",
      "severity": "MEDIUM"
    },
    {
      "quarter": "2025-12 (Q4)",
      "signal": "YoY REVENUE GROWTH ACCELERATION",
      "detail": "YoY growth: +7.2% vs prior quarter YoY: -2.4% (accel: +9.6%)",
      "severity": "MEDIUM"
    },
    {
      "quarter": "2025-09 (Q3)",
      "signal": "OPERATING LEVERAGE",
      "detail": "Rev growth +8.4% vs OpEx growth +1.8% (leverage: 4.6x)",
      "severity": "MEDIUM"
    },
    {
      "quarter": "2025-09 (Q3)",
      "signal": "GROSS MARGIN INFLECTION",
      "detail": "GM: +55.0% -> +53.4% -> +56.3% (reversal +2.9%)",
      "severity": "MEDIUM"
    },
    {
      "quarter": "2025-09 (Q3)",
      "signal": "INCREMENTAL MARGIN (YoY)",
      "detail": "YoY Incr OPM: +126.0% vs year-ago OPM: +30.5%",
      "severity": "HIGH"
    },
    {
      "quarter": "2025-06 (Q2)",
      "signal": "FCF MARGIN EXPANSION",
      "detail": "FCF margin: +15.0% -> +23.8% (+8.8%)",
      "severity": "MEDIUM"
    },
    {
      "quarter": "2025-06 (Q2)",
      "signal": "INCREMENTAL MARGIN (YoY)",
      "detail": "YoY Incr OPM: +104.0% vs year-ago OPM: +28.7%",
      "severity": "HIGH"
    },
    {
      "quarter": "2025-03 (Q1)",
      "signal": "FCF MARGIN EXPANSION",
      "detail": "FCF margin: +8.4% -> +15.0% (+6.6%)",
      "severity": "MEDIUM"
    },
    {
      "quarter": "2025-03 (Q1)",
      "signal": "INCREMENTAL MARGIN (YoY)",
      "detail": "YoY Incr OPM: +45.7% vs year-ago OPM: +27.4%",
      "severity": "MEDIUM"
    },
    {
      "quarter": "2024-12 (Q4)",
      "signal": "INCREMENTAL MARGIN (YoY)",
      "detail": "YoY Incr OPM: +74.6% vs year-ago OPM: +26.5%",
      "severity": "HIGH"
    },
    {
      "quarter": "2024-06 (Q2)",
      "signal": "YoY REVENUE GROWTH DECELERATION",
      "detail": "YoY growth: -5.2% vs prior quarter YoY: +0.2% (decel: -5.4%)",
      "severity": "WARNING"
    },
    {
      "quarter": "2024-03 (Q1)",
      "signal": "INCREMENTAL MARGIN (YoY)",
      "detail": "YoY Incr OPM: +620.0% vs year-ago OPM: +26.4%",
      "severity": "HIGH"
    },
    {
      "quarter": "2023-12 (Q4)",
      "signal": "FCF MARGIN EXPANSION",
      "detail": "FCF margin: +22.9% -> +28.1% (+5.2%)",
      "severity": "MEDIUM"
    },
    {
      "quarter": "2023-10 (Q4)",
      "signal": "FCF MARGIN EXPANSION",
      "detail": "FCF margin: +16.8% -> +22.9% (+6.1%)",
      "severity": "MEDIUM"
    },
    {
      "quarter": "2023-10 (Q4)",
      "signal": "OPERATING LEVERAGE",
      "detail": "Rev growth +4.1% vs OpEx growth +2.3% (leverage: 1.8x)",
      "severity": "MEDIUM"
    },
    {
      "quarter": "2023-10 (Q4)",
      "signal": "INCREMENTAL MARGIN (YoY)",
      "detail": "YoY Incr OPM: +81.8% vs year-ago OPM: +29.1%",
      "severity": "HIGH"
    },
    {
      "quarter": "2023-07 (Q3)",
      "signal": "OPERATING LEVERAGE",
      "detail": "Rev growth +5.7% vs OpEx growth +0.2% (leverage: 26.9x)",
      "severity": "MEDIUM"
    },
    {
      "quarter": "2023-07 (Q3)",
      "signal": "INCREMENTAL MARGIN (YoY)",
      "detail": "YoY Incr OPM: +46.2% vs year-ago OPM: +28.5%",
      "severity": "MEDIUM"
    },
    {
      "quarter": "2023-04 (Q2)",
      "signal": "YoY REVENUE GROWTH DECELERATION",
      "detail": "YoY growth: -0.5% vs prior quarter YoY: +9.0% (decel: -9.5%)",
      "severity": "WARNING"
    },
    {
      "quarter": "2023-04 (Q2)",
      "signal": "INCREMENTAL MARGIN (YoY)",
      "detail": "YoY Incr OPM: +320.0% vs year-ago OPM: +27.8%",
      "severity": "HIGH"
    },
    {
      "quarter": "2022-12 (Q4)",
      "signal": "YoY REVENUE GROWTH DECELERATION",
      "detail": "YoY growth: +9.0% vs prior quarter YoY: +20.4% (decel: -11.4%)",
      "severity": "WARNING"
    },
    {
      "quarter": "2022-12 (Q4)",
      "signal": "INCREMENTAL MARGIN (YoY)",
      "detail": "YoY Incr OPM: +63.4% vs year-ago OPM: +26.6%",
      "severity": "HIGH"
    },
    {
      "quarter": "2022-10 (Q4)",
      "signal": "FCF MARGIN EXPANSION",
      "detail": "FCF margin: +16.6% -> +25.0% (+8.4%)",
      "severity": "MEDIUM"
    },
    {
      "quarter": "2022-10 (Q4)",
      "signal": "YoY REVENUE GROWTH DECELERATION",
      "detail": "YoY growth: +20.4% vs prior quarter YoY: +27.6% (decel: -7.2%)",
      "severity": "WARNING"
    },
    {
      "quarter": "2022-10 (Q4)",
      "signal": "INCREMENTAL MARGIN (YoY)",
      "detail": "YoY Incr OPM: +49.7% vs year-ago OPM: +24.9%",
      "severity": "HIGH"
    },
    {
      "quarter": "2022-07 (Q3)",
      "signal": "YoY REVENUE GROWTH ACCELERATION",
      "detail": "YoY growth: +27.6% vs prior quarter YoY: +22.2% (accel: +5.4%)",
      "severity": "MEDIUM"
    },
    {
      "quarter": "2022-07 (Q3)",
      "signal": "INCREMENTAL MARGIN (YoY)",
      "detail": "YoY Incr OPM: +51.7% vs year-ago OPM: +22.1%",
      "severity": "HIGH"
    },
    {
      "quarter": "2022-04 (Q2)",
      "signal": "OPERATING LEVERAGE",
      "detail": "Rev growth +3.2% vs OpEx growth +0.4% (leverage: 7.2x)",
      "severity": "MEDIUM"
    },
    {
      "quarter": "2022-04 (Q2)",
      "signal": "INCREMENTAL MARGIN (YoY)",
      "detail": "YoY Incr OPM: +67.0% vs year-ago OPM: +19.2%",
      "severity": "HIGH"
    },
    {
      "quarter": "2021-12 (Q4)",
      "signal": "OPERATING LEVERAGE",
      "detail": "Rev growth +6.2% vs OpEx growth +3.2% (leverage: 1.9x)",
      "severity": "MEDIUM"
    },
    {
      "quarter": "2021-10 (Q4)",
      "signal": "FCF MARGIN EXPANSION",
      "detail": "FCF margin: +18.7% -> +25.3% (+6.5%)",
      "severity": "MEDIUM"
    },
    {
      "quarter": "2021-10 (Q4)",
      "signal": "OPERATING LEVERAGE",
      "detail": "Rev growth +10.2% vs OpEx growth +2.7% (leverage: 3.8x)",
      "severity": "MEDIUM"
    }
  ],
  "data_quality": {
    "n_quarters": 20,
    "coverage": {
      "revenue": [
        20,
        20
      ],
      "gross_profit": [
        20,
        20
      ],
      "op_income": [
        20,
        20
      ],
      "fcf": [
        20,
        20
      ]
    },
    "gaps": [],
    "warnings": []
  },
  "market_cap": null,
  "source": "SEC EDGAR",
  "last_updated": "2026-02-24T10:23:51.799646"
}