{
  "ticker": "NXPL",
  "name": "NEXTPLAT CORP",
  "quarters": [
    {
      "date": "2020-12-31T00:00:00",
      "quarter_label": "2020-12 (Q4)",
      "revenue": 1526046,
      "gross_profit": 221163,
      "operating_income": -1179025,
      "net_income": -1404630,
      "opex": 1400188,
      "cogs": 1304883,
      "rd": 0,
      "sga": 207377,
      "fcf": -336331,
      "ocf": -332180,
      "capex": -4151,
      "gross_margin": 0.1449255133855729,
      "op_margin": -0.7726012190982448,
      "fcf_margin": -0.22039374959863595
    },
    {
      "date": "2021-03-31T00:00:00",
      "quarter_label": "2021-03 (Q1)",
      "revenue": 1461428,
      "gross_profit": 437517,
      "operating_income": -298929,
      "net_income": -803142,
      "opex": 736446,
      "cogs": 1023911,
      "rd": 0,
      "sga": 161690,
      "fcf": -460223,
      "ocf": -459764,
      "capex": -459,
      "gross_margin": 0.29937636339251744,
      "op_margin": -0.2045458277794048,
      "fcf_margin": -0.31491322186245235,
      "fcf_margin_change": -0.0945194722638164
    },
    {
      "date": "2021-06-30T00:00:00",
      "quarter_label": "2021-06 (Q2)",
      "revenue": 1956260,
      "gross_profit": 541490,
      "operating_income": -549336,
      "net_income": -1458394,
      "opex": 1090826,
      "cogs": 1414770,
      "rd": null,
      "sga": 282006,
      "fcf": -837862,
      "ocf": -811073,
      "capex": -26789,
      "gross_margin": 0.27679858505515625,
      "op_margin": -0.28080929937738336,
      "fcf_margin": -0.42829787451565743,
      "op_leverage_ratio": 0.7036424902702879,
      "fcf_margin_change": -0.11338465265320508
    },
    {
      "date": "2021-09-30T00:00:00",
      "quarter_label": "2021-09 (Q3)",
      "revenue": 2250278,
      "gross_profit": 493136,
      "operating_income": -2236846,
      "net_income": -2305549,
      "opex": 2729982,
      "cogs": 1757142,
      "rd": null,
      "sga": 519196,
      "fcf": -1795157,
      "ocf": -1726807,
      "capex": -68350,
      "gross_margin": 0.21914447903770112,
      "op_margin": -0.9940309597303089,
      "fcf_margin": -0.7977489892359966,
      "op_leverage_ratio": 0.10001900671143348,
      "fcf_margin_change": -0.36945111472033915
    },
    {
      "date": "2021-12-31T00:00:00",
      "quarter_label": "2021-12 (Q4)",
      "revenue": 2071944,
      "gross_profit": 387580,
      "operating_income": -3537222,
      "net_income": -3540577,
      "opex": 3924802,
      "cogs": 1684364,
      "rd": 0,
      "sga": 407044,
      "fcf": -1228155,
      "ocf": -1094446,
      "capex": -133709,
      "gross_margin": 0.18706104025977535,
      "op_margin": -1.7071996154336218,
      "fcf_margin": -0.5927549200171434,
      "rev_growth_yoy": 0.35772054053416474,
      "fcf_margin_change": 0.20499406921885321
    },
    {
      "date": "2022-03-31T00:00:00",
      "quarter_label": "2022-03 (Q1)",
      "revenue": 3577778,
      "gross_profit": 801093,
      "operating_income": -834615,
      "net_income": -850083,
      "opex": 1635708,
      "cogs": 2776685,
      "rd": 0,
      "sga": 574350,
      "fcf": -936555,
      "ocf": -868558,
      "capex": -67997,
      "gross_margin": 0.22390796745913247,
      "op_margin": -0.23327746998276583,
      "fcf_margin": -0.2617700147968935,
      "incr_op_margin_yoy": -0.2531178680275002,
      "rev_growth_yoy": 1.4481383961440455,
      "rev_growth_yoy_accel": 1.0904178556098807,
      "op_leverage_ratio": Infinity,
      "fcf_margin_change": 0.33098490522024987
    },
    {
      "date": "2022-06-30T00:00:00",
      "quarter_label": "2022-06 (Q2)",
      "revenue": 2871479,
      "gross_profit": 567389,
      "operating_income": -1533249,
      "net_income": -1655861,
      "opex": 2100638,
      "cogs": 2304090,
      "rd": null,
      "sga": 1160855,
      "fcf": -1346942,
      "ocf": -1019694,
      "capex": -327248,
      "gross_margin": 0.1975946890086955,
      "op_margin": -0.5339579359626172,
      "fcf_margin": -0.469076040604859,
      "rev_growth_yoy": 0.4678411867543169,
      "rev_growth_yoy_accel": -0.9802972093897286,
      "fcf_margin_change": -0.20730602580796553
    },
    {
      "date": "2022-09-30T00:00:00",
      "quarter_label": "2022-09 (Q3)",
      "revenue": 2630826,
      "gross_profit": 678754,
      "operating_income": -2164939,
      "net_income": -5713276,
      "opex": 2843693,
      "cogs": 1952072,
      "rd": null,
      "sga": 1699711,
      "fcf": -918697,
      "ocf": -842824,
      "capex": -75873,
      "gross_margin": 0.258000339057011,
      "op_margin": -0.8229122716591671,
      "fcf_margin": -0.34920477447007137,
      "rev_growth_yoy": 0.1691115497729614,
      "rev_growth_yoy_accel": -0.2987296369813555,
      "fcf_margin_change": 0.11987126613478766
    },
    {
      "date": "2022-12-31T00:00:00",
      "quarter_label": "2022-12 (Q4)",
      "revenue": 2630059,
      "gross_profit": 441612,
      "operating_income": -2668980,
      "net_income": -941369,
      "opex": 3110592,
      "cogs": 2188447,
      "rd": null,
      "sga": 1648808,
      "fcf": -1115806,
      "ocf": -870924,
      "capex": -244882,
      "gross_margin": 0.16790954119280213,
      "op_margin": -1.0147985273334172,
      "fcf_margin": -0.4242513190768724,
      "rev_growth_yoy": 0.2693678014463711,
      "rev_growth_yoy_accel": 0.10025625167340974,
      "fcf_margin_change": -0.07504654460680105
    },
    {
      "date": "2023-03-31T00:00:00",
      "quarter_label": "2023-03 (Q1)",
      "revenue": 2876153,
      "gross_profit": 620814,
      "operating_income": -1238462,
      "net_income": -1187230,
      "opex": 1859276,
      "cogs": 2255339,
      "rd": null,
      "sga": 788633,
      "fcf": -2136000,
      "ocf": -2067000,
      "capex": -69000,
      "gross_margin": 0.21584873961851125,
      "op_margin": -0.4305967033047268,
      "fcf_margin": -0.7426586833176121,
      "rev_growth_yoy": -0.19610635427910844,
      "rev_growth_yoy_accel": -0.46547415572547957,
      "op_leverage_ratio": Infinity,
      "fcf_margin_change": -0.3184073642407397
    },
    {
      "date": "2023-06-30T00:00:00",
      "quarter_label": "2023-06 (Q2)",
      "revenue": 2957362,
      "gross_profit": 843871,
      "operating_income": -3355407,
      "net_income": -4340741,
      "opex": 4199278,
      "cogs": 2113491,
      "rd": null,
      "sga": 2519538,
      "fcf": -1267000,
      "ocf": -1233000,
      "capex": -34000,
      "gross_margin": 0.28534585891074543,
      "op_margin": -1.134594615065724,
      "fcf_margin": -0.42842235749292784,
      "rev_growth_yoy": 0.02990897722044981,
      "rev_growth_yoy_accel": 0.22601533149955824,
      "op_leverage_ratio": 0.02243467654059836,
      "fcf_margin_change": 0.31423632582468425
    },
    {
      "date": "2023-09-30T00:00:00",
      "quarter_label": "2023-09 (Q3)",
      "revenue": 15290171,
      "gross_profit": 4584682,
      "operating_income": -3477971,
      "net_income": 3447653,
      "opex": 8062653,
      "cogs": 10705489,
      "rd": null,
      "sga": 4187429,
      "fcf": -1302000,
      "ocf": -947000,
      "capex": -355000,
      "gross_margin": 0.29984504424443653,
      "op_margin": -0.22746449336635935,
      "fcf_margin": -0.08515274289607357,
      "incr_op_margin_yoy": -0.10372037415837865,
      "rev_growth_yoy": 4.811927888807546,
      "rev_growth_yoy_accel": 4.7820189115870955,
      "op_leverage_ratio": 4.532786658535936,
      "fcf_margin_change": 0.3432696145968543
    },
    {
      "date": "2023-12-31T00:00:00",
      "quarter_label": "2023-12 (Q4)",
      "revenue": 16632313,
      "gross_profit": 5261632,
      "operating_income": -15156161,
      "net_income": -1697682,
      "opex": 20417793,
      "cogs": 11370681,
      "rd": null,
      "sga": 2414399,
      "fcf": 462000,
      "ocf": 651000,
      "capex": -189000,
      "gross_margin": 0.31634998692003935,
      "op_margin": -0.9112479424840069,
      "fcf_margin": 0.0277772550336204,
      "incr_op_margin_yoy": -0.8917979205347939,
      "rev_growth_yoy": 5.3239315163652225,
      "rev_growth_yoy_accel": 0.5120036275576769,
      "op_leverage_ratio": 0.05728176916069173,
      "fcf_margin_change": 0.11292999792969396
    },
    {
      "date": "2024-03-31T00:00:00",
      "quarter_label": "2024-03 (Q1)",
      "revenue": 17493000,
      "gross_profit": 4810000,
      "operating_income": -1842000,
      "net_income": -1481000,
      "opex": 6652000,
      "cogs": 12683000,
      "rd": null,
      "sga": 2005000,
      "fcf": -2749000,
      "ocf": -2685000,
      "capex": -64000,
      "gross_margin": 0.2749671297090265,
      "op_margin": -0.10529926256216772,
      "fcf_margin": -0.15714857371520036,
      "incr_op_margin_yoy": -0.04129057381526946,
      "rev_growth_yoy": 5.082082559585669,
      "rev_growth_yoy_accel": -0.24184895677955343,
      "op_leverage_ratio": Infinity,
      "fcf_margin_change": -0.18492582874882074
    },
    {
      "date": "2024-06-30T00:00:00",
      "quarter_label": "2024-06 (Q2)",
      "revenue": 16989000,
      "gross_profit": 5806000,
      "operating_income": -10896000,
      "net_income": -5311000,
      "opex": 16702000,
      "cogs": 11183000,
      "rd": null,
      "sga": 2218000,
      "fcf": 2246000,
      "ocf": 2306000,
      "capex": -60000,
      "gross_margin": 0.3417505444699511,
      "op_margin": -0.6413561716404732,
      "fcf_margin": 0.13220319029960562,
      "incr_op_margin_yoy": -0.5373993399772714,
      "rev_growth_yoy": 4.744646749366496,
      "rev_growth_yoy_accel": -0.3374358102191728,
      "fcf_margin_change": 0.289351764014806
    },
    {
      "date": "2024-09-30T00:00:00",
      "quarter_label": "2024-09 (Q3)",
      "revenue": 15367000,
      "gross_profit": 3520000,
      "operating_income": -7999000,
      "net_income": -4216000,
      "opex": 11519000,
      "cogs": 11847000,
      "rd": null,
      "sga": 2293000,
      "fcf": -4706000,
      "ocf": -4609000,
      "capex": -97000,
      "gross_margin": 0.2290622763063708,
      "op_margin": -0.5205310080041647,
      "fcf_margin": -0.3062406455391423,
      "rev_growth_yoy": 0.005024731247282976,
      "rev_growth_yoy_accel": -4.7396220181192135,
      "fcf_margin_change": -0.4384438358387479
    },
    {
      "date": "2024-12-31T00:00:00",
      "quarter_label": "2024-12 (Q4)",
      "revenue": 15634000,
      "gross_profit": 2093000,
      "operating_income": -2887000,
      "net_income": -3017000,
      "opex": 4980000,
      "cogs": 13541000,
      "rd": null,
      "sga": 1344000,
      "fcf": -444000,
      "ocf": -476000,
      "capex": 32000,
      "gross_margin": 0.13387488806447487,
      "op_margin": -0.1846616348982986,
      "fcf_margin": -0.02839964180631956,
      "rev_growth_yoy": -0.06002249957657723,
      "rev_growth_yoy_accel": -0.06504723082386021,
      "op_leverage_ratio": Infinity,
      "fcf_margin_change": 0.2778410037328228
    },
    {
      "date": "2025-03-31T00:00:00",
      "quarter_label": "2025-03 (Q1)",
      "revenue": 14525000,
      "gross_profit": 3463000,
      "operating_income": -1485000,
      "net_income": -1343000,
      "opex": 4948000,
      "cogs": 11062000,
      "rd": null,
      "sga": 1432000,
      "fcf": -2081000,
      "ocf": -2059000,
      "capex": -22000,
      "gross_margin": 0.23841652323580034,
      "op_margin": -0.10223752151462995,
      "fcf_margin": -0.14327022375215145,
      "incr_op_margin_yoy": -0.12028301886792453,
      "rev_growth_yoy": -0.16966786714685875,
      "rev_growth_yoy_accel": -0.10964536757028151,
      "fcf_margin_change": -0.1148705819458319
    },
    {
      "date": "2025-06-30T00:00:00",
      "quarter_label": "2025-06 (Q2)",
      "revenue": 13240000,
      "gross_profit": 2883000,
      "operating_income": -1829000,
      "net_income": -1789000,
      "opex": 4712000,
      "cogs": 10357000,
      "rd": null,
      "sga": 1473000,
      "fcf": -1053000,
      "ocf": -1041000,
      "capex": -12000,
      "gross_margin": 0.21774924471299092,
      "op_margin": -0.13814199395770393,
      "fcf_margin": -0.07953172205438067,
      "incr_op_margin_yoy": -2.4185116030941582,
      "rev_growth_yoy": -0.22067219965860263,
      "rev_growth_yoy_accel": -0.05100433251174388,
      "fcf_margin_change": 0.06373850169777079
    },
    {
      "date": "2025-09-30T00:00:00",
      "quarter_label": "2025-09 (Q3)",
      "revenue": 13752000,
      "gross_profit": 2730000,
      "operating_income": -1989000,
      "net_income": -2185000,
      "opex": 4719000,
      "cogs": 11022000,
      "rd": null,
      "sga": 1510000,
      "fcf": -2728000,
      "ocf": -2728000,
      "capex": null,
      "gross_margin": 0.19851657940663175,
      "op_margin": -0.14463350785340315,
      "fcf_margin": -0.19837114601512507,
      "incr_op_margin_yoy": -3.721362229102167,
      "rev_growth_yoy": -0.10509533415761046,
      "rev_growth_yoy_accel": 0.11557686550099217,
      "op_leverage_ratio": 26.030902028485112,
      "fcf_margin_change": -0.1188394239607444
    }
  ],
  "signals": [
    {
      "quarter": "2025-09 (Q3)",
      "signal": "OPERATING LEVERAGE",
      "detail": "Rev growth +3.9% vs OpEx growth +0.1% (leverage: 26.0x)",
      "severity": "MEDIUM"
    },
    {
      "quarter": "2025-09 (Q3)",
      "signal": "YoY REVENUE GROWTH ACCELERATION",
      "detail": "YoY growth: -10.5% vs prior quarter YoY: -22.1% (accel: +11.6%)",
      "severity": "MEDIUM"
    },
    {
      "quarter": "2025-06 (Q2)",
      "signal": "FCF MARGIN EXPANSION",
      "detail": "FCF margin: -14.3% -> -8.0% (+6.4%)",
      "severity": "MEDIUM"
    },
    {
      "quarter": "2025-06 (Q2)",
      "signal": "YoY REVENUE GROWTH DECELERATION",
      "detail": "YoY growth: -22.1% vs prior quarter YoY: -17.0% (decel: -5.1%)",
      "severity": "WARNING"
    },
    {
      "quarter": "2025-03 (Q1)",
      "signal": "GROSS MARGIN INFLECTION",
      "detail": "GM: +22.9% -> +13.4% -> +23.8% (reversal +10.5%)",
      "severity": "HIGH"
    },
    {
      "quarter": "2025-03 (Q1)",
      "signal": "YoY REVENUE GROWTH DECELERATION",
      "detail": "YoY growth: -17.0% vs prior quarter YoY: -6.0% (decel: -11.0%)",
      "severity": "WARNING"
    },
    {
      "quarter": "2024-12 (Q4)",
      "signal": "FCF MARGIN EXPANSION",
      "detail": "FCF margin: -30.6% -> -2.8% (+27.8%)",
      "severity": "MEDIUM"
    },
    {
      "quarter": "2024-12 (Q4)",
      "signal": "YoY REVENUE GROWTH DECELERATION",
      "detail": "YoY growth: -6.0% vs prior quarter YoY: +0.5% (decel: -6.5%)",
      "severity": "WARNING"
    },
    {
      "quarter": "2024-09 (Q3)",
      "signal": "YoY REVENUE GROWTH DECELERATION",
      "detail": "YoY growth: +0.5% vs prior quarter YoY: +474.5% (decel: -474.0%)",
      "severity": "WARNING"
    },
    {
      "quarter": "2024-06 (Q2)",
      "signal": "FCF TURNED POSITIVE",
      "detail": "FCF margin: -15.7% -> +13.2%",
      "severity": "HIGH"
    },
    {
      "quarter": "2024-06 (Q2)",
      "signal": "GROSS MARGIN INFLECTION",
      "detail": "GM: +31.6% -> +27.5% -> +34.2% (reversal +6.7%)",
      "severity": "HIGH"
    },
    {
      "quarter": "2024-06 (Q2)",
      "signal": "YoY REVENUE GROWTH DECELERATION",
      "detail": "YoY growth: +474.5% vs prior quarter YoY: +508.2% (decel: -33.7%)",
      "severity": "WARNING"
    },
    {
      "quarter": "2024-03 (Q1)",
      "signal": "YoY REVENUE GROWTH DECELERATION",
      "detail": "YoY growth: +508.2% vs prior quarter YoY: +532.4% (decel: -24.2%)",
      "severity": "WARNING"
    },
    {
      "quarter": "2023-12 (Q4)",
      "signal": "FCF TURNED POSITIVE",
      "detail": "FCF margin: -8.5% -> +2.8%",
      "severity": "HIGH"
    },
    {
      "quarter": "2023-12 (Q4)",
      "signal": "YoY REVENUE GROWTH ACCELERATION",
      "detail": "YoY growth: +532.4% vs prior quarter YoY: +481.2% (accel: +51.2%)",
      "severity": "HIGH"
    },
    {
      "quarter": "2023-09 (Q3)",
      "signal": "FCF MARGIN EXPANSION",
      "detail": "FCF margin: -42.8% -> -8.5% (+34.3%)",
      "severity": "MEDIUM"
    },
    {
      "quarter": "2023-09 (Q3)",
      "signal": "OPERATING LEVERAGE",
      "detail": "Rev growth +417.0% vs OpEx growth +92.0% (leverage: 4.5x)",
      "severity": "MEDIUM"
    },
    {
      "quarter": "2023-09 (Q3)",
      "signal": "YoY REVENUE GROWTH ACCELERATION",
      "detail": "YoY growth: +481.2% vs prior quarter YoY: +3.0% (accel: +478.2%)",
      "severity": "HIGH"
    },
    {
      "quarter": "2023-06 (Q2)",
      "signal": "FCF MARGIN EXPANSION",
      "detail": "FCF margin: -74.3% -> -42.8% (+31.4%)",
      "severity": "MEDIUM"
    },
    {
      "quarter": "2023-06 (Q2)",
      "signal": "YoY REVENUE GROWTH ACCELERATION",
      "detail": "YoY growth: +3.0% vs prior quarter YoY: -19.6% (accel: +22.6%)",
      "severity": "HIGH"
    },
    {
      "quarter": "2023-03 (Q1)",
      "signal": "GROSS MARGIN INFLECTION",
      "detail": "GM: +25.8% -> +16.8% -> +21.6% (reversal +4.8%)",
      "severity": "MEDIUM"
    },
    {
      "quarter": "2023-03 (Q1)",
      "signal": "YoY REVENUE GROWTH DECELERATION",
      "detail": "YoY growth: -19.6% vs prior quarter YoY: +26.9% (decel: -46.5%)",
      "severity": "WARNING"
    },
    {
      "quarter": "2022-12 (Q4)",
      "signal": "YoY REVENUE GROWTH ACCELERATION",
      "detail": "YoY growth: +26.9% vs prior quarter YoY: +16.9% (accel: +10.0%)",
      "severity": "MEDIUM"
    },
    {
      "quarter": "2022-09 (Q3)",
      "signal": "FCF MARGIN EXPANSION",
      "detail": "FCF margin: -46.9% -> -34.9% (+12.0%)",
      "severity": "MEDIUM"
    },
    {
      "quarter": "2022-09 (Q3)",
      "signal": "GROSS MARGIN INFLECTION",
      "detail": "GM: +22.4% -> +19.8% -> +25.8% (reversal +6.0%)",
      "severity": "HIGH"
    },
    {
      "quarter": "2022-09 (Q3)",
      "signal": "YoY REVENUE GROWTH DECELERATION",
      "detail": "YoY growth: +16.9% vs prior quarter YoY: +46.8% (decel: -29.9%)",
      "severity": "WARNING"
    },
    {
      "quarter": "2022-06 (Q2)",
      "signal": "YoY REVENUE GROWTH DECELERATION",
      "detail": "YoY growth: +46.8% vs prior quarter YoY: +144.8% (decel: -98.0%)",
      "severity": "WARNING"
    },
    {
      "quarter": "2022-03 (Q1)",
      "signal": "FCF MARGIN EXPANSION",
      "detail": "FCF margin: -59.3% -> -26.2% (+33.1%)",
      "severity": "MEDIUM"
    },
    {
      "quarter": "2022-03 (Q1)",
      "signal": "GROSS MARGIN INFLECTION",
      "detail": "GM: +21.9% -> +18.7% -> +22.4% (reversal +3.7%)",
      "severity": "MEDIUM"
    },
    {
      "quarter": "2022-03 (Q1)",
      "signal": "YoY REVENUE GROWTH ACCELERATION",
      "detail": "YoY growth: +144.8% vs prior quarter YoY: +35.8% (accel: +109.0%)",
      "severity": "HIGH"
    },
    {
      "quarter": "2021-12 (Q4)",
      "signal": "FCF MARGIN EXPANSION",
      "detail": "FCF margin: -79.8% -> -59.3% (+20.5%)",
      "severity": "MEDIUM"
    }
  ],
  "data_quality": {
    "n_quarters": 20,
    "coverage": {
      "revenue": [
        20,
        20
      ],
      "gross_profit": [
        20,
        20
      ],
      "op_income": [
        20,
        20
      ],
      "fcf": [
        20,
        20
      ]
    },
    "gaps": [],
    "warnings": []
  },
  "market_cap": null,
  "source": "SEC EDGAR",
  "last_updated": "2026-02-03T00:00:44.443869",
  "sector": "Technology",
  "industry": "Software - Application"
}