{
  "ticker": "NXT",
  "name": "Nextpower Inc.",
  "quarters": [
    {
      "date": "2021-12-31T00:00:00",
      "quarter_label": "2021-12 (Q4)",
      "revenue": 337607000,
      "gross_profit": 33764000,
      "operating_income": 17106000,
      "net_income": 12546000,
      "opex": 16658000,
      "cogs": 303843000,
      "rd": 3649000,
      "sga": 13009000,
      "fcf": null,
      "ocf": null,
      "capex": null,
      "gross_margin": 0.10000977467884256,
      "op_margin": 0.05066838069115866,
      "fcf_margin": null
    },
    {
      "date": "2022-03-31T00:00:00",
      "quarter_label": "2022-03 (Q1)",
      "revenue": 439813000,
      "gross_profit": 38952000,
      "operating_income": 7577000,
      "net_income": -45119000,
      "opex": 31375000,
      "cogs": 400861000,
      "rd": 3576000,
      "sga": 27799000,
      "fcf": -42165000,
      "ocf": -41371000,
      "capex": -794000,
      "gross_margin": 0.0885649128152192,
      "op_margin": 0.017227776350403467,
      "fcf_margin": -0.09587029032793483,
      "op_leverage_ratio": 0.3426640289396766
    },
    {
      "date": "2022-07-01T00:00:00",
      "quarter_label": "2022-07 (Q3)",
      "revenue": 403230000,
      "gross_profit": 49863000,
      "operating_income": 29769000,
      "net_income": 0,
      "opex": 20094000,
      "cogs": 353367000,
      "rd": 3977000,
      "sga": 16117000,
      "fcf": 2367000,
      "ocf": 2794000,
      "capex": -427000,
      "gross_margin": 0.12365895394687895,
      "op_margin": 0.07382635220593706,
      "fcf_margin": 0.00587009895097091,
      "fcf_margin_change": 0.10174038927890575
    },
    {
      "date": "2022-09-30T00:00:00",
      "quarter_label": "2022-09 (Q3)",
      "revenue": 467142000,
      "gross_profit": 64539000,
      "operating_income": 39472000,
      "net_income": 0,
      "opex": 25067000,
      "cogs": 402603000,
      "rd": 4322000,
      "sga": 20745000,
      "fcf": 48759000,
      "ocf": 49667000,
      "capex": -908000,
      "gross_margin": 0.13815713423327383,
      "op_margin": 0.08449679112561063,
      "fcf_margin": 0.10437725573808393,
      "op_leverage_ratio": 0.6404386170253525,
      "fcf_margin_change": 0.09850715678711303
    },
    {
      "date": "2022-12-31T00:00:00",
      "quarter_label": "2022-12 (Q4)",
      "revenue": 513370000,
      "gross_profit": 82259000,
      "operating_income": 58662000,
      "net_income": 42586000,
      "opex": 23597000,
      "cogs": 431111000,
      "rd": 4984000,
      "sga": 18613000,
      "fcf": 18603000,
      "ocf": 19921000,
      "capex": -1318000,
      "gross_margin": 0.16023335995480842,
      "op_margin": 0.11426846134367026,
      "fcf_margin": 0.0362370220308939,
      "incr_op_margin_yoy": 0.23643201356371932,
      "rev_growth_yoy": 0.5206142052741798,
      "op_leverage_ratio": Infinity,
      "fcf_margin_change": -0.06814023370719002
    },
    {
      "date": "2023-03-31T00:00:00",
      "quarter_label": "2023-03 (Q1)",
      "revenue": 518395000,
      "gross_profit": 90312000,
      "operating_income": 40582000,
      "net_income": -92660000,
      "opex": 49730000,
      "cogs": 428083000,
      "rd": 8336000,
      "sga": 41394000,
      "fcf": 34757000,
      "ocf": 35287000,
      "capex": -530000,
      "gross_margin": 0.17421464327395134,
      "op_margin": 0.07828393406572208,
      "fcf_margin": 0.06704732877439018,
      "incr_op_margin_yoy": 0.4200071263139141,
      "rev_growth_yoy": 0.17867138988615616,
      "rev_growth_yoy_accel": -0.3419428153880236,
      "fcf_margin_change": 0.03081030674349628
    },
    {
      "date": "2023-06-30T00:00:00",
      "quarter_label": "2023-06 (Q2)",
      "revenue": 479543000,
      "gross_profit": 113744000,
      "operating_income": 73880000,
      "net_income": 20429000,
      "opex": 39864000,
      "cogs": 365799000,
      "rd": 5629000,
      "sga": 34235000,
      "fcf": 225073000,
      "ocf": 225767000,
      "capex": -694000,
      "gross_margin": 0.23719249368669754,
      "op_margin": 0.1540633478123964,
      "fcf_margin": 0.4693489426391377,
      "incr_op_margin_yoy": 0.5780273347922372,
      "rev_growth_yoy": 0.18925427175557374,
      "rev_growth_yoy_accel": 0.010582881869417582,
      "fcf_margin_change": 0.4023016138647475
    },
    {
      "date": "2023-09-29T00:00:00",
      "quarter_label": "2023-09 (Q3)",
      "revenue": 573357000,
      "gross_profit": 149110000,
      "operating_income": 94092000,
      "net_income": 39253000,
      "opex": 55018000,
      "cogs": 424247000,
      "rd": 7146000,
      "sga": 47872000,
      "fcf": 26198000,
      "ocf": 26910000,
      "capex": -712000,
      "gross_margin": 0.26006484616042014,
      "op_margin": 0.16410717929666857,
      "fcf_margin": 0.04569229991087577,
      "incr_op_margin_yoy": 0.5142399849362143,
      "rev_growth_yoy": 0.2273719768293153,
      "rev_growth_yoy_accel": 0.03811770507374154,
      "op_leverage_ratio": 0.514628328563527,
      "fcf_margin_change": -0.4236566427282619
    },
    {
      "date": "2023-12-31T00:00:00",
      "quarter_label": "2023-12 (Q4)",
      "revenue": 710426000,
      "gross_profit": 209725000,
      "operating_income": 148472000,
      "net_income": 41396000,
      "opex": 61253000,
      "cogs": 500701000,
      "rd": 12897000,
      "sga": 48356000,
      "fcf": 62360000,
      "ocf": 64804000,
      "capex": -2444000,
      "gross_margin": 0.295210197824967,
      "op_margin": 0.20899009889840744,
      "fcf_margin": 0.08777831892413847,
      "incr_op_margin_yoy": 0.45575876908087043,
      "rev_growth_yoy": 0.3838479069676841,
      "rev_growth_yoy_accel": 0.15647593013836883,
      "op_leverage_ratio": 2.1095142645304827,
      "fcf_margin_change": 0.0420860190132627
    },
    {
      "date": "2024-03-31T00:00:00",
      "quarter_label": "2024-03 (Q1)",
      "revenue": 736515000,
      "gross_profit": 340470000,
      "operating_income": 270674000,
      "net_income": 205163000,
      "opex": 69796000,
      "cogs": 396045000,
      "rd": 13090000,
      "sga": 56706000,
      "fcf": 109182000,
      "ocf": 111492000,
      "capex": -2310000,
      "gross_margin": 0.46227164416203337,
      "op_margin": 0.36750643231977626,
      "fcf_margin": 0.14824138001262704,
      "incr_op_margin_yoy": 1.0548872180451128,
      "rev_growth_yoy": 0.42076023109790794,
      "rev_growth_yoy_accel": 0.03691232413022383,
      "op_leverage_ratio": 0.26330283985660924,
      "fcf_margin_change": 0.060463061088488576
    },
    {
      "date": "2024-06-28T00:00:00",
      "quarter_label": "2024-06 (Q2)",
      "revenue": 719921000,
      "gross_profit": 237440000,
      "operating_income": 160094000,
      "net_income": 121700000,
      "opex": 77346000,
      "cogs": 482481000,
      "rd": 16519000,
      "sga": 60827000,
      "fcf": 117956000,
      "ocf": 120846000,
      "capex": -2890000,
      "gross_margin": 0.3298139656990142,
      "op_margin": 0.22237717749586414,
      "fcf_margin": 0.16384575529815076,
      "incr_op_margin_yoy": 0.3586601103262362,
      "rev_growth_yoy": 0.5012647458100733,
      "rev_growth_yoy_accel": 0.08050451471216535,
      "fcf_margin_change": 0.01560437528552372
    },
    {
      "date": "2024-09-27T00:00:00",
      "quarter_label": "2024-09 (Q3)",
      "revenue": 635571000,
      "gross_profit": 224795000,
      "operating_income": 133475000,
      "net_income": 115391000,
      "opex": 91320000,
      "cogs": 410776000,
      "rd": 19193000,
      "sga": 72127000,
      "fcf": 141771000,
      "ocf": 153781000,
      "capex": -12010000,
      "gross_margin": 0.35368983166318163,
      "op_margin": 0.21000800854664545,
      "fcf_margin": 0.2230608382069037,
      "incr_op_margin_yoy": 0.6330247211238628,
      "rev_growth_yoy": 0.10850831157551055,
      "rev_growth_yoy_accel": -0.39275643423456275,
      "fcf_margin_change": 0.059215082908752936
    },
    {
      "date": "2024-12-31T00:00:00",
      "quarter_label": "2024-12 (Q4)",
      "revenue": 679363000,
      "gross_profit": 240903000,
      "operating_income": 150236000,
      "net_income": 115283000,
      "opex": 90667000,
      "cogs": 438460000,
      "rd": 20094000,
      "sga": 70573000,
      "fcf": 134899000,
      "ocf": 143840000,
      "capex": -8941000,
      "gross_margin": 0.3546012956254609,
      "op_margin": 0.22114245256217957,
      "fcf_margin": 0.1985668928098822,
      "incr_op_margin_yoy": -0.05678781830473554,
      "rev_growth_yoy": -0.04372446954362594,
      "rev_growth_yoy_accel": -0.1522327811191365,
      "op_leverage_ratio": Infinity,
      "fcf_margin_change": -0.024493945397021488
    },
    {
      "date": "2025-03-31T00:00:00",
      "quarter_label": "2025-03 (Q1)",
      "revenue": 924342000,
      "gross_profit": 305687000,
      "operating_income": 195307000,
      "net_income": 156794000,
      "opex": 110380000,
      "cogs": 618655000,
      "rd": 23586000,
      "sga": 86794000,
      "fcf": 227247000,
      "ocf": 237327000,
      "capex": -10080000,
      "gross_margin": 0.33070768178877513,
      "op_margin": 0.2112930062682427,
      "fcf_margin": 0.24584731625307515,
      "incr_op_margin_yoy": -0.4012575401832537,
      "rev_growth_yoy": 0.2550212826622676,
      "rev_growth_yoy_accel": 0.2987457522058935,
      "op_leverage_ratio": 1.658530609993385,
      "fcf_margin_change": 0.04728042344319294
    },
    {
      "date": "2025-06-27T00:00:00",
      "quarter_label": "2025-06 (Q2)",
      "revenue": 864253000,
      "gross_profit": 281726000,
      "operating_income": 186230000,
      "net_income": 157183000,
      "opex": 95496000,
      "cogs": 582527000,
      "rd": 21560000,
      "sga": 73936000,
      "fcf": 70066000,
      "ocf": 81324000,
      "capex": -11258000,
      "gross_margin": 0.32597630554941665,
      "op_margin": 0.2154808834912925,
      "fcf_margin": 0.08107116781775707,
      "incr_op_margin_yoy": 0.18108250422636699,
      "rev_growth_yoy": 0.2004831085633007,
      "rev_growth_yoy_accel": -0.054538174098966885,
      "fcf_margin_change": -0.16477614843531807
    },
    {
      "date": "2025-09-26T00:00:00",
      "quarter_label": "2025-09 (Q3)",
      "revenue": 905268000,
      "gross_profit": 292860000,
      "operating_income": 181345000,
      "net_income": 146861000,
      "opex": 111515000,
      "cogs": 612408000,
      "rd": 26889000,
      "sga": 84626000,
      "fcf": 171405000,
      "ocf": 186879000,
      "capex": -15474000,
      "gross_margin": 0.323506409151765,
      "op_margin": 0.2003218936270806,
      "fcf_margin": 0.1893417198001034,
      "incr_op_margin_yoy": 0.17749548567466453,
      "rev_growth_yoy": 0.4243381148604955,
      "rev_growth_yoy_accel": 0.2238550062971948,
      "op_leverage_ratio": 0.2829121503036371,
      "fcf_margin_change": 0.10827055198234632
    },
    {
      "date": "2025-12-31T00:00:00",
      "quarter_label": "2025-12 (Q4)",
      "revenue": 909352000,
      "gross_profit": 288132000,
      "operating_income": 176105000,
      "net_income": 131236000,
      "opex": 112027000,
      "cogs": 621220000,
      "rd": 29294000,
      "sga": 82733000,
      "fcf": 118549000,
      "ocf": 123280000,
      "capex": -4731000,
      "gross_margin": 0.3168541994739111,
      "op_margin": 0.19365988088221062,
      "fcf_margin": 0.13036645875304612,
      "incr_op_margin_yoy": 0.11247929248790159,
      "rev_growth_yoy": 0.33853624645439917,
      "rev_growth_yoy_accel": -0.08580186840609633,
      "fcf_margin_change": -0.058975261047057276
    }
  ],
  "signals": [
    {
      "quarter": "2025-12 (Q4)",
      "signal": "YoY REVENUE GROWTH DECELERATION",
      "detail": "YoY growth: +33.9% vs prior quarter YoY: +42.4% (decel: -8.6%)",
      "severity": "WARNING"
    },
    {
      "quarter": "2025-09 (Q3)",
      "signal": "FCF MARGIN EXPANSION",
      "detail": "FCF margin: +8.1% -> +18.9% (+10.8%)",
      "severity": "MEDIUM"
    },
    {
      "quarter": "2025-09 (Q3)",
      "signal": "YoY REVENUE GROWTH ACCELERATION",
      "detail": "YoY growth: +42.4% vs prior quarter YoY: +20.0% (accel: +22.4%)",
      "severity": "HIGH"
    },
    {
      "quarter": "2025-06 (Q2)",
      "signal": "YoY REVENUE GROWTH DECELERATION",
      "detail": "YoY growth: +20.0% vs prior quarter YoY: +25.5% (decel: -5.5%)",
      "severity": "WARNING"
    },
    {
      "quarter": "2025-03 (Q1)",
      "signal": "OPERATING LEVERAGE",
      "detail": "Rev growth +36.1% vs OpEx growth +21.7% (leverage: 1.7x)",
      "severity": "MEDIUM"
    },
    {
      "quarter": "2025-03 (Q1)",
      "signal": "YoY REVENUE GROWTH ACCELERATION",
      "detail": "YoY growth: +25.5% vs prior quarter YoY: -4.4% (accel: +29.9%)",
      "severity": "HIGH"
    },
    {
      "quarter": "2024-12 (Q4)",
      "signal": "YoY REVENUE GROWTH DECELERATION",
      "detail": "YoY growth: -4.4% vs prior quarter YoY: +10.9% (decel: -15.2%)",
      "severity": "WARNING"
    },
    {
      "quarter": "2024-09 (Q3)",
      "signal": "FCF MARGIN EXPANSION",
      "detail": "FCF margin: +16.4% -> +22.3% (+5.9%)",
      "severity": "MEDIUM"
    },
    {
      "quarter": "2024-09 (Q3)",
      "signal": "GROSS MARGIN INFLECTION",
      "detail": "GM: +46.2% -> +33.0% -> +35.4% (reversal +2.4%)",
      "severity": "MEDIUM"
    },
    {
      "quarter": "2024-09 (Q3)",
      "signal": "YoY REVENUE GROWTH DECELERATION",
      "detail": "YoY growth: +10.9% vs prior quarter YoY: +50.1% (decel: -39.3%)",
      "severity": "WARNING"
    },
    {
      "quarter": "2024-09 (Q3)",
      "signal": "INCREMENTAL MARGIN (YoY)",
      "detail": "YoY Incr OPM: +63.3% vs year-ago OPM: +16.4%",
      "severity": "HIGH"
    },
    {
      "quarter": "2024-06 (Q2)",
      "signal": "YoY REVENUE GROWTH ACCELERATION",
      "detail": "YoY growth: +50.1% vs prior quarter YoY: +42.1% (accel: +8.1%)",
      "severity": "MEDIUM"
    },
    {
      "quarter": "2024-06 (Q2)",
      "signal": "INCREMENTAL MARGIN (YoY)",
      "detail": "YoY Incr OPM: +35.9% vs year-ago OPM: +15.4%",
      "severity": "HIGH"
    },
    {
      "quarter": "2024-03 (Q1)",
      "signal": "FCF MARGIN EXPANSION",
      "detail": "FCF margin: +8.8% -> +14.8% (+6.0%)",
      "severity": "MEDIUM"
    },
    {
      "quarter": "2024-03 (Q1)",
      "signal": "INCREMENTAL MARGIN (YoY)",
      "detail": "YoY Incr OPM: +105.5% vs year-ago OPM: +7.8%",
      "severity": "HIGH"
    },
    {
      "quarter": "2023-12 (Q4)",
      "signal": "OPERATING LEVERAGE",
      "detail": "Rev growth +23.9% vs OpEx growth +11.3% (leverage: 2.1x)",
      "severity": "MEDIUM"
    },
    {
      "quarter": "2023-12 (Q4)",
      "signal": "YoY REVENUE GROWTH ACCELERATION",
      "detail": "YoY growth: +38.4% vs prior quarter YoY: +22.7% (accel: +15.6%)",
      "severity": "HIGH"
    },
    {
      "quarter": "2023-12 (Q4)",
      "signal": "INCREMENTAL MARGIN (YoY)",
      "detail": "YoY Incr OPM: +45.6% vs year-ago OPM: +11.4%",
      "severity": "HIGH"
    },
    {
      "quarter": "2023-09 (Q3)",
      "signal": "INCREMENTAL MARGIN (YoY)",
      "detail": "YoY Incr OPM: +51.4% vs year-ago OPM: +8.4%",
      "severity": "HIGH"
    },
    {
      "quarter": "2023-06 (Q2)",
      "signal": "FCF MARGIN EXPANSION",
      "detail": "FCF margin: +6.7% -> +46.9% (+40.2%)",
      "severity": "MEDIUM"
    },
    {
      "quarter": "2023-06 (Q2)",
      "signal": "INCREMENTAL MARGIN (YoY)",
      "detail": "YoY Incr OPM: +57.8% vs year-ago OPM: +7.4%",
      "severity": "HIGH"
    },
    {
      "quarter": "2023-03 (Q1)",
      "signal": "YoY REVENUE GROWTH DECELERATION",
      "detail": "YoY growth: +17.9% vs prior quarter YoY: +52.1% (decel: -34.2%)",
      "severity": "WARNING"
    },
    {
      "quarter": "2023-03 (Q1)",
      "signal": "INCREMENTAL MARGIN (YoY)",
      "detail": "YoY Incr OPM: +42.0% vs year-ago OPM: +1.7%",
      "severity": "HIGH"
    },
    {
      "quarter": "2022-12 (Q4)",
      "signal": "INCREMENTAL MARGIN (YoY)",
      "detail": "YoY Incr OPM: +23.6% vs year-ago OPM: +5.1%",
      "severity": "MEDIUM"
    },
    {
      "quarter": "2022-09 (Q3)",
      "signal": "FCF MARGIN EXPANSION",
      "detail": "FCF margin: +0.6% -> +10.4% (+9.9%)",
      "severity": "MEDIUM"
    },
    {
      "quarter": "2022-07 (Q3)",
      "signal": "FCF TURNED POSITIVE",
      "detail": "FCF margin: -9.6% -> +0.6%",
      "severity": "HIGH"
    },
    {
      "quarter": "2022-07 (Q3)",
      "signal": "GROSS MARGIN INFLECTION",
      "detail": "GM: +10.0% -> +8.9% -> +12.4% (reversal +3.5%)",
      "severity": "MEDIUM"
    }
  ],
  "data_quality": {
    "n_quarters": 17,
    "coverage": {
      "revenue": [
        17,
        17
      ],
      "gross_profit": [
        17,
        17
      ],
      "op_income": [
        17,
        17
      ],
      "fcf": [
        16,
        17
      ]
    },
    "gaps": [],
    "warnings": []
  },
  "market_cap": null,
  "source": "SEC EDGAR",
  "last_updated": "2026-02-03T16:23:16.597105",
  "sector": "Technology",
  "industry": "Solar"
}