{
  "ticker": "NXXT",
  "name": "NEXTNRG, INC.",
  "quarters": [
    {
      "date": "2020-12-31T00:00:00",
      "quarter_label": "2020-12 (Q4)",
      "revenue": 1126070,
      "gross_profit": -546,
      "operating_income": -3931758,
      "net_income": -4182165,
      "opex": 5057828,
      "cogs": 1126616,
      "rd": null,
      "sga": null,
      "fcf": -728026,
      "ocf": -791612,
      "capex": 63586,
      "gross_margin": -0.0004848721660287549,
      "op_margin": -3.4915751241041852,
      "fcf_margin": -0.6465193105224364
    },
    {
      "date": "2021-03-31T00:00:00",
      "quarter_label": "2021-03 (Q1)",
      "revenue": 1521819,
      "gross_profit": 127423,
      "operating_income": -1235811,
      "net_income": -1348155,
      "opex": 2757630,
      "cogs": 1394396,
      "rd": null,
      "sga": null,
      "fcf": -929420,
      "ocf": -905579,
      "capex": -23841,
      "gross_margin": 0.08373071961908742,
      "op_margin": -0.8120617497875897,
      "fcf_margin": -0.6107296597032893,
      "op_leverage_ratio": Infinity,
      "fcf_margin_change": 0.03578965081914709
    },
    {
      "date": "2021-06-30T00:00:00",
      "quarter_label": "2021-06 (Q2)",
      "revenue": 1850598,
      "gross_profit": 14437,
      "operating_income": -1884735,
      "net_income": -2007935,
      "opex": 3735333,
      "cogs": 1836161,
      "rd": null,
      "sga": null,
      "fcf": -1287368,
      "ocf": -1243894,
      "capex": -43474,
      "gross_margin": 0.00780126207852813,
      "op_margin": -1.0184464697357287,
      "fcf_margin": -0.6956497305195402,
      "op_leverage_ratio": 0.6093546302235076,
      "fcf_margin_change": -0.08492007081625086
    },
    {
      "date": "2021-09-30T00:00:00",
      "quarter_label": "2021-09 (Q3)",
      "revenue": 1863599,
      "gross_profit": 37860,
      "operating_income": -1944504,
      "net_income": -2373603,
      "opex": 3858102,
      "cogs": 1825739,
      "rd": null,
      "sga": null,
      "fcf": -2009258,
      "ocf": -1263290,
      "capex": -745968,
      "gross_margin": 0.020315529252805994,
      "op_margin": -1.043413309408301,
      "fcf_margin": -1.07816005481866,
      "fcf_margin_change": -0.3825103242991199
    },
    {
      "date": "2021-12-31T00:00:00",
      "quarter_label": "2021-12 (Q4)",
      "revenue": 1997941,
      "gross_profit": 28295,
      "operating_income": -3652703,
      "net_income": -3653704,
      "opex": 5650644,
      "cogs": 1969646,
      "rd": null,
      "sga": null,
      "fcf": -4078866,
      "ocf": -2893998,
      "capex": -1184868,
      "gross_margin": 0.014162079861217123,
      "op_margin": -1.8282336665597232,
      "fcf_margin": -2.0415347600354563,
      "rev_growth_yoy": 0.77426003712025,
      "op_leverage_ratio": 0.1551542605692522,
      "fcf_margin_change": -0.9633747052167962
    },
    {
      "date": "2022-03-31T00:00:00",
      "quarter_label": "2022-03 (Q1)",
      "revenue": 2340068,
      "gross_profit": 15908,
      "operating_income": -3269757,
      "net_income": -3266510,
      "opex": 5609825,
      "cogs": 2324160,
      "rd": null,
      "sga": null,
      "fcf": -3601526,
      "ocf": -2329978,
      "capex": -1271548,
      "gross_margin": 0.006798093046868723,
      "op_margin": -1.397291446231477,
      "fcf_margin": -1.539068950133073,
      "rev_growth_yoy": 0.5376782652864762,
      "rev_growth_yoy_accel": -0.23658177183377382,
      "op_leverage_ratio": Infinity,
      "fcf_margin_change": 0.5024658099023833
    },
    {
      "date": "2022-06-30T00:00:00",
      "quarter_label": "2022-06 (Q2)",
      "revenue": 3754431,
      "gross_profit": -1430,
      "operating_income": -3866503,
      "net_income": -3872670,
      "opex": 7620934,
      "cogs": 3755861,
      "rd": null,
      "sga": null,
      "fcf": -5447467,
      "ocf": -3698309,
      "capex": -1749158,
      "gross_margin": -0.0003808832816477384,
      "op_margin": -1.0298505952033743,
      "fcf_margin": -1.4509434319075247,
      "incr_op_margin_yoy": -1.0409358383849845,
      "rev_growth_yoy": 1.028766377138633,
      "rev_growth_yoy_accel": 0.49108811185215684,
      "op_leverage_ratio": 1.6859555209420725,
      "fcf_margin_change": 0.08812551822554826
    },
    {
      "date": "2022-09-30T00:00:00",
      "quarter_label": "2022-09 (Q3)",
      "revenue": 4091403,
      "gross_profit": -116752,
      "operating_income": -4073645,
      "net_income": -4076409,
      "opex": 8165048,
      "cogs": 4208155,
      "rd": null,
      "sga": null,
      "fcf": -3177055,
      "ocf": -2955599,
      "capex": -221456,
      "gross_margin": -0.028535932539522506,
      "op_margin": -0.9956596795769079,
      "fcf_margin": -0.7765196926335538,
      "incr_op_margin_yoy": -0.9557128903619888,
      "rev_growth_yoy": 1.1954309913237773,
      "rev_growth_yoy_accel": 0.16666461418514422,
      "op_leverage_ratio": 1.257094680098052,
      "fcf_margin_change": 0.6744237392739709
    },
    {
      "date": "2022-12-31T00:00:00",
      "quarter_label": "2022-12 (Q4)",
      "revenue": 4858819,
      "gross_profit": -71239,
      "operating_income": -6276374,
      "net_income": -6290176,
      "opex": 11135193,
      "cogs": 4930058,
      "rd": null,
      "sga": null,
      "fcf": -2631950,
      "ocf": -2615695,
      "capex": -16255,
      "gross_margin": -0.014661793328790392,
      "op_margin": -1.2917488797174788,
      "fcf_margin": -0.5416851296580506,
      "incr_op_margin_yoy": -0.9170859435460023,
      "rev_growth_yoy": 1.4319131545926531,
      "rev_growth_yoy_accel": 0.23648216326887583,
      "op_leverage_ratio": 0.5156317852031441,
      "fcf_margin_change": 0.2348345629755032
    },
    {
      "date": "2023-03-31T00:00:00",
      "quarter_label": "2023-03 (Q1)",
      "revenue": 5231334,
      "gross_profit": 162551,
      "operating_income": -2307182,
      "net_income": -2348771,
      "opex": 7538516,
      "cogs": 5068783,
      "rd": null,
      "sga": null,
      "fcf": -2513417,
      "ocf": -2513417,
      "capex": null,
      "gross_margin": 0.03107257154676035,
      "op_margin": -0.441031293356532,
      "fcf_margin": -0.48045431624132584,
      "incr_op_margin_yoy": 0.332925092329796,
      "rev_growth_yoy": 1.2355478558742738,
      "rev_growth_yoy_accel": -0.19636529871837927,
      "op_leverage_ratio": Infinity,
      "fcf_margin_change": 0.06123081341672476
    },
    {
      "date": "2023-06-30T00:00:00",
      "quarter_label": "2023-06 (Q2)",
      "revenue": 6130661,
      "gross_profit": 484370,
      "operating_income": -2162264,
      "net_income": -2468811,
      "opex": 8292925,
      "cogs": 5646291,
      "rd": null,
      "sga": null,
      "fcf": -1385355,
      "ocf": -1385355,
      "capex": null,
      "gross_margin": 0.07900779377623392,
      "op_margin": -0.35269671573750366,
      "fcf_margin": -0.22597155510637434,
      "incr_op_margin_yoy": 0.7172028801925739,
      "rev_growth_yoy": 0.6329134827621017,
      "rev_growth_yoy_accel": -0.6026343731121722,
      "op_leverage_ratio": 1.7178458236320746,
      "fcf_margin_change": 0.2544827611349515
    },
    {
      "date": "2023-09-30T00:00:00",
      "quarter_label": "2023-09 (Q3)",
      "revenue": 6163682,
      "gross_profit": 349725,
      "operating_income": -1613057,
      "net_income": -2226738,
      "opex": 7776739,
      "cogs": 5813957,
      "rd": null,
      "sga": null,
      "fcf": -1540895,
      "ocf": -1540895,
      "capex": null,
      "gross_margin": 0.05673962414024604,
      "op_margin": -0.26170347529285254,
      "fcf_margin": -0.24999586286249031,
      "incr_op_margin_yoy": 1.187382586997214,
      "rev_growth_yoy": 0.5064959379459809,
      "rev_growth_yoy_accel": -0.12641754481612077,
      "fcf_margin_change": -0.02402430775611597
    },
    {
      "date": "2023-12-31T00:00:00",
      "quarter_label": "2023-12 (Q4)",
      "revenue": 5690746,
      "gross_profit": 374202,
      "operating_income": -2742057,
      "net_income": -3427569,
      "opex": 8432803,
      "cogs": 5316544,
      "rd": null,
      "sga": null,
      "fcf": -1203730,
      "ocf": -1203730,
      "capex": null,
      "gross_margin": 0.06575622949961217,
      "op_margin": -0.481844911018696,
      "fcf_margin": -0.21152411300732804,
      "rev_growth_yoy": 0.17122000222687858,
      "rev_growth_yoy_accel": -0.3352759357191023,
      "fcf_margin_change": 0.038471749855162274
    },
    {
      "date": "2024-03-31T00:00:00",
      "quarter_label": "2024-03 (Q1)",
      "revenue": 6597119,
      "gross_profit": 461784,
      "operating_income": -1303769,
      "net_income": -1899122,
      "opex": 7900888,
      "cogs": 6135335,
      "rd": null,
      "sga": null,
      "fcf": -1378444,
      "ocf": -1378444,
      "capex": null,
      "gross_margin": 0.06999782783969791,
      "op_margin": -0.19762702476641697,
      "fcf_margin": -0.20894635976704376,
      "incr_op_margin_yoy": 0.7346785914327658,
      "rev_growth_yoy": 0.2610777671622573,
      "rev_growth_yoy_accel": 0.0898577649353787,
      "op_leverage_ratio": Infinity,
      "fcf_margin_change": 0.0025777532402842807
    },
    {
      "date": "2024-06-30T00:00:00",
      "quarter_label": "2024-06 (Q2)",
      "revenue": 7398278,
      "gross_profit": 550828,
      "operating_income": -1519274,
      "net_income": -3361233,
      "opex": 8917552,
      "cogs": 6847450,
      "rd": null,
      "sga": null,
      "fcf": -6952915,
      "ocf": -6952915,
      "capex": null,
      "gross_margin": 0.07445354175660877,
      "op_margin": -0.20535508398035326,
      "fcf_margin": -0.9398018025275612,
      "incr_op_margin_yoy": 0.5072431183867051,
      "rev_growth_yoy": 0.20676677441470015,
      "rev_growth_yoy_accel": -0.05431099274755713,
      "op_leverage_ratio": 0.9437628061334304,
      "fcf_margin_change": -0.7308554427605174
    },
    {
      "date": "2024-09-30T00:00:00",
      "quarter_label": "2024-09 (Q3)",
      "revenue": 6985962,
      "gross_profit": 606825,
      "operating_income": -1613024,
      "net_income": -8075509,
      "opex": 8598986,
      "cogs": 6379137,
      "rd": null,
      "sga": null,
      "fcf": 3644189,
      "ocf": 3644189,
      "capex": null,
      "gross_margin": 0.08686348422736911,
      "op_margin": -0.23089504351727078,
      "fcf_margin": 0.5216445494550357,
      "rev_growth_yoy": 0.13340727182226467,
      "rev_growth_yoy_accel": -0.07335950259243548,
      "fcf_margin_change": 1.4614463519825969
    },
    {
      "date": "2024-12-31T00:00:00",
      "quarter_label": "2024-12 (Q4)",
      "revenue": 6792419,
      "gross_profit": 686927,
      "operating_income": -2842553,
      "net_income": -2849645,
      "opex": 9634972,
      "cogs": 6105492,
      "rd": null,
      "sga": null,
      "fcf": 101565,
      "ocf": 101565,
      "capex": null,
      "gross_margin": 0.10113142313511578,
      "op_margin": -0.41848905375242607,
      "fcf_margin": 0.014952699472750429,
      "incr_op_margin_yoy": -0.09122126075523318,
      "rev_growth_yoy": 0.19359026039819735,
      "rev_growth_yoy_accel": 0.06018298857593268,
      "fcf_margin_change": -0.5066918499822852
    },
    {
      "date": "2025-03-31T00:00:00",
      "quarter_label": "2025-03 (Q1)",
      "revenue": 16272673,
      "gross_profit": 517969,
      "operating_income": -5753872,
      "net_income": -8787534,
      "opex": 22026545,
      "cogs": 15754704,
      "rd": null,
      "sga": null,
      "fcf": -5771840,
      "ocf": -5771840,
      "capex": null,
      "gross_margin": 0.031830603367990006,
      "op_margin": -0.3535910787367263,
      "fcf_margin": -0.3546952611903404,
      "incr_op_margin_yoy": -0.45993263021424924,
      "rev_growth_yoy": 1.4666332379331037,
      "rev_growth_yoy_accel": 1.2730429775349064,
      "op_leverage_ratio": 1.08522433155118,
      "fcf_margin_change": -0.3696479606630908
    },
    {
      "date": "2025-06-30T00:00:00",
      "quarter_label": "2025-06 (Q2)",
      "revenue": 19691568,
      "gross_profit": 1569816,
      "operating_income": -30765704,
      "net_income": -36100766,
      "opex": 50457272,
      "cogs": 18121752,
      "rd": null,
      "sga": null,
      "fcf": -564472,
      "ocf": -564472,
      "capex": null,
      "gross_margin": 0.07972021324050985,
      "op_margin": -1.562379593133467,
      "fcf_margin": -0.028665670504248317,
      "incr_op_margin_yoy": -2.3790563795371296,
      "rev_growth_yoy": 1.6616420740069513,
      "rev_growth_yoy_accel": 0.19500883607384756,
      "op_leverage_ratio": 0.16277409195823941,
      "fcf_margin_change": 0.32602959068609205
    },
    {
      "date": "2025-09-30T00:00:00",
      "quarter_label": "2025-09 (Q3)",
      "revenue": 22860041,
      "gross_profit": 2441967,
      "operating_income": -9001867,
      "net_income": -14124837,
      "opex": 31861908,
      "cogs": 20418074,
      "rd": null,
      "sga": null,
      "fcf": -7768382,
      "ocf": -7768382,
      "capex": null,
      "gross_margin": 0.10682251182314152,
      "op_margin": -0.3937817521849589,
      "fcf_margin": -0.33982362498824914,
      "incr_op_margin_yoy": -0.4654659334881728,
      "rev_growth_yoy": 2.2722824716195134,
      "rev_growth_yoy_accel": 0.6106403976125621,
      "op_leverage_ratio": Infinity,
      "fcf_margin_change": -0.3111579544840008
    }
  ],
  "signals": [
    {
      "quarter": "2025-09 (Q3)",
      "signal": "YoY REVENUE GROWTH ACCELERATION",
      "detail": "YoY growth: +227.2% vs prior quarter YoY: +166.2% (accel: +61.1%)",
      "severity": "HIGH"
    },
    {
      "quarter": "2025-06 (Q2)",
      "signal": "FCF MARGIN EXPANSION",
      "detail": "FCF margin: -35.5% -> -2.9% (+32.6%)",
      "severity": "MEDIUM"
    },
    {
      "quarter": "2025-06 (Q2)",
      "signal": "GROSS MARGIN INFLECTION",
      "detail": "GM: +10.1% -> +3.2% -> +8.0% (reversal +4.8%)",
      "severity": "MEDIUM"
    },
    {
      "quarter": "2025-06 (Q2)",
      "signal": "YoY REVENUE GROWTH ACCELERATION",
      "detail": "YoY growth: +166.2% vs prior quarter YoY: +146.7% (accel: +19.5%)",
      "severity": "HIGH"
    },
    {
      "quarter": "2025-03 (Q1)",
      "signal": "YoY REVENUE GROWTH ACCELERATION",
      "detail": "YoY growth: +146.7% vs prior quarter YoY: +19.4% (accel: +127.3%)",
      "severity": "HIGH"
    },
    {
      "quarter": "2024-12 (Q4)",
      "signal": "YoY REVENUE GROWTH ACCELERATION",
      "detail": "YoY growth: +19.4% vs prior quarter YoY: +13.3% (accel: +6.0%)",
      "severity": "MEDIUM"
    },
    {
      "quarter": "2024-09 (Q3)",
      "signal": "FCF TURNED POSITIVE",
      "detail": "FCF margin: -94.0% -> +52.2%",
      "severity": "HIGH"
    },
    {
      "quarter": "2024-09 (Q3)",
      "signal": "YoY REVENUE GROWTH DECELERATION",
      "detail": "YoY growth: +13.3% vs prior quarter YoY: +20.7% (decel: -7.3%)",
      "severity": "WARNING"
    },
    {
      "quarter": "2024-06 (Q2)",
      "signal": "YoY REVENUE GROWTH DECELERATION",
      "detail": "YoY growth: +20.7% vs prior quarter YoY: +26.1% (decel: -5.4%)",
      "severity": "WARNING"
    },
    {
      "quarter": "2024-03 (Q1)",
      "signal": "YoY REVENUE GROWTH ACCELERATION",
      "detail": "YoY growth: +26.1% vs prior quarter YoY: +17.1% (accel: +9.0%)",
      "severity": "MEDIUM"
    },
    {
      "quarter": "2023-12 (Q4)",
      "signal": "YoY REVENUE GROWTH DECELERATION",
      "detail": "YoY growth: +17.1% vs prior quarter YoY: +50.6% (decel: -33.5%)",
      "severity": "WARNING"
    },
    {
      "quarter": "2023-09 (Q3)",
      "signal": "YoY REVENUE GROWTH DECELERATION",
      "detail": "YoY growth: +50.6% vs prior quarter YoY: +63.3% (decel: -12.6%)",
      "severity": "WARNING"
    },
    {
      "quarter": "2023-06 (Q2)",
      "signal": "FCF MARGIN EXPANSION",
      "detail": "FCF margin: -48.0% -> -22.6% (+25.4%)",
      "severity": "MEDIUM"
    },
    {
      "quarter": "2023-06 (Q2)",
      "signal": "OPERATING LEVERAGE",
      "detail": "Rev growth +17.2% vs OpEx growth +10.0% (leverage: 1.7x)",
      "severity": "MEDIUM"
    },
    {
      "quarter": "2023-06 (Q2)",
      "signal": "YoY REVENUE GROWTH DECELERATION",
      "detail": "YoY growth: +63.3% vs prior quarter YoY: +123.6% (decel: -60.3%)",
      "severity": "WARNING"
    },
    {
      "quarter": "2023-03 (Q1)",
      "signal": "FCF MARGIN EXPANSION",
      "detail": "FCF margin: -54.2% -> -48.0% (+6.1%)",
      "severity": "MEDIUM"
    },
    {
      "quarter": "2023-03 (Q1)",
      "signal": "YoY REVENUE GROWTH DECELERATION",
      "detail": "YoY growth: +123.6% vs prior quarter YoY: +143.2% (decel: -19.6%)",
      "severity": "WARNING"
    },
    {
      "quarter": "2022-12 (Q4)",
      "signal": "FCF MARGIN EXPANSION",
      "detail": "FCF margin: -77.7% -> -54.2% (+23.5%)",
      "severity": "MEDIUM"
    },
    {
      "quarter": "2022-12 (Q4)",
      "signal": "YoY REVENUE GROWTH ACCELERATION",
      "detail": "YoY growth: +143.2% vs prior quarter YoY: +119.5% (accel: +23.6%)",
      "severity": "HIGH"
    },
    {
      "quarter": "2022-09 (Q3)",
      "signal": "FCF MARGIN EXPANSION",
      "detail": "FCF margin: -145.1% -> -77.7% (+67.4%)",
      "severity": "MEDIUM"
    },
    {
      "quarter": "2022-09 (Q3)",
      "signal": "YoY REVENUE GROWTH ACCELERATION",
      "detail": "YoY growth: +119.5% vs prior quarter YoY: +102.9% (accel: +16.7%)",
      "severity": "HIGH"
    },
    {
      "quarter": "2022-06 (Q2)",
      "signal": "FCF MARGIN EXPANSION",
      "detail": "FCF margin: -153.9% -> -145.1% (+8.8%)",
      "severity": "MEDIUM"
    },
    {
      "quarter": "2022-06 (Q2)",
      "signal": "OPERATING LEVERAGE",
      "detail": "Rev growth +60.4% vs OpEx growth +35.8% (leverage: 1.7x)",
      "severity": "MEDIUM"
    },
    {
      "quarter": "2022-06 (Q2)",
      "signal": "YoY REVENUE GROWTH ACCELERATION",
      "detail": "YoY growth: +102.9% vs prior quarter YoY: +53.8% (accel: +49.1%)",
      "severity": "HIGH"
    },
    {
      "quarter": "2022-03 (Q1)",
      "signal": "FCF MARGIN EXPANSION",
      "detail": "FCF margin: -204.2% -> -153.9% (+50.2%)",
      "severity": "MEDIUM"
    },
    {
      "quarter": "2022-03 (Q1)",
      "signal": "YoY REVENUE GROWTH DECELERATION",
      "detail": "YoY growth: +53.8% vs prior quarter YoY: +77.4% (decel: -23.7%)",
      "severity": "WARNING"
    }
  ],
  "data_quality": {
    "n_quarters": 20,
    "coverage": {
      "revenue": [
        20,
        20
      ],
      "gross_profit": [
        20,
        20
      ],
      "op_income": [
        20,
        20
      ],
      "fcf": [
        20,
        20
      ]
    },
    "gaps": [],
    "warnings": []
  },
  "market_cap": null,
  "source": "SEC EDGAR",
  "last_updated": "2026-02-02T23:12:23.760128"
}