{
  "ticker": "NYT",
  "name": "The New York Times Company",
  "quarters": [
    {
      "date": "2020-12-27T00:00:00",
      "quarter_label": "2020-12 (Q4)",
      "revenue": 509358000,
      "gross_profit": 258855000,
      "operating_income": 80534000,
      "net_income": 10009000,
      "opex": 428824000,
      "cogs": 250503000,
      "rd": 36787000,
      "sga": null,
      "fcf": 86035000,
      "ocf": 91250000,
      "capex": -5215000,
      "gross_margin": 0.5081985558291026,
      "op_margin": 0.15810883504332907,
      "fcf_margin": 0.16890870468315017
    },
    {
      "date": "2021-03-28T00:00:00",
      "quarter_label": "2021-03 (Q1)",
      "revenue": 473045000,
      "gross_profit": 51658000,
      "operating_income": 51658000,
      "net_income": 41109000,
      "opex": 421387000,
      "cogs": 250997000,
      "rd": 38943000,
      "sga": null,
      "fcf": 26535000,
      "ocf": 32929000,
      "capex": -6394000,
      "gross_margin": 0.10920314135018867,
      "op_margin": 0.10920314135018867,
      "fcf_margin": 0.05609402910928136,
      "fcf_margin_change": -0.11281467557386882
    },
    {
      "date": "2021-06-27T00:00:00",
      "quarter_label": "2021-06 (Q2)",
      "revenue": 498497000,
      "gross_profit": 73285000,
      "operating_income": 73285000,
      "net_income": 54317000,
      "opex": 421381000,
      "cogs": 251358000,
      "rd": 39699000,
      "sga": null,
      "fcf": 69222000,
      "ocf": 77505000,
      "capex": -8283000,
      "gross_margin": 0.1470119178249819,
      "op_margin": 0.1470119178249819,
      "fcf_margin": 0.13886141742076683,
      "op_leverage_ratio": Infinity,
      "fcf_margin_change": 0.08276738831148547
    },
    {
      "date": "2021-09-26T00:00:00",
      "quarter_label": "2021-09 (Q3)",
      "revenue": 509103000,
      "gross_profit": 48976000,
      "operating_income": 48976000,
      "net_income": 54656000,
      "opex": 460127000,
      "cogs": 256978000,
      "rd": 40638000,
      "sga": null,
      "fcf": 90050000,
      "ocf": 99123000,
      "capex": -9073000,
      "gross_margin": 0.09620057237926313,
      "op_margin": 0.09620057237926313,
      "fcf_margin": 0.17687972767789623,
      "op_leverage_ratio": 0.2313860376282019,
      "fcf_margin_change": 0.0380183102571294
    },
    {
      "date": "2021-12-26T00:00:00",
      "quarter_label": "2021-12 (Q4)",
      "revenue": 594232000,
      "gross_profit": -445336000,
      "operating_income": 94115000,
      "net_income": 69889000,
      "opex": 500117000,
      "cogs": 1039568000,
      "rd": 160871000,
      "sga": null,
      "fcf": 48654000,
      "ocf": 59541000,
      "capex": -10887000,
      "gross_margin": -0.7494311985891032,
      "op_margin": 0.15838090173534916,
      "fcf_margin": 0.08187711196973572,
      "incr_op_margin_yoy": 0.16001366731861347,
      "rev_growth_yoy": 0.1666293648082488,
      "op_leverage_ratio": 1.9239695292304502,
      "fcf_margin_change": -0.0950026157081605
    },
    {
      "date": "2022-03-27T00:00:00",
      "quarter_label": "2022-03 (Q1)",
      "revenue": 537425000,
      "gross_profit": 6284000,
      "operating_income": 60903000,
      "net_income": 4725000,
      "opex": 496429000,
      "cogs": 281365000,
      "rd": 47433000,
      "sga": null,
      "fcf": -23239000,
      "ocf": -14659000,
      "capex": -8580000,
      "gross_margin": 0.011692794343396753,
      "op_margin": 0.11332371958877983,
      "fcf_margin": -0.04324138251849095,
      "incr_op_margin_yoy": 0.14360049704877292,
      "rev_growth_yoy": 0.13609698865858427,
      "rev_growth_yoy_accel": -0.03053237614966453,
      "fcf_margin_change": -0.12511849448822668
    },
    {
      "date": "2022-06-26T00:00:00",
      "quarter_label": "2022-06 (Q2)",
      "revenue": 555680000,
      "gross_profit": 51661000,
      "operating_income": 51661000,
      "net_income": 61777000,
      "opex": 504019000,
      "cogs": 300583000,
      "rd": 50822000,
      "sga": null,
      "fcf": 20382000,
      "ocf": 30807000,
      "capex": -10425000,
      "gross_margin": 0.09296897494961129,
      "op_margin": 0.09296897494961129,
      "fcf_margin": 0.03667938381802476,
      "incr_op_margin_yoy": -0.3781543465715335,
      "rev_growth_yoy": 0.11471082072710569,
      "rev_growth_yoy_accel": -0.021386167931478586,
      "op_leverage_ratio": 2.221668923009939,
      "fcf_margin_change": 0.07992076633651571
    },
    {
      "date": "2022-09-25T00:00:00",
      "quarter_label": "2022-09 (Q3)",
      "revenue": 547680000,
      "gross_profit": 51015000,
      "operating_income": 51015000,
      "net_income": 36617000,
      "opex": 503792000,
      "cogs": 294856000,
      "rd": 50474000,
      "sga": null,
      "fcf": 60072000,
      "ocf": 68876000,
      "capex": -8804000,
      "gross_margin": 0.09314745836985101,
      "op_margin": 0.09314745836985101,
      "fcf_margin": 0.10968448729184925,
      "incr_op_margin_yoy": 0.0528553283044301,
      "rev_growth_yoy": 0.07577445035680402,
      "rev_growth_yoy_accel": -0.03893637037030166,
      "fcf_margin_change": 0.0730051034738245
    },
    {
      "date": "2022-12-31T00:00:00",
      "quarter_label": "2022-12 (Q4)",
      "revenue": 667536000,
      "gross_profit": -541397000,
      "operating_income": 93007000,
      "net_income": 70786000,
      "opex": 548344000,
      "cogs": 1208933000,
      "rd": 204185000,
      "sga": null,
      "fcf": 56511000,
      "ocf": 65663000,
      "capex": -9152000,
      "gross_margin": -0.811037906569833,
      "op_margin": 0.13932881522494667,
      "fcf_margin": 0.08465610843460128,
      "incr_op_margin_yoy": -0.015115136963876459,
      "rev_growth_yoy": 0.12335922669933629,
      "rev_growth_yoy_accel": 0.04758477634253226,
      "op_leverage_ratio": 2.4746680989935994,
      "fcf_margin_change": -0.02502837885724797
    },
    {
      "date": "2023-03-31T00:00:00",
      "quarter_label": "2023-03 (Q1)",
      "revenue": 560739000,
      "gross_profit": 27900000,
      "operating_income": 27900000,
      "net_income": 22321000,
      "opex": 532839000,
      "cogs": 306852000,
      "rd": 57062000,
      "sga": null,
      "fcf": 44745000,
      "ocf": 50730000,
      "capex": -5985000,
      "gross_margin": 0.04975576872662683,
      "op_margin": 0.04975576872662683,
      "fcf_margin": 0.07979648285566011,
      "incr_op_margin_yoy": -1.4155872008235395,
      "rev_growth_yoy": 0.043380936874912776,
      "rev_growth_yoy_accel": -0.07997828982442351,
      "fcf_margin_change": -0.004859625578941165
    },
    {
      "date": "2023-06-30T00:00:00",
      "quarter_label": "2023-06 (Q2)",
      "revenue": 590853000,
      "gross_profit": 55775000,
      "operating_income": 55775000,
      "net_income": 46574000,
      "opex": 522342000,
      "cogs": 309923000,
      "rd": 56047000,
      "sga": null,
      "fcf": 64245000,
      "ocf": 69052000,
      "capex": -4807000,
      "gross_margin": 0.09439742203221445,
      "op_margin": 0.09439742203221445,
      "fcf_margin": 0.10873262892800747,
      "incr_op_margin_yoy": 0.11696471725471243,
      "rev_growth_yoy": 0.06329722142240138,
      "rev_growth_yoy_accel": 0.019916284547488602,
      "op_leverage_ratio": Infinity,
      "fcf_margin_change": 0.02893614607234736
    },
    {
      "date": "2023-09-30T00:00:00",
      "quarter_label": "2023-09 (Q3)",
      "revenue": 598345000,
      "gross_profit": 287210000,
      "operating_income": 63567000,
      "net_income": 53615000,
      "opex": 534778000,
      "cogs": 311135000,
      "rd": 57433000,
      "sga": null,
      "fcf": 98571000,
      "ocf": 104318000,
      "capex": -5747000,
      "gross_margin": 0.4800073536170604,
      "op_margin": 0.10623803992679809,
      "fcf_margin": 0.16473940619542238,
      "incr_op_margin_yoy": 0.24774499161156616,
      "rev_growth_yoy": 0.09250839906514753,
      "rev_growth_yoy_accel": 0.029211177642746153,
      "op_leverage_ratio": 0.5325894483661379,
      "fcf_margin_change": 0.0560067772674149
    },
    {
      "date": "2023-12-31T00:00:00",
      "quarter_label": "2023-12 (Q4)",
      "revenue": 676215000,
      "gross_profit": 355064000,
      "operating_income": 129030000,
      "net_income": 109877000,
      "opex": 547185000,
      "cogs": 321151000,
      "rd": 58262000,
      "sga": null,
      "fcf": 130388000,
      "ocf": 136518000,
      "capex": -6130000,
      "gross_margin": 0.5250756046523665,
      "op_margin": 0.1908120937867394,
      "fcf_margin": 0.1928203308119459,
      "incr_op_margin_yoy": 4.150593386334831,
      "rev_growth_yoy": 0.013001545984036815,
      "rev_growth_yoy_accel": -0.07950685308111072,
      "op_leverage_ratio": 5.609514292810529,
      "fcf_margin_change": 0.028080924616523534
    },
    {
      "date": "2024-03-31T00:00:00",
      "quarter_label": "2024-03 (Q1)",
      "revenue": 594015000,
      "gross_profit": 277148000,
      "operating_income": 48319000,
      "net_income": 40417000,
      "opex": 545696000,
      "cogs": 316867000,
      "rd": 63185000,
      "sga": null,
      "fcf": 46655000,
      "ocf": 53079000,
      "capex": -6424000,
      "gross_margin": 0.4665673425755242,
      "op_margin": 0.08134306372734695,
      "fcf_margin": 0.07854178766529464,
      "incr_op_margin_yoy": 0.6136254357494891,
      "rev_growth_yoy": 0.05934311685115535,
      "rev_growth_yoy_accel": 0.046341570867118535,
      "fcf_margin_change": -0.11427854314665127
    },
    {
      "date": "2024-06-30T00:00:00",
      "quarter_label": "2024-06 (Q2)",
      "revenue": 625097000,
      "gross_profit": 302323000,
      "operating_income": 79410000,
      "net_income": 65540000,
      "opex": 545687000,
      "cogs": 322774000,
      "rd": 62220000,
      "sga": null,
      "fcf": 72601000,
      "ocf": 80231000,
      "capex": -7630000,
      "gross_margin": 0.4836417388021379,
      "op_margin": 0.12703628396872804,
      "fcf_margin": 0.11614357451723492,
      "incr_op_margin_yoy": 0.6901939025814742,
      "rev_growth_yoy": 0.05795688606133844,
      "rev_growth_yoy_accel": -0.0013862307898169085,
      "op_leverage_ratio": Infinity,
      "fcf_margin_change": 0.03760178685194028
    },
    {
      "date": "2024-09-30T00:00:00",
      "quarter_label": "2024-09 (Q3)",
      "revenue": 640178000,
      "gross_profit": 308339000,
      "operating_income": 76727000,
      "net_income": 64143000,
      "opex": 563451000,
      "cogs": 331839000,
      "rd": 61030000,
      "sga": null,
      "fcf": 118445000,
      "ocf": 125506000,
      "capex": -7061000,
      "gross_margin": 0.4816457297814046,
      "op_margin": 0.11985260349465304,
      "fcf_margin": 0.18501885413119476,
      "incr_op_margin_yoy": 0.31458417995362514,
      "rev_growth_yoy": 0.06991451420167295,
      "rev_growth_yoy_accel": 0.011957628140334513,
      "op_leverage_ratio": 0.7411149404113719,
      "fcf_margin_change": 0.06887527961395984
    },
    {
      "date": "2024-12-31T00:00:00",
      "quarter_label": "2024-12 (Q4)",
      "revenue": 726629000,
      "gross_profit": 388595000,
      "operating_income": 146640000,
      "net_income": 123725000,
      "opex": 579989000,
      "cogs": 338034000,
      "rd": 61763000,
      "sga": null,
      "fcf": 143638000,
      "ocf": 151696000,
      "capex": -8058000,
      "gross_margin": 0.5347914823107803,
      "op_margin": 0.2018086258599643,
      "fcf_margin": 0.19767721904851032,
      "incr_op_margin_yoy": 0.3493077319792121,
      "rev_growth_yoy": 0.07455321162647974,
      "rev_growth_yoy_accel": 0.004638697424806784,
      "op_leverage_ratio": 4.600896273750378,
      "fcf_margin_change": 0.012658364917315562
    },
    {
      "date": "2025-03-31T00:00:00",
      "quarter_label": "2025-03 (Q1)",
      "revenue": 635910000,
      "gross_profit": 301273000,
      "operating_income": 58634000,
      "net_income": 49551000,
      "opex": 577276000,
      "cogs": 334637000,
      "rd": 66539000,
      "sga": null,
      "fcf": 89851000,
      "ocf": 99088000,
      "capex": -9237000,
      "gross_margin": 0.4737667279961001,
      "op_margin": 0.09220487175858219,
      "fcf_margin": 0.14129515182966143,
      "incr_op_margin_yoy": 0.2462107650077575,
      "rev_growth_yoy": 0.07052852200702002,
      "rev_growth_yoy_accel": -0.004024689619459718,
      "fcf_margin_change": -0.05638206721884889
    },
    {
      "date": "2025-06-30T00:00:00",
      "quarter_label": "2025-06 (Q2)",
      "revenue": 685873000,
      "gross_profit": 347094000,
      "operating_income": 106551000,
      "net_income": 82945000,
      "opex": 579322000,
      "cogs": 338779000,
      "rd": 63940000,
      "sga": null,
      "fcf": 103302000,
      "ocf": 113638000,
      "capex": -10336000,
      "gross_margin": 0.506061617821375,
      "op_margin": 0.15535091773549914,
      "fcf_margin": 0.15061388916023813,
      "incr_op_margin_yoy": 0.44657430564696593,
      "rev_growth_yoy": 0.09722651044557884,
      "rev_growth_yoy_accel": 0.02669798843855882,
      "op_leverage_ratio": 22.168215050012687,
      "fcf_margin_change": 0.009318737330576699
    },
    {
      "date": "2025-09-30T00:00:00",
      "quarter_label": "2025-09 (Q3)",
      "revenue": 700821000,
      "gross_profit": 351746000,
      "operating_income": 104788000,
      "net_income": 81647000,
      "opex": 596033000,
      "cogs": 349075000,
      "rd": 66989000,
      "sga": null,
      "fcf": 199730000,
      "ocf": 207608000,
      "capex": -7878000,
      "gross_margin": 0.5019056221203417,
      "op_margin": 0.14952177517511606,
      "fcf_margin": 0.2849943138119434,
      "incr_op_margin_yoy": 0.4627244694358788,
      "rev_growth_yoy": 0.09472834118010928,
      "rev_growth_yoy_accel": -0.0024981692654695575,
      "op_leverage_ratio": 0.75553913480281,
      "fcf_margin_change": 0.13438042465170527
    }
  ],
  "signals": [
    {
      "quarter": "2025-09 (Q3)",
      "signal": "FCF MARGIN EXPANSION",
      "detail": "FCF margin: +15.1% -> +28.5% (+13.4%)",
      "severity": "MEDIUM"
    },
    {
      "quarter": "2025-09 (Q3)",
      "signal": "INCREMENTAL MARGIN (YoY)",
      "detail": "YoY Incr OPM: +46.3% vs year-ago OPM: +12.0%",
      "severity": "HIGH"
    },
    {
      "quarter": "2025-06 (Q2)",
      "signal": "OPERATING LEVERAGE",
      "detail": "Rev growth +7.9% vs OpEx growth +0.4% (leverage: 22.2x)",
      "severity": "MEDIUM"
    },
    {
      "quarter": "2025-06 (Q2)",
      "signal": "GROSS MARGIN INFLECTION",
      "detail": "GM: +53.5% -> +47.4% -> +50.6% (reversal +3.2%)",
      "severity": "MEDIUM"
    },
    {
      "quarter": "2025-06 (Q2)",
      "signal": "INCREMENTAL MARGIN (YoY)",
      "detail": "YoY Incr OPM: +44.7% vs year-ago OPM: +12.7%",
      "severity": "HIGH"
    },
    {
      "quarter": "2025-03 (Q1)",
      "signal": "INCREMENTAL MARGIN (YoY)",
      "detail": "YoY Incr OPM: +24.6% vs year-ago OPM: +8.1%",
      "severity": "MEDIUM"
    },
    {
      "quarter": "2024-12 (Q4)",
      "signal": "OPERATING LEVERAGE",
      "detail": "Rev growth +13.5% vs OpEx growth +2.9% (leverage: 4.6x)",
      "severity": "MEDIUM"
    },
    {
      "quarter": "2024-12 (Q4)",
      "signal": "GROSS MARGIN INFLECTION",
      "detail": "GM: +48.4% -> +48.2% -> +53.5% (reversal +5.3%)",
      "severity": "HIGH"
    },
    {
      "quarter": "2024-12 (Q4)",
      "signal": "INCREMENTAL MARGIN (YoY)",
      "detail": "YoY Incr OPM: +34.9% vs year-ago OPM: +19.1%",
      "severity": "MEDIUM"
    },
    {
      "quarter": "2024-09 (Q3)",
      "signal": "FCF MARGIN EXPANSION",
      "detail": "FCF margin: +11.6% -> +18.5% (+6.9%)",
      "severity": "MEDIUM"
    },
    {
      "quarter": "2024-09 (Q3)",
      "signal": "INCREMENTAL MARGIN (YoY)",
      "detail": "YoY Incr OPM: +31.5% vs year-ago OPM: +10.6%",
      "severity": "HIGH"
    },
    {
      "quarter": "2024-06 (Q2)",
      "signal": "INCREMENTAL MARGIN (YoY)",
      "detail": "YoY Incr OPM: +69.0% vs year-ago OPM: +9.4%",
      "severity": "HIGH"
    },
    {
      "quarter": "2024-03 (Q1)",
      "signal": "INCREMENTAL MARGIN (YoY)",
      "detail": "YoY Incr OPM: +61.4% vs year-ago OPM: +5.0%",
      "severity": "HIGH"
    },
    {
      "quarter": "2023-12 (Q4)",
      "signal": "OPERATING LEVERAGE",
      "detail": "Rev growth +13.0% vs OpEx growth +2.3% (leverage: 5.6x)",
      "severity": "MEDIUM"
    },
    {
      "quarter": "2023-12 (Q4)",
      "signal": "YoY REVENUE GROWTH DECELERATION",
      "detail": "YoY growth: +1.3% vs prior quarter YoY: +9.3% (decel: -8.0%)",
      "severity": "WARNING"
    },
    {
      "quarter": "2023-12 (Q4)",
      "signal": "INCREMENTAL MARGIN (YoY)",
      "detail": "YoY Incr OPM: +415.1% vs year-ago OPM: +13.9%",
      "severity": "HIGH"
    },
    {
      "quarter": "2023-09 (Q3)",
      "signal": "FCF MARGIN EXPANSION",
      "detail": "FCF margin: +10.9% -> +16.5% (+5.6%)",
      "severity": "MEDIUM"
    },
    {
      "quarter": "2023-09 (Q3)",
      "signal": "INCREMENTAL MARGIN (YoY)",
      "detail": "YoY Incr OPM: +24.8% vs year-ago OPM: +9.3%",
      "severity": "MEDIUM"
    },
    {
      "quarter": "2023-03 (Q1)",
      "signal": "GROSS MARGIN INFLECTION",
      "detail": "GM: +9.3% -> -81.1% -> +5.0% (reversal +86.1%)",
      "severity": "HIGH"
    },
    {
      "quarter": "2023-03 (Q1)",
      "signal": "YoY REVENUE GROWTH DECELERATION",
      "detail": "YoY growth: +4.3% vs prior quarter YoY: +12.3% (decel: -8.0%)",
      "severity": "WARNING"
    },
    {
      "quarter": "2022-12 (Q4)",
      "signal": "OPERATING LEVERAGE",
      "detail": "Rev growth +21.9% vs OpEx growth +8.8% (leverage: 2.5x)",
      "severity": "MEDIUM"
    },
    {
      "quarter": "2022-09 (Q3)",
      "signal": "FCF MARGIN EXPANSION",
      "detail": "FCF margin: +3.7% -> +11.0% (+7.3%)",
      "severity": "MEDIUM"
    },
    {
      "quarter": "2022-06 (Q2)",
      "signal": "FCF TURNED POSITIVE",
      "detail": "FCF margin: -4.3% -> +3.7%",
      "severity": "HIGH"
    },
    {
      "quarter": "2022-06 (Q2)",
      "signal": "OPERATING LEVERAGE",
      "detail": "Rev growth +3.4% vs OpEx growth +1.5% (leverage: 2.2x)",
      "severity": "MEDIUM"
    },
    {
      "quarter": "2022-03 (Q1)",
      "signal": "GROSS MARGIN INFLECTION",
      "detail": "GM: +9.6% -> -74.9% -> +1.2% (reversal +76.1%)",
      "severity": "HIGH"
    },
    {
      "quarter": "2021-12 (Q4)",
      "signal": "OPERATING LEVERAGE",
      "detail": "Rev growth +16.7% vs OpEx growth +8.7% (leverage: 1.9x)",
      "severity": "MEDIUM"
    },
    {
      "quarter": "2021-06 (Q2)",
      "signal": "FCF MARGIN EXPANSION",
      "detail": "FCF margin: +5.6% -> +13.9% (+8.3%)",
      "severity": "MEDIUM"
    },
    {
      "quarter": "2021-06 (Q2)",
      "signal": "GROSS MARGIN INFLECTION",
      "detail": "GM: +50.8% -> +10.9% -> +14.7% (reversal +3.8%)",
      "severity": "MEDIUM"
    }
  ],
  "data_quality": {
    "n_quarters": 20,
    "coverage": {
      "revenue": [
        20,
        20
      ],
      "gross_profit": [
        20,
        20
      ],
      "op_income": [
        20,
        20
      ],
      "fcf": [
        20,
        20
      ]
    },
    "gaps": [],
    "warnings": []
  },
  "market_cap": null,
  "source": "SEC EDGAR",
  "last_updated": "2026-02-02T20:33:26.085285",
  "sector": "Communication Services",
  "industry": "Publishing"
}