{
  "ticker": "OC",
  "name": "Owens Corning",
  "quarters": [
    {
      "date": "2020-12-31T00:00:00",
      "quarter_label": "2020-12 (Q4)",
      "revenue": 1925000000,
      "gross_profit": 484000000,
      "operating_income": 272000000,
      "net_income": 232000000,
      "opex": 212000000,
      "cogs": 1441000000,
      "rd": 23000000,
      "sga": null,
      "fcf": 418000000,
      "ocf": 418000000,
      "capex": null,
      "gross_margin": 0.25142857142857145,
      "op_margin": 0.1412987012987013,
      "fcf_margin": 0.21714285714285714
    },
    {
      "date": "2021-03-31T00:00:00",
      "quarter_label": "2021-03 (Q1)",
      "revenue": 1915000000,
      "gross_profit": 444000000,
      "operating_income": 298000000,
      "net_income": 210000000,
      "opex": 146000000,
      "cogs": 1471000000,
      "rd": 20000000,
      "sga": 174000000,
      "fcf": 204000000,
      "ocf": 204000000,
      "capex": null,
      "gross_margin": 0.2318537859007833,
      "op_margin": 0.1556135770234987,
      "fcf_margin": 0.10652741514360313,
      "fcf_margin_change": -0.11061544199925401
    },
    {
      "date": "2021-06-30T00:00:00",
      "quarter_label": "2021-06 (Q2)",
      "revenue": 2239000000,
      "gross_profit": 618000000,
      "operating_income": 425000000,
      "net_income": 298000000,
      "opex": 193000000,
      "cogs": 1621000000,
      "rd": 22000000,
      "sga": 188000000,
      "fcf": 498000000,
      "ocf": 498000000,
      "capex": null,
      "gross_margin": 0.2760160786065208,
      "op_margin": 0.1898168825368468,
      "fcf_margin": 0.22242072353729345,
      "op_leverage_ratio": 0.5255708016221321,
      "fcf_margin_change": 0.11589330839369032
    },
    {
      "date": "2021-09-30T00:00:00",
      "quarter_label": "2021-09 (Q3)",
      "revenue": 2213000000,
      "gross_profit": 596000000,
      "operating_income": 392000000,
      "net_income": 260000000,
      "opex": 204000000,
      "cogs": 1617000000,
      "rd": 21000000,
      "sga": 186000000,
      "fcf": 466000000,
      "ocf": 466000000,
      "capex": null,
      "gross_margin": 0.2693176683235427,
      "op_margin": 0.17713511070944418,
      "fcf_margin": 0.21057388160867602,
      "fcf_margin_change": -0.01184684192861743
    },
    {
      "date": "2021-12-31T00:00:00",
      "quarter_label": "2021-12 (Q4)",
      "revenue": 2131000000,
      "gross_profit": 559000000,
      "operating_income": 323000000,
      "net_income": 227000000,
      "opex": 236000000,
      "cogs": 1572000000,
      "rd": 28000000,
      "sga": null,
      "fcf": 335000000,
      "ocf": 335000000,
      "capex": null,
      "gross_margin": 0.2623181604880338,
      "op_margin": 0.15157203190990146,
      "fcf_margin": 0.15720319099014546,
      "incr_op_margin_yoy": 0.24757281553398058,
      "rev_growth_yoy": 0.10701298701298702,
      "fcf_margin_change": -0.05337069061853056
    },
    {
      "date": "2022-03-31T00:00:00",
      "quarter_label": "2022-03 (Q1)",
      "revenue": 2346000000,
      "gross_profit": 619000000,
      "operating_income": 440000000,
      "net_income": 304000000,
      "opex": 179000000,
      "cogs": 1727000000,
      "rd": 23000000,
      "sga": 184000000,
      "fcf": 158000000,
      "ocf": 158000000,
      "capex": null,
      "gross_margin": 0.2638533674339301,
      "op_margin": 0.1875532821824382,
      "fcf_margin": 0.06734867860187553,
      "incr_op_margin_yoy": 0.3294663573085847,
      "rev_growth_yoy": 0.22506527415143604,
      "rev_growth_yoy_accel": 0.11805228713844902,
      "op_leverage_ratio": Infinity,
      "fcf_margin_change": -0.08985451238826993
    },
    {
      "date": "2022-06-30T00:00:00",
      "quarter_label": "2022-06 (Q2)",
      "revenue": 2601000000,
      "gross_profit": 734000000,
      "operating_income": 487000000,
      "net_income": 343000000,
      "opex": 247000000,
      "cogs": 1867000000,
      "rd": 24000000,
      "sga": 201000000,
      "fcf": 466000000,
      "ocf": 466000000,
      "capex": null,
      "gross_margin": 0.2821991541714725,
      "op_margin": 0.18723567858515955,
      "fcf_margin": 0.17916186082276048,
      "incr_op_margin_yoy": 0.1712707182320442,
      "rev_growth_yoy": 0.16167932112550246,
      "rev_growth_yoy_accel": -0.06338595302593358,
      "op_leverage_ratio": 0.2861253196930946,
      "fcf_margin_change": 0.11181318222088495
    },
    {
      "date": "2022-09-30T00:00:00",
      "quarter_label": "2022-09 (Q3)",
      "revenue": 2529000000,
      "gross_profit": 693000000,
      "operating_income": 608000000,
      "net_income": 470000000,
      "opex": 85000000,
      "cogs": 1836000000,
      "rd": 26000000,
      "sga": 201000000,
      "fcf": 461000000,
      "ocf": 461000000,
      "capex": null,
      "gross_margin": 0.27402135231316727,
      "op_margin": 0.24041122973507315,
      "fcf_margin": 0.18228548833531039,
      "incr_op_margin_yoy": 0.6835443037974683,
      "rev_growth_yoy": 0.14279258924536828,
      "rev_growth_yoy_accel": -0.018886731880134178,
      "fcf_margin_change": 0.003123627512549909
    },
    {
      "date": "2022-12-31T00:00:00",
      "quarter_label": "2022-12 (Q4)",
      "revenue": 2285000000,
      "gross_profit": 570000000,
      "operating_income": 179000000,
      "net_income": 124000000,
      "opex": 391000000,
      "cogs": 1715000000,
      "rd": 33000000,
      "sga": null,
      "fcf": 675000000,
      "ocf": 675000000,
      "capex": null,
      "gross_margin": 0.24945295404814005,
      "op_margin": 0.07833698030634573,
      "fcf_margin": 0.29540481400437635,
      "incr_op_margin_yoy": -0.935064935064935,
      "rev_growth_yoy": 0.07226654152979822,
      "rev_growth_yoy_accel": -0.07052604771557006,
      "fcf_margin_change": 0.11311932566906596
    },
    {
      "date": "2023-03-31T00:00:00",
      "quarter_label": "2023-03 (Q1)",
      "revenue": 2331000000,
      "gross_profit": 589000000,
      "operating_income": 534000000,
      "net_income": 383000000,
      "opex": 55000000,
      "cogs": 1742000000,
      "rd": 28000000,
      "sga": 204000000,
      "fcf": -164000000,
      "ocf": -164000000,
      "capex": null,
      "gross_margin": 0.2526812526812527,
      "op_margin": 0.22908622908622908,
      "fcf_margin": -0.07035607035607036,
      "incr_op_margin_yoy": -6.266666666666667,
      "rev_growth_yoy": -0.00639386189258312,
      "rev_growth_yoy_accel": -0.07866040342238134,
      "op_leverage_ratio": Infinity,
      "fcf_margin_change": -0.36576088436044674
    },
    {
      "date": "2023-06-30T00:00:00",
      "quarter_label": "2023-06 (Q2)",
      "revenue": 2563000000,
      "gross_profit": 752000000,
      "operating_income": 487000000,
      "net_income": 345000000,
      "opex": 265000000,
      "cogs": 1811000000,
      "rd": 28000000,
      "sga": 207000000,
      "fcf": 494000000,
      "ocf": 494000000,
      "capex": null,
      "gross_margin": 0.29340616465079983,
      "op_margin": 0.19001170503316425,
      "fcf_margin": 0.1927428794381584,
      "incr_op_margin_yoy": -0.0,
      "rev_growth_yoy": -0.014609765474817378,
      "rev_growth_yoy_accel": -0.008215903582234257,
      "op_leverage_ratio": 0.026066883209740353,
      "fcf_margin_change": 0.26309894979422876
    },
    {
      "date": "2023-09-30T00:00:00",
      "quarter_label": "2023-09 (Q3)",
      "revenue": 2479000000,
      "gross_profit": 727000000,
      "operating_income": 462000000,
      "net_income": 337000000,
      "opex": 265000000,
      "cogs": 1752000000,
      "rd": 29000000,
      "sga": 201000000,
      "fcf": 691000000,
      "ocf": 691000000,
      "capex": null,
      "gross_margin": 0.2932634126663977,
      "op_margin": 0.1863654699475595,
      "fcf_margin": 0.27874142799515933,
      "incr_op_margin_yoy": 2.92,
      "rev_growth_yoy": -0.019770660340055358,
      "rev_growth_yoy_accel": -0.005160894865237979,
      "fcf_margin_change": 0.08599854855700093
    },
    {
      "date": "2023-12-31T00:00:00",
      "quarter_label": "2023-12 (Q4)",
      "revenue": 2304000000,
      "gross_profit": 615000000,
      "operating_income": 329000000,
      "net_income": 131000000,
      "opex": 286000000,
      "cogs": 1689000000,
      "rd": 38000000,
      "sga": null,
      "fcf": 698000000,
      "ocf": 698000000,
      "capex": null,
      "gross_margin": 0.2669270833333333,
      "op_margin": 0.1427951388888889,
      "fcf_margin": 0.3029513888888889,
      "incr_op_margin_yoy": 7.894736842105263,
      "rev_growth_yoy": 0.008315098468271335,
      "rev_growth_yoy_accel": 0.028085758808326693,
      "fcf_margin_change": 0.024209960893729565
    },
    {
      "date": "2024-03-31T00:00:00",
      "quarter_label": "2024-03 (Q1)",
      "revenue": 2300000000,
      "gross_profit": 680000000,
      "operating_income": 403000000,
      "net_income": 299000000,
      "opex": 277000000,
      "cogs": 1620000000,
      "rd": 31000000,
      "sga": 212000000,
      "fcf": 24000000,
      "ocf": 24000000,
      "capex": null,
      "gross_margin": 0.2956521739130435,
      "op_margin": 0.17521739130434782,
      "fcf_margin": 0.010434782608695653,
      "incr_op_margin_yoy": 4.225806451612903,
      "rev_growth_yoy": -0.013299013299013299,
      "rev_growth_yoy_accel": -0.021614111767284633,
      "fcf_margin_change": -0.29251660628019327
    },
    {
      "date": "2024-06-30T00:00:00",
      "quarter_label": "2024-06 (Q2)",
      "revenue": 2789000000,
      "gross_profit": 867000000,
      "operating_income": 457000000,
      "net_income": 285000000,
      "opex": 410000000,
      "cogs": 1922000000,
      "rd": 34000000,
      "sga": 249000000,
      "fcf": 493000000,
      "ocf": 493000000,
      "capex": null,
      "gross_margin": 0.31086410899964145,
      "op_margin": 0.16385801362495517,
      "fcf_margin": 0.1767658659017569,
      "incr_op_margin_yoy": -0.13274336283185842,
      "rev_growth_yoy": 0.08817791650409676,
      "rev_growth_yoy_accel": 0.10147692980311006,
      "op_leverage_ratio": 0.44280156914024194,
      "fcf_margin_change": 0.16633108329306126
    },
    {
      "date": "2024-09-30T00:00:00",
      "quarter_label": "2024-09 (Q3)",
      "revenue": 3046000000,
      "gross_profit": 908000000,
      "operating_income": 509000000,
      "net_income": 321000000,
      "opex": 399000000,
      "cogs": 2138000000,
      "rd": 36000000,
      "sga": 279000000,
      "fcf": 699000000,
      "ocf": 699000000,
      "capex": null,
      "gross_margin": 0.2980958634274458,
      "op_margin": 0.16710439921208142,
      "fcf_margin": 0.22948128693368353,
      "incr_op_margin_yoy": 0.08289241622574955,
      "rev_growth_yoy": 0.22872125857200484,
      "rev_growth_yoy_accel": 0.14054334206790808,
      "op_leverage_ratio": Infinity,
      "fcf_margin_change": 0.05271542103192661
    },
    {
      "date": "2024-12-31T00:00:00",
      "quarter_label": "2024-12 (Q4)",
      "revenue": 2840000000,
      "gross_profit": 799000000,
      "operating_income": -242000000,
      "net_income": -258000000,
      "opex": 1041000000,
      "cogs": 2041000000,
      "rd": 43000000,
      "sga": null,
      "fcf": 676000000,
      "ocf": 676000000,
      "capex": null,
      "gross_margin": 0.2813380281690141,
      "op_margin": -0.0852112676056338,
      "fcf_margin": 0.2380281690140845,
      "incr_op_margin_yoy": -1.0652985074626866,
      "rev_growth_yoy": 0.2326388888888889,
      "rev_growth_yoy_accel": 0.003917630316884052,
      "fcf_margin_change": 0.00854688208040097
    },
    {
      "date": "2025-03-31T00:00:00",
      "quarter_label": "2025-03 (Q1)",
      "revenue": 2530000000,
      "gross_profit": 725000000,
      "operating_income": 407000000,
      "net_income": -93000000,
      "opex": 318000000,
      "cogs": 1805000000,
      "rd": 35000000,
      "sga": 261000000,
      "fcf": -49000000,
      "ocf": -49000000,
      "capex": null,
      "gross_margin": 0.2865612648221344,
      "op_margin": 0.1608695652173913,
      "fcf_margin": -0.019367588932806323,
      "incr_op_margin_yoy": 0.017391304347826087,
      "rev_growth_yoy": 0.1,
      "rev_growth_yoy_accel": -0.1326388888888889,
      "fcf_margin_change": -0.25739575794689085
    },
    {
      "date": "2025-06-30T00:00:00",
      "quarter_label": "2025-06 (Q2)",
      "revenue": 2747000000,
      "gross_profit": 858000000,
      "operating_income": 505000000,
      "net_income": 363000000,
      "opex": 353000000,
      "cogs": 1889000000,
      "rd": 37000000,
      "sga": 263000000,
      "fcf": 327000000,
      "ocf": 327000000,
      "capex": null,
      "gross_margin": 0.312340735347652,
      "op_margin": 0.18383691299599564,
      "fcf_margin": 0.11903895158354569,
      "incr_op_margin_yoy": -1.1428571428571428,
      "rev_growth_yoy": -0.015059160989602008,
      "rev_growth_yoy_accel": -0.11505916098960202,
      "op_leverage_ratio": 0.7792885375494071,
      "fcf_margin_change": 0.138406540516352
    },
    {
      "date": "2025-09-30T00:00:00",
      "quarter_label": "2025-09 (Q3)",
      "revenue": 2684000000,
      "gross_profit": 757000000,
      "operating_income": -327000000,
      "net_income": -494000000,
      "opex": 1084000000,
      "cogs": 1927000000,
      "rd": 39000000,
      "sga": 240000000,
      "fcf": 918000000,
      "ocf": 918000000,
      "capex": null,
      "gross_margin": 0.28204172876304023,
      "op_margin": -0.12183308494783905,
      "fcf_margin": 0.342026825633383,
      "incr_op_margin_yoy": 2.3093922651933703,
      "rev_growth_yoy": -0.11884438608010506,
      "rev_growth_yoy_accel": -0.10378522509050304,
      "fcf_margin_change": 0.2229878740498373
    }
  ],
  "signals": [
    {
      "quarter": "2025-09 (Q3)",
      "signal": "FCF MARGIN EXPANSION",
      "detail": "FCF margin: +11.9% -> +34.2% (+22.3%)",
      "severity": "MEDIUM"
    },
    {
      "quarter": "2025-09 (Q3)",
      "signal": "YoY REVENUE GROWTH DECELERATION",
      "detail": "YoY growth: -11.9% vs prior quarter YoY: -1.5% (decel: -10.4%)",
      "severity": "WARNING"
    },
    {
      "quarter": "2025-06 (Q2)",
      "signal": "FCF TURNED POSITIVE",
      "detail": "FCF margin: -1.9% -> +11.9%",
      "severity": "HIGH"
    },
    {
      "quarter": "2025-06 (Q2)",
      "signal": "YoY REVENUE GROWTH DECELERATION",
      "detail": "YoY growth: -1.5% vs prior quarter YoY: +10.0% (decel: -11.5%)",
      "severity": "WARNING"
    },
    {
      "quarter": "2025-03 (Q1)",
      "signal": "YoY REVENUE GROWTH DECELERATION",
      "detail": "YoY growth: +10.0% vs prior quarter YoY: +23.3% (decel: -13.3%)",
      "severity": "WARNING"
    },
    {
      "quarter": "2025-03 (Q1)",
      "signal": "OP MARGIN TURNED POSITIVE (QoQ)",
      "detail": "Op margin: -8.5% -> +16.1%",
      "severity": "HIGH"
    },
    {
      "quarter": "2024-09 (Q3)",
      "signal": "FCF MARGIN EXPANSION",
      "detail": "FCF margin: +17.7% -> +22.9% (+5.3%)",
      "severity": "MEDIUM"
    },
    {
      "quarter": "2024-09 (Q3)",
      "signal": "YoY REVENUE GROWTH ACCELERATION",
      "detail": "YoY growth: +22.9% vs prior quarter YoY: +8.8% (accel: +14.1%)",
      "severity": "MEDIUM"
    },
    {
      "quarter": "2024-06 (Q2)",
      "signal": "FCF MARGIN EXPANSION",
      "detail": "FCF margin: +1.0% -> +17.7% (+16.6%)",
      "severity": "MEDIUM"
    },
    {
      "quarter": "2024-06 (Q2)",
      "signal": "YoY REVENUE GROWTH ACCELERATION",
      "detail": "YoY growth: +8.8% vs prior quarter YoY: -1.3% (accel: +10.1%)",
      "severity": "MEDIUM"
    },
    {
      "quarter": "2024-03 (Q1)",
      "signal": "GROSS MARGIN INFLECTION",
      "detail": "GM: +29.3% -> +26.7% -> +29.6% (reversal +2.9%)",
      "severity": "MEDIUM"
    },
    {
      "quarter": "2024-03 (Q1)",
      "signal": "INCREMENTAL MARGIN (YoY)",
      "detail": "YoY Incr OPM: +422.6% vs year-ago OPM: +22.9%",
      "severity": "HIGH"
    },
    {
      "quarter": "2023-12 (Q4)",
      "signal": "INCREMENTAL MARGIN (YoY)",
      "detail": "YoY Incr OPM: +789.5% vs year-ago OPM: +7.8%",
      "severity": "HIGH"
    },
    {
      "quarter": "2023-09 (Q3)",
      "signal": "FCF MARGIN EXPANSION",
      "detail": "FCF margin: +19.3% -> +27.9% (+8.6%)",
      "severity": "MEDIUM"
    },
    {
      "quarter": "2023-09 (Q3)",
      "signal": "INCREMENTAL MARGIN (YoY)",
      "detail": "YoY Incr OPM: +292.0% vs year-ago OPM: +24.0%",
      "severity": "HIGH"
    },
    {
      "quarter": "2023-06 (Q2)",
      "signal": "FCF TURNED POSITIVE",
      "detail": "FCF margin: -7.0% -> +19.3%",
      "severity": "HIGH"
    },
    {
      "quarter": "2023-03 (Q1)",
      "signal": "YoY REVENUE GROWTH DECELERATION",
      "detail": "YoY growth: -0.6% vs prior quarter YoY: +7.2% (decel: -7.9%)",
      "severity": "WARNING"
    },
    {
      "quarter": "2022-12 (Q4)",
      "signal": "FCF MARGIN EXPANSION",
      "detail": "FCF margin: +18.2% -> +29.5% (+11.3%)",
      "severity": "MEDIUM"
    },
    {
      "quarter": "2022-12 (Q4)",
      "signal": "YoY REVENUE GROWTH DECELERATION",
      "detail": "YoY growth: +7.2% vs prior quarter YoY: +14.3% (decel: -7.1%)",
      "severity": "WARNING"
    },
    {
      "quarter": "2022-09 (Q3)",
      "signal": "INCREMENTAL MARGIN (YoY)",
      "detail": "YoY Incr OPM: +68.4% vs year-ago OPM: +17.7%",
      "severity": "HIGH"
    },
    {
      "quarter": "2022-06 (Q2)",
      "signal": "FCF MARGIN EXPANSION",
      "detail": "FCF margin: +6.7% -> +17.9% (+11.2%)",
      "severity": "MEDIUM"
    },
    {
      "quarter": "2022-06 (Q2)",
      "signal": "YoY REVENUE GROWTH DECELERATION",
      "detail": "YoY growth: +16.2% vs prior quarter YoY: +22.5% (decel: -6.3%)",
      "severity": "WARNING"
    },
    {
      "quarter": "2022-03 (Q1)",
      "signal": "YoY REVENUE GROWTH ACCELERATION",
      "detail": "YoY growth: +22.5% vs prior quarter YoY: +10.7% (accel: +11.8%)",
      "severity": "MEDIUM"
    },
    {
      "quarter": "2022-03 (Q1)",
      "signal": "INCREMENTAL MARGIN (YoY)",
      "detail": "YoY Incr OPM: +32.9% vs year-ago OPM: +15.6%",
      "severity": "MEDIUM"
    },
    {
      "quarter": "2021-12 (Q4)",
      "signal": "INCREMENTAL MARGIN (YoY)",
      "detail": "YoY Incr OPM: +24.8% vs year-ago OPM: +14.1%",
      "severity": "MEDIUM"
    },
    {
      "quarter": "2021-06 (Q2)",
      "signal": "FCF MARGIN EXPANSION",
      "detail": "FCF margin: +10.7% -> +22.2% (+11.6%)",
      "severity": "MEDIUM"
    },
    {
      "quarter": "2021-06 (Q2)",
      "signal": "GROSS MARGIN INFLECTION",
      "detail": "GM: +25.1% -> +23.2% -> +27.6% (reversal +4.4%)",
      "severity": "MEDIUM"
    }
  ],
  "data_quality": {
    "n_quarters": 20,
    "coverage": {
      "revenue": [
        20,
        20
      ],
      "gross_profit": [
        20,
        20
      ],
      "op_income": [
        20,
        20
      ],
      "fcf": [
        20,
        20
      ]
    },
    "gaps": [],
    "warnings": []
  },
  "market_cap": null,
  "source": "SEC EDGAR",
  "last_updated": "2026-02-02T20:37:44.158918",
  "sector": "Industrials",
  "industry": "Building Products & Equipment"
}