{
  "ticker": "OCUL",
  "name": "OCULAR THERAPEUTIX, INC.",
  "quarters": [
    {
      "date": "2020-12-31T00:00:00",
      "quarter_label": "2020-12 (Q4)",
      "revenue": 7349000,
      "gross_profit": 6669000,
      "operating_income": -14343000,
      "net_income": -85612000,
      "opex": 21692000,
      "cogs": 680000,
      "rd": 7624000,
      "sga": null,
      "fcf": -6499000,
      "ocf": -6246000,
      "capex": -253000,
      "gross_margin": 0.9074704041366173,
      "op_margin": -1.9516941080419106,
      "fcf_margin": -0.8843380051707715
    },
    {
      "date": "2021-03-31T00:00:00",
      "quarter_label": "2021-03 (Q1)",
      "revenue": 7342000,
      "gross_profit": 6450000,
      "operating_income": -20228000,
      "net_income": 3121000,
      "opex": 27570000,
      "cogs": 892000,
      "rd": 10927000,
      "sga": null,
      "fcf": -17517000,
      "ocf": -17359000,
      "capex": -158000,
      "gross_margin": 0.8785072187414873,
      "op_margin": -2.7551076001089623,
      "fcf_margin": -2.385862162898393,
      "fcf_margin_change": -1.5015241577276215
    },
    {
      "date": "2021-06-30T00:00:00",
      "quarter_label": "2021-06 (Q2)",
      "revenue": 11718000,
      "gross_profit": 10622000,
      "operating_income": -20231000,
      "net_income": -8481000,
      "opex": 31949000,
      "cogs": 1096000,
      "rd": 13859000,
      "sga": null,
      "fcf": -20185000,
      "ocf": -20056000,
      "capex": -129000,
      "gross_margin": 0.9064686806622291,
      "op_margin": -1.726489161973033,
      "fcf_margin": -1.7225635774022872,
      "op_leverage_ratio": 3.752535021255268,
      "fcf_margin_change": 0.6632985854961058
    },
    {
      "date": "2021-09-30T00:00:00",
      "quarter_label": "2021-09 (Q3)",
      "revenue": 12153000,
      "gross_profit": 10843000,
      "operating_income": -19529000,
      "net_income": 2657000,
      "opex": 31682000,
      "cogs": 1310000,
      "rd": 12719000,
      "sga": null,
      "fcf": -13258000,
      "ocf": -12982000,
      "capex": -276000,
      "gross_margin": 0.8922076853451822,
      "op_margin": -1.606928330453386,
      "fcf_margin": -1.0909240516744836,
      "op_leverage_ratio": Infinity,
      "fcf_margin_change": 0.6316395257278036
    },
    {
      "date": "2021-12-31T00:00:00",
      "quarter_label": "2021-12 (Q4)",
      "revenue": 12308000,
      "gross_profit": 11200000,
      "operating_income": -18049000,
      "net_income": -3850000,
      "opex": 30357000,
      "cogs": 1108000,
      "rd": 12578000,
      "sga": null,
      "fcf": -15784000,
      "ocf": -15153000,
      "capex": -631000,
      "gross_margin": 0.9099772505687358,
      "op_margin": -1.466444588885278,
      "fcf_margin": -1.2824179395515112,
      "incr_op_margin_yoy": -0.7473280903407945,
      "rev_growth_yoy": 0.6747856851272281,
      "op_leverage_ratio": Infinity,
      "fcf_margin_change": -0.1914938878770276
    },
    {
      "date": "2022-03-31T00:00:00",
      "quarter_label": "2022-03 (Q1)",
      "revenue": 13187000,
      "gross_profit": 11887000,
      "operating_income": -17833000,
      "net_income": -12542000,
      "opex": 31020000,
      "cogs": 1300000,
      "rd": 13100000,
      "sga": null,
      "fcf": -18876000,
      "ocf": -18600000,
      "capex": -276000,
      "gross_margin": 0.901418063244104,
      "op_margin": -1.3523166755137634,
      "fcf_margin": -1.4314097216956092,
      "incr_op_margin_yoy": 0.40975192472198463,
      "rev_growth_yoy": 0.7961046036502315,
      "rev_growth_yoy_accel": 0.12131891852300336,
      "op_leverage_ratio": 3.269992147255142,
      "fcf_margin_change": -0.14899178214409803
    },
    {
      "date": "2022-06-30T00:00:00",
      "quarter_label": "2022-06 (Q2)",
      "revenue": 12266000,
      "gross_profit": 11111000,
      "operating_income": -19916000,
      "net_income": -18766000,
      "opex": 32182000,
      "cogs": 1155000,
      "rd": 13100000,
      "sga": null,
      "fcf": -11371000,
      "ocf": -10876000,
      "capex": -495000,
      "gross_margin": 0.9058372737648785,
      "op_margin": -1.6236751997391163,
      "fcf_margin": -0.9270340779390184,
      "rev_growth_yoy": 0.046765659668885476,
      "rev_growth_yoy_accel": -0.749338943981346,
      "fcf_margin_change": 0.5043756437565908
    },
    {
      "date": "2022-09-30T00:00:00",
      "quarter_label": "2022-09 (Q3)",
      "revenue": 11965000,
      "gross_profit": 10892000,
      "operating_income": -21544000,
      "net_income": -24188000,
      "opex": 33509000,
      "cogs": 1073000,
      "rd": 13719000,
      "sga": null,
      "fcf": -13963000,
      "ocf": -13169000,
      "capex": -794000,
      "gross_margin": 0.9103217718345173,
      "op_margin": -1.8005850396991225,
      "fcf_margin": -1.1669870455495195,
      "rev_growth_yoy": -0.015469431416111248,
      "rev_growth_yoy_accel": -0.062235091084996724,
      "fcf_margin_change": -0.2399529676105011
    },
    {
      "date": "2022-12-31T00:00:00",
      "quarter_label": "2022-12 (Q4)",
      "revenue": 14075000,
      "gross_profit": 13063000,
      "operating_income": -19361000,
      "net_income": -15542000,
      "opex": 33436000,
      "cogs": 1012000,
      "rd": 13543000,
      "sga": null,
      "fcf": -19108000,
      "ocf": -16958000,
      "capex": -2150000,
      "gross_margin": 0.9280994671403198,
      "op_margin": -1.3755595026642984,
      "fcf_margin": -1.3575843694493783,
      "incr_op_margin_yoy": -0.7425014148273911,
      "rev_growth_yoy": 0.14356516087097823,
      "rev_growth_yoy_accel": 0.1590345922870895,
      "op_leverage_ratio": Infinity,
      "fcf_margin_change": -0.19059732389985884
    },
    {
      "date": "2023-03-31T00:00:00",
      "quarter_label": "2023-03 (Q1)",
      "revenue": 13374000,
      "gross_profit": 12160000,
      "operating_income": -22549000,
      "net_income": -30318000,
      "opex": 35923000,
      "cogs": 1214000,
      "rd": 14747000,
      "sga": null,
      "fcf": -23352000,
      "ocf": -19973000,
      "capex": -3379000,
      "gross_margin": 0.9092268580828473,
      "op_margin": -1.6860326005682669,
      "fcf_margin": -1.7460744728577837,
      "rev_growth_yoy": 0.014180632441040418,
      "rev_growth_yoy_accel": -0.1293845284299378,
      "fcf_margin_change": -0.3884901034084054
    },
    {
      "date": "2023-06-30T00:00:00",
      "quarter_label": "2023-06 (Q2)",
      "revenue": 15186000,
      "gross_profit": 13882000,
      "operating_income": -20570000,
      "net_income": -20682000,
      "opex": 35756000,
      "cogs": 1304000,
      "rd": 15094000,
      "sga": null,
      "fcf": -22065000,
      "ocf": -20075000,
      "capex": -1990000,
      "gross_margin": 0.91413143684973,
      "op_margin": -1.3545370736204398,
      "fcf_margin": -1.4529830106677202,
      "incr_op_margin_yoy": -0.22397260273972602,
      "rev_growth_yoy": 0.23805641610957118,
      "rev_growth_yoy_accel": 0.22387578366853075,
      "op_leverage_ratio": Infinity,
      "fcf_margin_change": 0.29309146219006355
    },
    {
      "date": "2023-09-30T00:00:00",
      "quarter_label": "2023-09 (Q3)",
      "revenue": 15081000,
      "gross_profit": 13704000,
      "operating_income": -19214000,
      "net_income": -516000,
      "opex": 34295000,
      "cogs": 1377000,
      "rd": 15019000,
      "sga": null,
      "fcf": -7991000,
      "ocf": -7732000,
      "capex": -259000,
      "gross_margin": 0.9086930574895564,
      "op_margin": -1.2740534447317817,
      "fcf_margin": -0.5298720244015649,
      "incr_op_margin_yoy": 0.7477535301668806,
      "rev_growth_yoy": 0.26042624320936064,
      "rev_growth_yoy_accel": 0.022369827099789463,
      "fcf_margin_change": 0.9231109862661553
    },
    {
      "date": "2023-12-31T00:00:00",
      "quarter_label": "2023-12 (Q4)",
      "revenue": 14801000,
      "gross_profit": 13415000,
      "operating_income": -20050000,
      "net_income": -29220000,
      "opex": 34851000,
      "cogs": 1386000,
      "rd": 16195000,
      "sga": null,
      "fcf": -22913000,
      "ocf": -22454000,
      "capex": -459000,
      "gross_margin": 0.9063576785352341,
      "op_margin": -1.3546382001216135,
      "fcf_margin": -1.5480710762786298,
      "rev_growth_yoy": 0.05158081705150977,
      "rev_growth_yoy_accel": -0.20884542615785087,
      "fcf_margin_change": -1.018199051877065
    },
    {
      "date": "2024-03-31T00:00:00",
      "quarter_label": "2024-03 (Q1)",
      "revenue": 14774000,
      "gross_profit": 13448000,
      "operating_income": -31617000,
      "net_income": -64848000,
      "opex": 46391000,
      "cogs": 1326000,
      "rd": 20735000,
      "sga": null,
      "fcf": -34142000,
      "ocf": -33887000,
      "capex": -255000,
      "gross_margin": 0.9102477325030459,
      "op_margin": -2.140043319344795,
      "fcf_margin": -2.310951671855963,
      "incr_op_margin_yoy": -6.477142857142857,
      "rev_growth_yoy": 0.10468072379243308,
      "rev_growth_yoy_accel": 0.05309990674092331,
      "fcf_margin_change": -0.7628805955773332
    },
    {
      "date": "2024-06-30T00:00:00",
      "quarter_label": "2024-06 (Q2)",
      "revenue": 16441000,
      "gross_profit": 14932000,
      "operating_income": -43590000,
      "net_income": -43777000,
      "opex": 60031000,
      "cogs": 1509000,
      "rd": 28857000,
      "sga": null,
      "fcf": -25544000,
      "ocf": -24802000,
      "capex": -742000,
      "gross_margin": 0.9082172617237394,
      "op_margin": -2.6512985828112647,
      "fcf_margin": -1.5536767836506296,
      "incr_op_margin_yoy": -18.342629482071715,
      "rev_growth_yoy": 0.08264190701962333,
      "rev_growth_yoy_accel": -0.02203881677280975,
      "op_leverage_ratio": 0.38375749364719747,
      "fcf_margin_change": 0.7572748882053335
    },
    {
      "date": "2024-09-30T00:00:00",
      "quarter_label": "2024-09 (Q3)",
      "revenue": 15425000,
      "gross_profit": 13864000,
      "operating_income": -45998000,
      "net_income": -36493000,
      "opex": 61423000,
      "cogs": 1561000,
      "rd": 37054000,
      "sga": null,
      "fcf": -36648000,
      "ocf": -36559000,
      "capex": -89000,
      "gross_margin": 0.8988006482982172,
      "op_margin": -2.9820421393841166,
      "fcf_margin": -2.3758833063209077,
      "rev_growth_yoy": 0.022810158477554538,
      "rev_growth_yoy_accel": -0.0598317485420688,
      "fcf_margin_change": -0.8222065226702782
    },
    {
      "date": "2024-12-31T00:00:00",
      "quarter_label": "2024-12 (Q4)",
      "revenue": 17082000,
      "gross_profit": 15852000,
      "operating_income": -50576000,
      "net_income": -48388000,
      "opex": 67658000,
      "cogs": 1230000,
      "rd": 40989000,
      "sga": null,
      "fcf": -39631000,
      "ocf": -39429000,
      "capex": -202000,
      "gross_margin": 0.9279943800491746,
      "op_margin": -2.9607774265308513,
      "fcf_margin": -2.320044491277368,
      "incr_op_margin_yoy": -13.382726874177992,
      "rev_growth_yoy": 0.15411120870211473,
      "rev_growth_yoy_accel": 0.13130105022456018,
      "op_leverage_ratio": 1.0582588331931806,
      "fcf_margin_change": 0.055838815043539825
    },
    {
      "date": "2025-03-31T00:00:00",
      "quarter_label": "2025-03 (Q1)",
      "revenue": 10698000,
      "gross_profit": 9436000,
      "operating_income": -63917000,
      "net_income": -64053000,
      "opex": 74615000,
      "cogs": 1262000,
      "rd": 42857000,
      "sga": null,
      "fcf": -46604000,
      "ocf": -44671000,
      "capex": -1933000,
      "gross_margin": 0.8820340250514115,
      "op_margin": -5.974668162273322,
      "fcf_margin": -4.356328285660871,
      "incr_op_margin_yoy": 7.924435721295388,
      "rev_growth_yoy": -0.2758900771625829,
      "rev_growth_yoy_accel": -0.43000128586469766,
      "fcf_margin_change": -2.0362837943835035
    },
    {
      "date": "2025-06-30T00:00:00",
      "quarter_label": "2025-06 (Q2)",
      "revenue": 13459000,
      "gross_profit": 11515000,
      "operating_income": -67641000,
      "net_income": -67814000,
      "opex": 81100000,
      "cogs": 1944000,
      "rd": 51081000,
      "sga": null,
      "fcf": -56483000,
      "ocf": -55238000,
      "capex": -1245000,
      "gross_margin": 0.8555613344230626,
      "op_margin": -5.0257077048814915,
      "fcf_margin": -4.196671372315922,
      "incr_op_margin_yoy": 8.065392354124748,
      "rev_growth_yoy": -0.18137582872088073,
      "rev_growth_yoy_accel": 0.09451424844170217,
      "op_leverage_ratio": 2.9694770695507544,
      "fcf_margin_change": 0.15965691334494903
    },
    {
      "date": "2025-09-30T00:00:00",
      "quarter_label": "2025-09 (Q3)",
      "revenue": 14544000,
      "gross_profit": 12770000,
      "operating_income": -68698000,
      "net_income": -69418000,
      "opex": 83242000,
      "cogs": 1774000,
      "rd": 52358000,
      "sga": null,
      "fcf": -56718000,
      "ocf": -50725000,
      "capex": -5993000,
      "gross_margin": 0.878025302530253,
      "op_margin": -4.723459845984599,
      "fcf_margin": -3.8997524752475248,
      "rev_growth_yoy": -0.057115072933549435,
      "rev_growth_yoy_accel": 0.1242607557873313,
      "op_leverage_ratio": 3.0522375629301677,
      "fcf_margin_change": 0.2969188970683976
    }
  ],
  "signals": [
    {
      "quarter": "2025-09 (Q3)",
      "signal": "FCF MARGIN EXPANSION",
      "detail": "FCF margin: -419.7% -> -390.0% (+29.7%)",
      "severity": "MEDIUM"
    },
    {
      "quarter": "2025-09 (Q3)",
      "signal": "OPERATING LEVERAGE",
      "detail": "Rev growth +8.1% vs OpEx growth +2.6% (leverage: 3.1x)",
      "severity": "MEDIUM"
    },
    {
      "quarter": "2025-09 (Q3)",
      "signal": "GROSS MARGIN INFLECTION",
      "detail": "GM: +88.2% -> +85.6% -> +87.8% (reversal +2.2%)",
      "severity": "MEDIUM"
    },
    {
      "quarter": "2025-09 (Q3)",
      "signal": "YoY REVENUE GROWTH ACCELERATION",
      "detail": "YoY growth: -5.7% vs prior quarter YoY: -18.1% (accel: +12.4%)",
      "severity": "MEDIUM"
    },
    {
      "quarter": "2025-06 (Q2)",
      "signal": "FCF MARGIN EXPANSION",
      "detail": "FCF margin: -435.6% -> -419.7% (+16.0%)",
      "severity": "MEDIUM"
    },
    {
      "quarter": "2025-06 (Q2)",
      "signal": "OPERATING LEVERAGE",
      "detail": "Rev growth +25.8% vs OpEx growth +8.7% (leverage: 3.0x)",
      "severity": "MEDIUM"
    },
    {
      "quarter": "2025-06 (Q2)",
      "signal": "YoY REVENUE GROWTH ACCELERATION",
      "detail": "YoY growth: -18.1% vs prior quarter YoY: -27.6% (accel: +9.5%)",
      "severity": "MEDIUM"
    },
    {
      "quarter": "2025-03 (Q1)",
      "signal": "YoY REVENUE GROWTH DECELERATION",
      "detail": "YoY growth: -27.6% vs prior quarter YoY: +15.4% (decel: -43.0%)",
      "severity": "WARNING"
    },
    {
      "quarter": "2024-12 (Q4)",
      "signal": "FCF MARGIN EXPANSION",
      "detail": "FCF margin: -237.6% -> -232.0% (+5.6%)",
      "severity": "MEDIUM"
    },
    {
      "quarter": "2024-12 (Q4)",
      "signal": "GROSS MARGIN INFLECTION",
      "detail": "GM: +90.8% -> +89.9% -> +92.8% (reversal +2.9%)",
      "severity": "MEDIUM"
    },
    {
      "quarter": "2024-12 (Q4)",
      "signal": "YoY REVENUE GROWTH ACCELERATION",
      "detail": "YoY growth: +15.4% vs prior quarter YoY: +2.3% (accel: +13.1%)",
      "severity": "MEDIUM"
    },
    {
      "quarter": "2024-09 (Q3)",
      "signal": "YoY REVENUE GROWTH DECELERATION",
      "detail": "YoY growth: +2.3% vs prior quarter YoY: +8.3% (decel: -6.0%)",
      "severity": "WARNING"
    },
    {
      "quarter": "2024-06 (Q2)",
      "signal": "FCF MARGIN EXPANSION",
      "detail": "FCF margin: -231.1% -> -155.4% (+75.7%)",
      "severity": "MEDIUM"
    },
    {
      "quarter": "2024-03 (Q1)",
      "signal": "YoY REVENUE GROWTH ACCELERATION",
      "detail": "YoY growth: +10.5% vs prior quarter YoY: +5.2% (accel: +5.3%)",
      "severity": "MEDIUM"
    },
    {
      "quarter": "2023-12 (Q4)",
      "signal": "YoY REVENUE GROWTH DECELERATION",
      "detail": "YoY growth: +5.2% vs prior quarter YoY: +26.0% (decel: -20.9%)",
      "severity": "WARNING"
    },
    {
      "quarter": "2023-09 (Q3)",
      "signal": "FCF MARGIN EXPANSION",
      "detail": "FCF margin: -145.3% -> -53.0% (+92.3%)",
      "severity": "MEDIUM"
    },
    {
      "quarter": "2023-06 (Q2)",
      "signal": "FCF MARGIN EXPANSION",
      "detail": "FCF margin: -174.6% -> -145.3% (+29.3%)",
      "severity": "MEDIUM"
    },
    {
      "quarter": "2023-06 (Q2)",
      "signal": "YoY REVENUE GROWTH ACCELERATION",
      "detail": "YoY growth: +23.8% vs prior quarter YoY: +1.4% (accel: +22.4%)",
      "severity": "HIGH"
    },
    {
      "quarter": "2023-03 (Q1)",
      "signal": "YoY REVENUE GROWTH DECELERATION",
      "detail": "YoY growth: +1.4% vs prior quarter YoY: +14.4% (decel: -12.9%)",
      "severity": "WARNING"
    },
    {
      "quarter": "2022-12 (Q4)",
      "signal": "YoY REVENUE GROWTH ACCELERATION",
      "detail": "YoY growth: +14.4% vs prior quarter YoY: -1.5% (accel: +15.9%)",
      "severity": "HIGH"
    },
    {
      "quarter": "2022-09 (Q3)",
      "signal": "YoY REVENUE GROWTH DECELERATION",
      "detail": "YoY growth: -1.5% vs prior quarter YoY: +4.7% (decel: -6.2%)",
      "severity": "WARNING"
    },
    {
      "quarter": "2022-06 (Q2)",
      "signal": "FCF MARGIN EXPANSION",
      "detail": "FCF margin: -143.1% -> -92.7% (+50.4%)",
      "severity": "MEDIUM"
    },
    {
      "quarter": "2022-06 (Q2)",
      "signal": "YoY REVENUE GROWTH DECELERATION",
      "detail": "YoY growth: +4.7% vs prior quarter YoY: +79.6% (decel: -74.9%)",
      "severity": "WARNING"
    },
    {
      "quarter": "2022-03 (Q1)",
      "signal": "OPERATING LEVERAGE",
      "detail": "Rev growth +7.1% vs OpEx growth +2.2% (leverage: 3.3x)",
      "severity": "MEDIUM"
    },
    {
      "quarter": "2022-03 (Q1)",
      "signal": "YoY REVENUE GROWTH ACCELERATION",
      "detail": "YoY growth: +79.6% vs prior quarter YoY: +67.5% (accel: +12.1%)",
      "severity": "MEDIUM"
    },
    {
      "quarter": "2021-09 (Q3)",
      "signal": "FCF MARGIN EXPANSION",
      "detail": "FCF margin: -172.3% -> -109.1% (+63.2%)",
      "severity": "MEDIUM"
    },
    {
      "quarter": "2021-06 (Q2)",
      "signal": "FCF MARGIN EXPANSION",
      "detail": "FCF margin: -238.6% -> -172.3% (+66.3%)",
      "severity": "MEDIUM"
    },
    {
      "quarter": "2021-06 (Q2)",
      "signal": "OPERATING LEVERAGE",
      "detail": "Rev growth +59.6% vs OpEx growth +15.9% (leverage: 3.8x)",
      "severity": "MEDIUM"
    },
    {
      "quarter": "2021-06 (Q2)",
      "signal": "GROSS MARGIN INFLECTION",
      "detail": "GM: +90.7% -> +87.9% -> +90.6% (reversal +2.8%)",
      "severity": "MEDIUM"
    }
  ],
  "data_quality": {
    "n_quarters": 20,
    "coverage": {
      "revenue": [
        20,
        20
      ],
      "gross_profit": [
        20,
        20
      ],
      "op_income": [
        20,
        20
      ],
      "fcf": [
        20,
        20
      ]
    },
    "gaps": [],
    "warnings": []
  },
  "market_cap": null,
  "source": "SEC EDGAR",
  "last_updated": "2026-02-02T21:31:57.908157"
}