{
  "ticker": "ODC",
  "name": "OIL-DRI CORPORATION OF AMERICA",
  "quarters": [
    {
      "date": "2021-01-31T00:00:00",
      "quarter_label": "2021-01 (Q1)",
      "revenue": 74500000,
      "gross_profit": 18172000,
      "operating_income": 4244000,
      "net_income": 4299000,
      "opex": 13928000,
      "cogs": 56328000,
      "rd": null,
      "sga": 13928000,
      "fcf": 2490000,
      "ocf": 6520000,
      "capex": -4030000,
      "gross_margin": 0.24391946308724832,
      "op_margin": 0.056966442953020134,
      "fcf_margin": 0.03342281879194631
    },
    {
      "date": "2021-04-30T00:00:00",
      "quarter_label": "2021-04 (Q2)",
      "revenue": 76255000,
      "gross_profit": 16523000,
      "operating_income": 1931000,
      "net_income": 2227000,
      "opex": 14592000,
      "cogs": 59732000,
      "rd": null,
      "sga": 14592000,
      "fcf": 2096000,
      "ocf": 5255000,
      "capex": -3159000,
      "gross_margin": 0.21668087338535177,
      "op_margin": 0.025322929643957773,
      "fcf_margin": 0.02748672218215199,
      "op_leverage_ratio": 0.49413034689091945,
      "fcf_margin_change": -0.0059360966097943176
    },
    {
      "date": "2021-07-31T00:00:00",
      "quarter_label": "2021-07 (Q3)",
      "revenue": 78129000,
      "gross_profit": 10242000,
      "operating_income": 1684000,
      "net_income": 603000,
      "opex": 8558000,
      "cogs": 67887000,
      "rd": null,
      "sga": 8558000,
      "fcf": -2786000,
      "ocf": 5296000,
      "capex": -8082000,
      "gross_margin": 0.1310908881465269,
      "op_margin": 0.02155409643026277,
      "fcf_margin": -0.03565897426051786,
      "op_leverage_ratio": Infinity,
      "fcf_margin_change": -0.06314569644266985
    },
    {
      "date": "2021-10-31T00:00:00",
      "quarter_label": "2021-10 (Q4)",
      "revenue": 82460000,
      "gross_profit": 13818000,
      "operating_income": 445000,
      "net_income": 585000,
      "opex": 13373000,
      "cogs": 68642000,
      "rd": null,
      "sga": 13373000,
      "fcf": -7332000,
      "ocf": -596000,
      "capex": -6736000,
      "gross_margin": 0.16757215619694396,
      "op_margin": 0.005396555905893767,
      "fcf_margin": -0.08891583798205191,
      "op_leverage_ratio": 0.09852623985942678,
      "fcf_margin_change": -0.05325686372153405
    },
    {
      "date": "2022-01-31T00:00:00",
      "quarter_label": "2022-01 (Q1)",
      "revenue": 87210000,
      "gross_profit": 15586000,
      "operating_income": 1918000,
      "net_income": 2002000,
      "opex": 13668000,
      "cogs": 71624000,
      "rd": null,
      "sga": 13668000,
      "fcf": -3181000,
      "ocf": 657000,
      "capex": -3838000,
      "gross_margin": 0.1787180369223713,
      "op_margin": 0.021992890723540878,
      "fcf_margin": -0.036475174865267745,
      "incr_op_margin_yoy": -0.1830055074744296,
      "rev_growth_yoy": 0.17060402684563758,
      "op_leverage_ratio": 2.6113020385847068,
      "fcf_margin_change": 0.052440663116784164
    },
    {
      "date": "2022-04-30T00:00:00",
      "quarter_label": "2022-04 (Q2)",
      "revenue": 85761000,
      "gross_profit": 15630000,
      "operating_income": -4027000,
      "net_income": -2109000,
      "opex": 19657000,
      "cogs": 70131000,
      "rd": null,
      "sga": 14013000,
      "fcf": -39000,
      "ocf": 5399000,
      "capex": -5438000,
      "gross_margin": 0.18225067338300627,
      "op_margin": -0.04695607560546169,
      "fcf_margin": -0.00045475216007276033,
      "incr_op_margin_yoy": -0.6267620450241952,
      "rev_growth_yoy": 0.12466067798832864,
      "rev_growth_yoy_accel": -0.04594334885730894,
      "fcf_margin_change": 0.03602042270519498
    },
    {
      "date": "2022-07-31T00:00:00",
      "quarter_label": "2022-07 (Q3)",
      "revenue": 93158000,
      "gross_profit": 17481000,
      "operating_income": 6485000,
      "net_income": 5196000,
      "opex": 10996000,
      "cogs": 75677000,
      "rd": null,
      "sga": 10996000,
      "fcf": -2441000,
      "ocf": 3557000,
      "capex": -5998000,
      "gross_margin": 0.18764894050967174,
      "op_margin": 0.06961291569162069,
      "fcf_margin": -0.02620279525107881,
      "incr_op_margin_yoy": 0.3194490651407279,
      "rev_growth_yoy": 0.19236135109882374,
      "rev_growth_yoy_accel": 0.0677006731104951,
      "op_leverage_ratio": Infinity,
      "fcf_margin_change": -0.02574804309100605
    },
    {
      "date": "2022-10-31T00:00:00",
      "quarter_label": "2022-10 (Q4)",
      "revenue": 98539000,
      "gross_profit": 22310000,
      "operating_income": 6569000,
      "net_income": 5241000,
      "opex": 15741000,
      "cogs": 76229000,
      "rd": null,
      "sga": 15741000,
      "fcf": -3923000,
      "ocf": 2814000,
      "capex": -6737000,
      "gross_margin": 0.22640781822425637,
      "op_margin": 0.06666396046235501,
      "fcf_margin": -0.03981164817990846,
      "incr_op_margin_yoy": 0.38086945705578706,
      "rev_growth_yoy": 0.19499151103565365,
      "rev_growth_yoy_accel": 0.0026301599368299122,
      "op_leverage_ratio": 0.1338570810423462,
      "fcf_margin_change": -0.01360885292882965
    },
    {
      "date": "2023-01-31T00:00:00",
      "quarter_label": "2023-01 (Q1)",
      "revenue": 101669000,
      "gross_profit": 23016000,
      "operating_income": 7306000,
      "net_income": 3856000,
      "opex": 15710000,
      "cogs": 78653000,
      "rd": null,
      "sga": 15710000,
      "fcf": 5500000,
      "ocf": 11403000,
      "capex": -5903000,
      "gross_margin": 0.22638168960056654,
      "op_margin": 0.07186064582124345,
      "fcf_margin": 0.054097119082512864,
      "incr_op_margin_yoy": 0.37263987827650596,
      "rev_growth_yoy": 0.16579520697167757,
      "rev_growth_yoy_accel": -0.02919630406397608,
      "op_leverage_ratio": Infinity,
      "fcf_margin_change": 0.09390876726242132
    },
    {
      "date": "2023-04-30T00:00:00",
      "quarter_label": "2023-04 (Q2)",
      "revenue": 105425000,
      "gross_profit": 27467000,
      "operating_income": 14456000,
      "net_income": 8535000,
      "opex": 13011000,
      "cogs": 77958000,
      "rd": null,
      "sga": 13011000,
      "fcf": 17719000,
      "ocf": 21824000,
      "capex": -4105000,
      "gross_margin": 0.26053592601375386,
      "op_margin": 0.1371211761916054,
      "fcf_margin": 0.16807208916291203,
      "incr_op_margin_yoy": 0.9399410089503661,
      "rev_growth_yoy": 0.2292883711710451,
      "rev_growth_yoy_accel": 0.06349316419936754,
      "op_leverage_ratio": Infinity,
      "fcf_margin_change": 0.11397497008039917
    },
    {
      "date": "2023-07-31T00:00:00",
      "quarter_label": "2023-07 (Q3)",
      "revenue": 107388000,
      "gross_profit": 30434000,
      "operating_income": 12709000,
      "net_income": 11919000,
      "opex": 17725000,
      "cogs": 76954000,
      "rd": null,
      "sga": 17725000,
      "fcf": 6100000,
      "ocf": 13723000,
      "capex": -7623000,
      "gross_margin": 0.2834022423362014,
      "op_margin": 0.11834655641226208,
      "fcf_margin": 0.056803367229113125,
      "incr_op_margin_yoy": 0.43738580463808857,
      "rev_growth_yoy": 0.15275123982910754,
      "rev_growth_yoy_accel": -0.07653713134193757,
      "op_leverage_ratio": 0.05139226854070373,
      "fcf_margin_change": -0.1112687219337989
    },
    {
      "date": "2023-10-31T00:00:00",
      "quarter_label": "2023-10 (Q4)",
      "revenue": 111438000,
      "gross_profit": 30991000,
      "operating_income": 13156000,
      "net_income": 10742000,
      "opex": 17835000,
      "cogs": 80447000,
      "rd": null,
      "sga": 17835000,
      "fcf": 500000,
      "ocf": 8564000,
      "capex": -8064000,
      "gross_margin": 0.27810082736588954,
      "op_margin": 0.11805667725551428,
      "fcf_margin": 0.004486799834885766,
      "incr_op_margin_yoy": 0.5106597410651988,
      "rev_growth_yoy": 0.13090248531038473,
      "rev_growth_yoy_accel": -0.021848754518722813,
      "op_leverage_ratio": 6.077050254472312,
      "fcf_margin_change": -0.05231656739422736
    },
    {
      "date": "2024-01-31T00:00:00",
      "quarter_label": "2024-01 (Q1)",
      "revenue": 105668000,
      "gross_profit": 30942000,
      "operating_income": 15165000,
      "net_income": 12382000,
      "opex": 15777000,
      "cogs": 74726000,
      "rd": null,
      "sga": 15777000,
      "fcf": 1899000,
      "ocf": 9381000,
      "capex": -7482000,
      "gross_margin": 0.29282280349774764,
      "op_margin": 0.14351553923609797,
      "fcf_margin": 0.017971382064579627,
      "incr_op_margin_yoy": 1.9652413103275819,
      "rev_growth_yoy": 0.03933352349290344,
      "rev_growth_yoy_accel": -0.09156896181748128,
      "fcf_margin_change": 0.013484582229693861
    },
    {
      "date": "2024-04-30T00:00:00",
      "quarter_label": "2024-04 (Q2)",
      "revenue": 106779000,
      "gross_profit": 30137000,
      "operating_income": 10432000,
      "net_income": 7777000,
      "opex": 19705000,
      "cogs": 76642000,
      "rd": null,
      "sga": 19705000,
      "fcf": 10813000,
      "ocf": 18984000,
      "capex": -8171000,
      "gross_margin": 0.2822371440077169,
      "op_margin": 0.09769711272815816,
      "fcf_margin": 0.10126523005459875,
      "incr_op_margin_yoy": -2.9719350073855244,
      "rev_growth_yoy": 0.012843253497747214,
      "rev_growth_yoy_accel": -0.02649026999515623,
      "op_leverage_ratio": 0.04223023691310917,
      "fcf_margin_change": 0.08329384799001913
    },
    {
      "date": "2024-07-31T00:00:00",
      "quarter_label": "2024-07 (Q3)",
      "revenue": 113702000,
      "gross_profit": 33024000,
      "operating_income": 12892000,
      "net_income": 8525000,
      "opex": 20132000,
      "cogs": 80678000,
      "rd": null,
      "sga": 20132000,
      "fcf": 15101000,
      "ocf": 23384000,
      "capex": -8283000,
      "gross_margin": 0.29044343986913157,
      "op_margin": 0.11338410933844612,
      "fcf_margin": 0.13281208773812245,
      "incr_op_margin_yoy": 0.02898321191004118,
      "rev_growth_yoy": 0.05879614109583939,
      "rev_growth_yoy_accel": 0.04595288759809217,
      "op_leverage_ratio": 2.9919687038603864,
      "fcf_margin_change": 0.031546857683523694
    },
    {
      "date": "2024-10-31T00:00:00",
      "quarter_label": "2024-10 (Q4)",
      "revenue": 127945000,
      "gross_profit": 40780000,
      "operating_income": 21190000,
      "net_income": 16376000,
      "opex": 19590000,
      "cogs": 87165000,
      "rd": null,
      "sga": 19590000,
      "fcf": -1898000,
      "ocf": 10919000,
      "capex": -12817000,
      "gross_margin": 0.31873070459963265,
      "op_margin": 0.1656180390011333,
      "fcf_margin": -0.014834499198874517,
      "incr_op_margin_yoy": 0.4867026110135094,
      "rev_growth_yoy": 0.1481272097489187,
      "rev_growth_yoy_accel": 0.0893310686530793,
      "op_leverage_ratio": Infinity,
      "fcf_margin_change": -0.14764658693699698
    },
    {
      "date": "2025-01-31T00:00:00",
      "quarter_label": "2025-01 (Q1)",
      "revenue": 116914000,
      "gross_profit": 34448000,
      "operating_income": 17482000,
      "net_income": 12921000,
      "opex": 16966000,
      "cogs": 82466000,
      "rd": null,
      "sga": 16966000,
      "fcf": 16422000,
      "ocf": 21411000,
      "capex": -4989000,
      "gross_margin": 0.29464392630480524,
      "op_margin": 0.14952871341327814,
      "fcf_margin": 0.14046222009340198,
      "incr_op_margin_yoy": 0.2060288102436422,
      "rev_growth_yoy": 0.10642767914600447,
      "rev_growth_yoy_accel": -0.04169953060291422,
      "fcf_margin_change": 0.1552967192922765
    },
    {
      "date": "2025-04-30T00:00:00",
      "quarter_label": "2025-04 (Q2)",
      "revenue": 115501000,
      "gross_profit": 33022000,
      "operating_income": 13904000,
      "net_income": 11644000,
      "opex": 19118000,
      "cogs": 82479000,
      "rd": null,
      "sga": 19118000,
      "fcf": 15981000,
      "ocf": 22658000,
      "capex": -6677000,
      "gross_margin": 0.28590228656028954,
      "op_margin": 0.12037991013064822,
      "fcf_margin": 0.13836243842044657,
      "incr_op_margin_yoy": 0.39807383627608345,
      "rev_growth_yoy": 0.08168272787720432,
      "rev_growth_yoy_accel": -0.02474495126880015,
      "fcf_margin_change": -0.0020997816729554086
    },
    {
      "date": "2025-07-31T00:00:00",
      "quarter_label": "2025-07 (Q3)",
      "revenue": 125212000,
      "gross_profit": 34833000,
      "operating_income": 15644000,
      "net_income": 13055000,
      "opex": 19189000,
      "cogs": 90379000,
      "rd": null,
      "sga": 19189000,
      "fcf": 17116000,
      "ocf": 25195000,
      "capex": -8079000,
      "gross_margin": 0.27819218605245505,
      "op_margin": 0.12494010158770724,
      "fcf_margin": 0.13669616330703127,
      "incr_op_margin_yoy": 0.23909643788010426,
      "rev_growth_yoy": 0.1012295298235739,
      "rev_growth_yoy_accel": 0.019546801946369582,
      "op_leverage_ratio": 22.639264753637278,
      "fcf_margin_change": -0.0016662751134152998
    },
    {
      "date": "2025-10-31T00:00:00",
      "quarter_label": "2025-10 (Q4)",
      "revenue": 120486000,
      "gross_profit": 35495000,
      "operating_income": 16954000,
      "net_income": 15456000,
      "opex": 18541000,
      "cogs": 84991000,
      "rd": null,
      "sga": 18541000,
      "fcf": 1283000,
      "ocf": 10349000,
      "capex": -9066000,
      "gross_margin": 0.29459854256926116,
      "op_margin": 0.14071344388559667,
      "fcf_margin": 0.010648540079345318,
      "incr_op_margin_yoy": 0.5679045448451535,
      "rev_growth_yoy": -0.05829848763140412,
      "rev_growth_yoy_accel": -0.15952801745497802,
      "fcf_margin_change": -0.12604762322768595
    }
  ],
  "signals": [
    {
      "quarter": "2025-10 (Q4)",
      "signal": "YoY REVENUE GROWTH DECELERATION",
      "detail": "YoY growth: -5.8% vs prior quarter YoY: +10.1% (decel: -16.0%)",
      "severity": "WARNING"
    },
    {
      "quarter": "2025-10 (Q4)",
      "signal": "INCREMENTAL MARGIN (YoY)",
      "detail": "YoY Incr OPM: +56.8% vs year-ago OPM: +16.6%",
      "severity": "HIGH"
    },
    {
      "quarter": "2025-07 (Q3)",
      "signal": "OPERATING LEVERAGE",
      "detail": "Rev growth +8.4% vs OpEx growth +0.4% (leverage: 22.6x)",
      "severity": "MEDIUM"
    },
    {
      "quarter": "2025-07 (Q3)",
      "signal": "INCREMENTAL MARGIN (YoY)",
      "detail": "YoY Incr OPM: +23.9% vs year-ago OPM: +11.3%",
      "severity": "MEDIUM"
    },
    {
      "quarter": "2025-04 (Q2)",
      "signal": "INCREMENTAL MARGIN (YoY)",
      "detail": "YoY Incr OPM: +39.8% vs year-ago OPM: +9.8%",
      "severity": "HIGH"
    },
    {
      "quarter": "2025-01 (Q1)",
      "signal": "FCF TURNED POSITIVE",
      "detail": "FCF margin: -1.5% -> +14.0%",
      "severity": "HIGH"
    },
    {
      "quarter": "2024-10 (Q4)",
      "signal": "YoY REVENUE GROWTH ACCELERATION",
      "detail": "YoY growth: +14.8% vs prior quarter YoY: +5.9% (accel: +8.9%)",
      "severity": "MEDIUM"
    },
    {
      "quarter": "2024-10 (Q4)",
      "signal": "INCREMENTAL MARGIN (YoY)",
      "detail": "YoY Incr OPM: +48.7% vs year-ago OPM: +11.8%",
      "severity": "HIGH"
    },
    {
      "quarter": "2024-07 (Q3)",
      "signal": "OPERATING LEVERAGE",
      "detail": "Rev growth +6.5% vs OpEx growth +2.2% (leverage: 3.0x)",
      "severity": "MEDIUM"
    },
    {
      "quarter": "2024-04 (Q2)",
      "signal": "FCF MARGIN EXPANSION",
      "detail": "FCF margin: +1.8% -> +10.1% (+8.3%)",
      "severity": "MEDIUM"
    },
    {
      "quarter": "2024-01 (Q1)",
      "signal": "YoY REVENUE GROWTH DECELERATION",
      "detail": "YoY growth: +3.9% vs prior quarter YoY: +13.1% (decel: -9.2%)",
      "severity": "WARNING"
    },
    {
      "quarter": "2024-01 (Q1)",
      "signal": "INCREMENTAL MARGIN (YoY)",
      "detail": "YoY Incr OPM: +196.5% vs year-ago OPM: +7.2%",
      "severity": "HIGH"
    },
    {
      "quarter": "2023-10 (Q4)",
      "signal": "OPERATING LEVERAGE",
      "detail": "Rev growth +3.8% vs OpEx growth +0.6% (leverage: 6.1x)",
      "severity": "MEDIUM"
    },
    {
      "quarter": "2023-10 (Q4)",
      "signal": "INCREMENTAL MARGIN (YoY)",
      "detail": "YoY Incr OPM: +51.1% vs year-ago OPM: +6.7%",
      "severity": "HIGH"
    },
    {
      "quarter": "2023-07 (Q3)",
      "signal": "YoY REVENUE GROWTH DECELERATION",
      "detail": "YoY growth: +15.3% vs prior quarter YoY: +22.9% (decel: -7.7%)",
      "severity": "WARNING"
    },
    {
      "quarter": "2023-07 (Q3)",
      "signal": "INCREMENTAL MARGIN (YoY)",
      "detail": "YoY Incr OPM: +43.7% vs year-ago OPM: +7.0%",
      "severity": "HIGH"
    },
    {
      "quarter": "2023-04 (Q2)",
      "signal": "FCF MARGIN EXPANSION",
      "detail": "FCF margin: +5.4% -> +16.8% (+11.4%)",
      "severity": "MEDIUM"
    },
    {
      "quarter": "2023-04 (Q2)",
      "signal": "GROSS MARGIN INFLECTION",
      "detail": "GM: +22.6% -> +22.6% -> +26.1% (reversal +3.4%)",
      "severity": "MEDIUM"
    },
    {
      "quarter": "2023-04 (Q2)",
      "signal": "YoY REVENUE GROWTH ACCELERATION",
      "detail": "YoY growth: +22.9% vs prior quarter YoY: +16.6% (accel: +6.3%)",
      "severity": "MEDIUM"
    },
    {
      "quarter": "2023-04 (Q2)",
      "signal": "OP MARGIN TURNED POSITIVE (YoY)",
      "detail": "Op margin: -4.7% (year-ago) -> +13.7%",
      "severity": "HIGH"
    },
    {
      "quarter": "2023-01 (Q1)",
      "signal": "FCF TURNED POSITIVE",
      "detail": "FCF margin: -4.0% -> +5.4%",
      "severity": "HIGH"
    },
    {
      "quarter": "2023-01 (Q1)",
      "signal": "INCREMENTAL MARGIN (YoY)",
      "detail": "YoY Incr OPM: +37.3% vs year-ago OPM: +2.2%",
      "severity": "HIGH"
    },
    {
      "quarter": "2022-10 (Q4)",
      "signal": "INCREMENTAL MARGIN (YoY)",
      "detail": "YoY Incr OPM: +38.1% vs year-ago OPM: +0.5%",
      "severity": "HIGH"
    },
    {
      "quarter": "2022-07 (Q3)",
      "signal": "YoY REVENUE GROWTH ACCELERATION",
      "detail": "YoY growth: +19.2% vs prior quarter YoY: +12.5% (accel: +6.8%)",
      "severity": "MEDIUM"
    },
    {
      "quarter": "2022-07 (Q3)",
      "signal": "INCREMENTAL MARGIN (YoY)",
      "detail": "YoY Incr OPM: +31.9% vs year-ago OPM: +2.2%",
      "severity": "HIGH"
    },
    {
      "quarter": "2022-07 (Q3)",
      "signal": "OP MARGIN TURNED POSITIVE (QoQ)",
      "detail": "Op margin: -4.7% -> +7.0%",
      "severity": "HIGH"
    },
    {
      "quarter": "2022-01 (Q1)",
      "signal": "FCF MARGIN EXPANSION",
      "detail": "FCF margin: -8.9% -> -3.6% (+5.2%)",
      "severity": "MEDIUM"
    },
    {
      "quarter": "2022-01 (Q1)",
      "signal": "OPERATING LEVERAGE",
      "detail": "Rev growth +5.8% vs OpEx growth +2.2% (leverage: 2.6x)",
      "severity": "MEDIUM"
    },
    {
      "quarter": "2021-10 (Q4)",
      "signal": "GROSS MARGIN INFLECTION",
      "detail": "GM: +21.7% -> +13.1% -> +16.8% (reversal +3.6%)",
      "severity": "MEDIUM"
    }
  ],
  "data_quality": {
    "n_quarters": 20,
    "coverage": {
      "revenue": [
        20,
        20
      ],
      "gross_profit": [
        20,
        20
      ],
      "op_income": [
        20,
        20
      ],
      "fcf": [
        20,
        20
      ]
    },
    "gaps": [],
    "warnings": []
  },
  "market_cap": null,
  "source": "SEC EDGAR",
  "last_updated": "2026-02-02T22:07:12.485196",
  "sector": "Basic Materials",
  "industry": "Specialty Chemicals"
}