{
  "ticker": "OEC",
  "name": "ORION S.A.",
  "quarters": [
    {
      "date": "2020-12-31T00:00:00",
      "quarter_label": "2020-12 (Q4)",
      "revenue": 315692000,
      "gross_profit": 89030000,
      "operating_income": 25571000,
      "net_income": 8906000,
      "opex": 63459000,
      "cogs": 226662000,
      "rd": 3444000,
      "sga": 49919000,
      "fcf": 32948000,
      "ocf": 32948000,
      "capex": null,
      "gross_margin": 0.2820153820812691,
      "op_margin": 0.08099983528249052,
      "fcf_margin": 0.10436754811651863
    },
    {
      "date": "2021-03-31T00:00:00",
      "quarter_label": "2021-03 (Q1)",
      "revenue": 360077000,
      "gross_profit": 102520000,
      "operating_income": 42853000,
      "net_income": 23538000,
      "opex": 59667000,
      "cogs": 257557000,
      "rd": 4760000,
      "sga": 52353000,
      "fcf": 1800000,
      "ocf": 1800000,
      "capex": null,
      "gross_margin": 0.28471688000066653,
      "op_margin": 0.11901065605412176,
      "fcf_margin": 0.004998930784248925,
      "op_leverage_ratio": Infinity,
      "fcf_margin_change": -0.0993686173322697
    },
    {
      "date": "2021-06-30T00:00:00",
      "quarter_label": "2021-06 (Q2)",
      "revenue": 400976000,
      "gross_profit": 110077000,
      "operating_income": 132476000,
      "net_income": 89058000,
      "opex": -22399000,
      "cogs": 290899000,
      "rd": 5942000,
      "sga": 55064000,
      "fcf": 83300000,
      "ocf": 83300000,
      "capex": null,
      "gross_margin": 0.2745226646981365,
      "op_margin": 0.330383863373369,
      "fcf_margin": 0.20774310681936076,
      "op_leverage_ratio": Infinity,
      "fcf_margin_change": 0.20274417603511183
    },
    {
      "date": "2021-09-30T00:00:00",
      "quarter_label": "2021-09 (Q3)",
      "revenue": 393066000,
      "gross_profit": 98721000,
      "operating_income": 40275000,
      "net_income": 21012000,
      "opex": 58446000,
      "cogs": 294345000,
      "rd": 5677000,
      "sga": 52872000,
      "fcf": 36200000,
      "ocf": 36200000,
      "capex": null,
      "gross_margin": 0.25115629436277875,
      "op_margin": 0.1024637083848514,
      "fcf_margin": 0.09209649270097134,
      "fcf_margin_change": -0.11564661411838942
    },
    {
      "date": "2021-12-31T00:00:00",
      "quarter_label": "2021-12 (Q4)",
      "revenue": 392681000,
      "gross_profit": 75282000,
      "operating_income": 12896000,
      "net_income": 1092000,
      "opex": 62386000,
      "cogs": 317399000,
      "rd": 5621000,
      "sga": 50111000,
      "fcf": 23900000,
      "ocf": 23900000,
      "capex": null,
      "gross_margin": 0.19171286616872218,
      "op_margin": 0.032840906486435555,
      "fcf_margin": 0.060863652685003856,
      "incr_op_margin_yoy": -0.16463390874020964,
      "rev_growth_yoy": 0.24387377570543442,
      "fcf_margin_change": -0.031232840015967482
    },
    {
      "date": "2022-03-31T00:00:00",
      "quarter_label": "2022-03 (Q1)",
      "revenue": 484500000,
      "gross_profit": 117900000,
      "operating_income": 54600000,
      "net_income": 32500000,
      "opex": 63300000,
      "cogs": 366600000,
      "rd": 5500000,
      "sga": 57500000,
      "fcf": -27800000,
      "ocf": -27800000,
      "capex": null,
      "gross_margin": 0.243343653250774,
      "op_margin": 0.11269349845201239,
      "fcf_margin": -0.05737874097007224,
      "incr_op_margin_yoy": 0.0944118048913786,
      "rev_growth_yoy": 0.34554553609366884,
      "rev_growth_yoy_accel": 0.10167176038823442,
      "op_leverage_ratio": 15.96002676812678,
      "fcf_margin_change": -0.1182423936550761
    },
    {
      "date": "2022-06-30T00:00:00",
      "quarter_label": "2022-06 (Q2)",
      "revenue": 541200000,
      "gross_profit": 119800000,
      "operating_income": 52900000,
      "net_income": 29700000,
      "opex": 66900000,
      "cogs": 421400000,
      "rd": 5900000,
      "sga": 59700000,
      "fcf": -23100000,
      "ocf": -23100000,
      "capex": null,
      "gross_margin": 0.221359940872136,
      "op_margin": 0.09774575018477458,
      "fcf_margin": -0.042682926829268296,
      "incr_op_margin_yoy": -0.5674920127795527,
      "rev_growth_yoy": 0.3497067156139021,
      "rev_growth_yoy_accel": 0.00416117952023326,
      "op_leverage_ratio": 2.0577399380804953,
      "fcf_margin_change": 0.014695814140803946
    },
    {
      "date": "2022-09-30T00:00:00",
      "quarter_label": "2022-09 (Q3)",
      "revenue": 543100000,
      "gross_profit": 114400000,
      "operating_income": 53600000,
      "net_income": 31800000,
      "opex": 60800000,
      "cogs": 428700000,
      "rd": 4500000,
      "sga": 56000000,
      "fcf": 34200000,
      "ocf": 34200000,
      "capex": null,
      "gross_margin": 0.21064260725464923,
      "op_margin": 0.09869269011231817,
      "fcf_margin": 0.06297182839256123,
      "incr_op_margin_yoy": 0.08881320234080275,
      "rev_growth_yoy": 0.3817018007154015,
      "rev_growth_yoy_accel": 0.0319950851014994,
      "fcf_margin_change": 0.10565475522182952
    },
    {
      "date": "2022-12-31T00:00:00",
      "quarter_label": "2022-12 (Q4)",
      "revenue": 462100000,
      "gross_profit": 96700000,
      "operating_income": 36000000,
      "net_income": 12200000,
      "opex": 60700000,
      "cogs": 365400000,
      "rd": 5800000,
      "sga": 53900000,
      "fcf": 97700000,
      "ocf": 97700000,
      "capex": null,
      "gross_margin": 0.20926206448820603,
      "op_margin": 0.07790521532135901,
      "fcf_margin": 0.21142609824713265,
      "incr_op_margin_yoy": 0.3328195450813178,
      "rev_growth_yoy": 0.17678217178829636,
      "rev_growth_yoy_accel": -0.20491962892710514,
      "fcf_margin_change": 0.14845426985457144
    },
    {
      "date": "2023-03-31T00:00:00",
      "quarter_label": "2023-03 (Q1)",
      "revenue": 500700000,
      "gross_profit": 136400000,
      "operating_income": 73500000,
      "net_income": 42300000,
      "opex": 62900000,
      "cogs": 364300000,
      "rd": 6200000,
      "sga": 57700000,
      "fcf": 108100000,
      "ocf": 108100000,
      "capex": null,
      "gross_margin": 0.27241861394048333,
      "op_margin": 0.14679448771719592,
      "fcf_margin": 0.2158977431595766,
      "incr_op_margin_yoy": 1.1666666666666667,
      "rev_growth_yoy": 0.03343653250773994,
      "rev_growth_yoy_accel": -0.14334563928055644,
      "op_leverage_ratio": 2.304715626291043,
      "fcf_margin_change": 0.004471644912443951
    },
    {
      "date": "2023-06-30T00:00:00",
      "quarter_label": "2023-06 (Q2)",
      "revenue": 458800000,
      "gross_profit": 117100000,
      "operating_income": 58900000,
      "net_income": 30100000,
      "opex": 58200000,
      "cogs": 341700000,
      "rd": 5900000,
      "sga": 55000000,
      "fcf": 98100000,
      "ocf": 98100000,
      "capex": null,
      "gross_margin": 0.25523103748910203,
      "op_margin": 0.12837837837837837,
      "fcf_margin": 0.21381865736704447,
      "incr_op_margin_yoy": -0.07281553398058252,
      "rev_growth_yoy": -0.15225424981522542,
      "rev_growth_yoy_accel": -0.18569078232296538,
      "fcf_margin_change": -0.0020790857925321315
    },
    {
      "date": "2023-09-30T00:00:00",
      "quarter_label": "2023-09 (Q3)",
      "revenue": 466200000,
      "gross_profit": 110200000,
      "operating_income": 45700000,
      "net_income": 26200000,
      "opex": 64500000,
      "cogs": 356000000,
      "rd": 6200000,
      "sga": 55600000,
      "fcf": 67500000,
      "ocf": 67500000,
      "capex": null,
      "gross_margin": 0.23637923637923638,
      "op_margin": 0.09802659802659802,
      "fcf_margin": 0.14478764478764478,
      "incr_op_margin_yoy": 0.10273081924577374,
      "rev_growth_yoy": -0.14159454980666544,
      "rev_growth_yoy_accel": 0.01065970000855998,
      "op_leverage_ratio": 0.1490015360983103,
      "fcf_margin_change": -0.0690310125793997
    },
    {
      "date": "2023-12-31T00:00:00",
      "quarter_label": "2023-12 (Q4)",
      "revenue": 468200000,
      "gross_profit": 87300000,
      "operating_income": 27200000,
      "net_income": 4900000,
      "opex": 60100000,
      "cogs": 380900000,
      "rd": 6200000,
      "sga": 53600000,
      "fcf": 72200000,
      "ocf": 72200000,
      "capex": null,
      "gross_margin": 0.18645877829987184,
      "op_margin": 0.05809483126868859,
      "fcf_margin": 0.15420760358821017,
      "incr_op_margin_yoy": -1.4426229508196722,
      "rev_growth_yoy": 0.0132006059294525,
      "rev_growth_yoy_accel": 0.15479515573611793,
      "fcf_margin_change": 0.009419958800565398
    },
    {
      "date": "2024-03-31T00:00:00",
      "quarter_label": "2024-03 (Q1)",
      "revenue": 502900000,
      "gross_profit": 122200000,
      "operating_income": 52800000,
      "net_income": 26700000,
      "opex": 69400000,
      "cogs": 380700000,
      "rd": 6600000,
      "sga": 61500000,
      "fcf": 32400000,
      "ocf": 32400000,
      "capex": null,
      "gross_margin": 0.24299065420560748,
      "op_margin": 0.10499105189898589,
      "fcf_margin": 0.06442632730165043,
      "incr_op_margin_yoy": -9.409090909090908,
      "rev_growth_yoy": 0.00439384861194328,
      "rev_growth_yoy_accel": -0.00880675731750922,
      "op_leverage_ratio": 0.47894935075075906,
      "fcf_margin_change": -0.08978127628655974
    },
    {
      "date": "2024-06-30T00:00:00",
      "quarter_label": "2024-06 (Q2)",
      "revenue": 477000000,
      "gross_profit": 109800000,
      "operating_income": 41600000,
      "net_income": 20500000,
      "opex": 68200000,
      "cogs": 367200000,
      "rd": 6500000,
      "sga": 60300000,
      "fcf": 29300000,
      "ocf": 29300000,
      "capex": null,
      "gross_margin": 0.23018867924528302,
      "op_margin": 0.08721174004192872,
      "fcf_margin": 0.06142557651991614,
      "incr_op_margin_yoy": -0.9505494505494505,
      "rev_growth_yoy": 0.03966870095902354,
      "rev_growth_yoy_accel": 0.03527485234708026,
      "fcf_margin_change": -0.003000750781734292
    },
    {
      "date": "2024-09-30T00:00:00",
      "quarter_label": "2024-09 (Q3)",
      "revenue": 463400000,
      "gross_profit": 107500000,
      "operating_income": -15300000,
      "net_income": -20200000,
      "opex": 122800000,
      "cogs": 355900000,
      "rd": 7000000,
      "sga": 57900000,
      "fcf": -30900000,
      "ocf": -30900000,
      "capex": null,
      "gross_margin": 0.23198100992662926,
      "op_margin": -0.0330168321104877,
      "fcf_margin": -0.06668105308588693,
      "incr_op_margin_yoy": 21.785714285714285,
      "rev_growth_yoy": -0.006006006006006006,
      "rev_growth_yoy_accel": -0.04567470696502955,
      "fcf_margin_change": -0.12810662960580307
    },
    {
      "date": "2024-12-31T00:00:00",
      "quarter_label": "2024-12 (Q4)",
      "revenue": 434200000,
      "gross_profit": 89300000,
      "operating_income": 23600000,
      "net_income": 17200000,
      "opex": 65700000,
      "cogs": 344900000,
      "rd": 7000000,
      "sga": 58100000,
      "fcf": 94500000,
      "ocf": 94500000,
      "capex": null,
      "gross_margin": 0.2056655918931368,
      "op_margin": 0.05435283279594657,
      "fcf_margin": 0.21764163979732842,
      "incr_op_margin_yoy": 0.10588235294117647,
      "rev_growth_yoy": -0.07261853908586074,
      "rev_growth_yoy_accel": -0.06661253307985474,
      "fcf_margin_change": 0.2843226928832153
    },
    {
      "date": "2025-03-31T00:00:00",
      "quarter_label": "2025-03 (Q1)",
      "revenue": 477700000,
      "gross_profit": 98100000,
      "operating_income": 31200000,
      "net_income": 9100000,
      "opex": 66900000,
      "cogs": 379600000,
      "rd": 6600000,
      "sga": 58400000,
      "fcf": 400000,
      "ocf": 400000,
      "capex": null,
      "gross_margin": 0.205359011932175,
      "op_margin": 0.06531295792338287,
      "fcf_margin": 0.0008373456144023446,
      "incr_op_margin_yoy": 0.8571428571428571,
      "rev_growth_yoy": -0.05010936567906144,
      "rev_growth_yoy_accel": 0.022509173406799303,
      "op_leverage_ratio": 5.485087517273146,
      "fcf_margin_change": -0.21680429418292607
    },
    {
      "date": "2025-06-30T00:00:00",
      "quarter_label": "2025-06 (Q2)",
      "revenue": 466400000,
      "gross_profit": 98400000,
      "operating_income": 32100000,
      "net_income": 9000000,
      "opex": 66300000,
      "cogs": 368000000,
      "rd": 6500000,
      "sga": 57700000,
      "fcf": 53700000,
      "ocf": 53700000,
      "capex": null,
      "gross_margin": 0.2109777015437393,
      "op_margin": 0.06882504288164666,
      "fcf_margin": 0.11513722126929674,
      "incr_op_margin_yoy": 0.8962264150943396,
      "rev_growth_yoy": -0.022222222222222223,
      "rev_growth_yoy_accel": 0.02788714345683922,
      "fcf_margin_change": 0.1142998756548944
    },
    {
      "date": "2025-09-30T00:00:00",
      "quarter_label": "2025-09 (Q3)",
      "revenue": 450900000,
      "gross_profit": 85600000,
      "operating_income": -53700000,
      "net_income": -67100000,
      "opex": 139300000,
      "cogs": 365300000,
      "rd": 6900000,
      "sga": 57500000,
      "fcf": 68800000,
      "ocf": 68800000,
      "capex": null,
      "gross_margin": 0.18984253714792637,
      "op_margin": -0.11909514304723885,
      "fcf_margin": 0.15258372144599688,
      "incr_op_margin_yoy": 3.072,
      "rev_growth_yoy": -0.026974536037980147,
      "rev_growth_yoy_accel": -0.004752313815757924,
      "fcf_margin_change": 0.03744650017670015
    }
  ],
  "signals": [
    {
      "quarter": "2025-06 (Q2)",
      "signal": "FCF MARGIN EXPANSION",
      "detail": "FCF margin: +0.1% -> +11.5% (+11.4%)",
      "severity": "MEDIUM"
    },
    {
      "quarter": "2025-06 (Q2)",
      "signal": "INCREMENTAL MARGIN (YoY)",
      "detail": "YoY Incr OPM: +89.6% vs year-ago OPM: +8.7%",
      "severity": "HIGH"
    },
    {
      "quarter": "2025-03 (Q1)",
      "signal": "OPERATING LEVERAGE",
      "detail": "Rev growth +10.0% vs OpEx growth +1.8% (leverage: 5.5x)",
      "severity": "MEDIUM"
    },
    {
      "quarter": "2025-03 (Q1)",
      "signal": "INCREMENTAL MARGIN (YoY)",
      "detail": "YoY Incr OPM: +85.7% vs year-ago OPM: +10.5%",
      "severity": "HIGH"
    },
    {
      "quarter": "2024-12 (Q4)",
      "signal": "FCF TURNED POSITIVE",
      "detail": "FCF margin: -6.7% -> +21.8%",
      "severity": "HIGH"
    },
    {
      "quarter": "2024-12 (Q4)",
      "signal": "YoY REVENUE GROWTH DECELERATION",
      "detail": "YoY growth: -7.3% vs prior quarter YoY: -0.6% (decel: -6.7%)",
      "severity": "WARNING"
    },
    {
      "quarter": "2024-12 (Q4)",
      "signal": "OP MARGIN TURNED POSITIVE (QoQ)",
      "detail": "Op margin: -3.3% -> +5.4%",
      "severity": "HIGH"
    },
    {
      "quarter": "2024-03 (Q1)",
      "signal": "GROSS MARGIN INFLECTION",
      "detail": "GM: +23.6% -> +18.6% -> +24.3% (reversal +5.7%)",
      "severity": "HIGH"
    },
    {
      "quarter": "2023-12 (Q4)",
      "signal": "YoY REVENUE GROWTH ACCELERATION",
      "detail": "YoY growth: +1.3% vs prior quarter YoY: -14.2% (accel: +15.5%)",
      "severity": "HIGH"
    },
    {
      "quarter": "2023-06 (Q2)",
      "signal": "YoY REVENUE GROWTH DECELERATION",
      "detail": "YoY growth: -15.2% vs prior quarter YoY: +3.3% (decel: -18.6%)",
      "severity": "WARNING"
    },
    {
      "quarter": "2023-03 (Q1)",
      "signal": "OPERATING LEVERAGE",
      "detail": "Rev growth +8.4% vs OpEx growth +3.6% (leverage: 2.3x)",
      "severity": "MEDIUM"
    },
    {
      "quarter": "2023-03 (Q1)",
      "signal": "GROSS MARGIN INFLECTION",
      "detail": "GM: +21.1% -> +20.9% -> +27.2% (reversal +6.3%)",
      "severity": "HIGH"
    },
    {
      "quarter": "2023-03 (Q1)",
      "signal": "YoY REVENUE GROWTH DECELERATION",
      "detail": "YoY growth: +3.3% vs prior quarter YoY: +17.7% (decel: -14.3%)",
      "severity": "WARNING"
    },
    {
      "quarter": "2023-03 (Q1)",
      "signal": "INCREMENTAL MARGIN (YoY)",
      "detail": "YoY Incr OPM: +116.7% vs year-ago OPM: +11.3%",
      "severity": "HIGH"
    },
    {
      "quarter": "2022-12 (Q4)",
      "signal": "FCF MARGIN EXPANSION",
      "detail": "FCF margin: +6.3% -> +21.1% (+14.8%)",
      "severity": "MEDIUM"
    },
    {
      "quarter": "2022-12 (Q4)",
      "signal": "YoY REVENUE GROWTH DECELERATION",
      "detail": "YoY growth: +17.7% vs prior quarter YoY: +38.2% (decel: -20.5%)",
      "severity": "WARNING"
    },
    {
      "quarter": "2022-12 (Q4)",
      "signal": "INCREMENTAL MARGIN (YoY)",
      "detail": "YoY Incr OPM: +33.3% vs year-ago OPM: +3.3%",
      "severity": "HIGH"
    },
    {
      "quarter": "2022-09 (Q3)",
      "signal": "FCF TURNED POSITIVE",
      "detail": "FCF margin: -4.3% -> +6.3%",
      "severity": "HIGH"
    },
    {
      "quarter": "2022-06 (Q2)",
      "signal": "OPERATING LEVERAGE",
      "detail": "Rev growth +11.7% vs OpEx growth +5.7% (leverage: 2.1x)",
      "severity": "MEDIUM"
    },
    {
      "quarter": "2022-03 (Q1)",
      "signal": "OPERATING LEVERAGE",
      "detail": "Rev growth +23.4% vs OpEx growth +1.5% (leverage: 16.0x)",
      "severity": "MEDIUM"
    },
    {
      "quarter": "2022-03 (Q1)",
      "signal": "GROSS MARGIN INFLECTION",
      "detail": "GM: +25.1% -> +19.2% -> +24.3% (reversal +5.2%)",
      "severity": "HIGH"
    },
    {
      "quarter": "2022-03 (Q1)",
      "signal": "YoY REVENUE GROWTH ACCELERATION",
      "detail": "YoY growth: +34.6% vs prior quarter YoY: +24.4% (accel: +10.2%)",
      "severity": "MEDIUM"
    },
    {
      "quarter": "2021-06 (Q2)",
      "signal": "FCF MARGIN EXPANSION",
      "detail": "FCF margin: +0.5% -> +20.8% (+20.3%)",
      "severity": "MEDIUM"
    }
  ],
  "data_quality": {
    "n_quarters": 20,
    "coverage": {
      "revenue": [
        20,
        20
      ],
      "gross_profit": [
        20,
        20
      ],
      "op_income": [
        20,
        20
      ],
      "fcf": [
        20,
        20
      ]
    },
    "gaps": [],
    "warnings": []
  },
  "market_cap": null,
  "source": "SEC EDGAR",
  "last_updated": "2026-02-02T22:38:28.459030",
  "sector": "Basic Materials",
  "industry": "Specialty Chemicals"
}