{
  "ticker": "OESX",
  "name": "ORION ENERGY SYSTEMS, INC.",
  "quarters": [
    {
      "date": "2020-12-31T00:00:00",
      "quarter_label": "2020-12 (Q4)",
      "revenue": 44251000,
      "gross_profit": 11006000,
      "operating_income": 4465000,
      "net_income": 4315000,
      "opex": 6541000,
      "cogs": 33245000,
      "rd": 391000,
      "sga": null,
      "fcf": 8233000,
      "ocf": 8494000,
      "capex": -261000,
      "gross_margin": 0.24871754310637048,
      "op_margin": 0.1009016745384285,
      "fcf_margin": 0.186052292603557
    },
    {
      "date": "2021-03-31T00:00:00",
      "quarter_label": "2021-03 (Q1)",
      "revenue": 35497000,
      "gross_profit": 9220000,
      "operating_income": 2547000,
      "net_income": 22124000,
      "opex": 6673000,
      "cogs": 26277000,
      "rd": 455000,
      "sga": null,
      "fcf": 7129000,
      "ocf": 7373000,
      "capex": -244000,
      "gross_margin": 0.2597402597402597,
      "op_margin": 0.0717525424683776,
      "fcf_margin": 0.20083387328506636,
      "fcf_margin_change": 0.014781580681509365
    },
    {
      "date": "2021-06-30T00:00:00",
      "quarter_label": "2021-06 (Q2)",
      "revenue": 35101000,
      "gross_profit": 10230000,
      "operating_income": 3418000,
      "net_income": 2510000,
      "opex": 6812000,
      "cogs": 24871000,
      "rd": 456000,
      "sga": null,
      "fcf": -3118000,
      "ocf": -2966000,
      "capex": -152000,
      "gross_margin": 0.29144468818552177,
      "op_margin": 0.09737614312982536,
      "fcf_margin": -0.08882937808039656,
      "fcf_margin_change": -0.2896632513654629
    },
    {
      "date": "2021-09-30T00:00:00",
      "quarter_label": "2021-09 (Q3)",
      "revenue": 36510000,
      "gross_profit": 10788000,
      "operating_income": 5031000,
      "net_income": 3659000,
      "opex": 5757000,
      "cogs": 25722000,
      "rd": 317000,
      "sga": null,
      "fcf": -1150000,
      "ocf": -990000,
      "capex": -160000,
      "gross_margin": 0.295480690221857,
      "op_margin": 0.13779786359901397,
      "fcf_margin": -0.03149821966584498,
      "op_leverage_ratio": Infinity,
      "fcf_margin_change": 0.05733115841455159
    },
    {
      "date": "2021-12-31T00:00:00",
      "quarter_label": "2021-12 (Q4)",
      "revenue": 30714000,
      "gross_profit": 7641000,
      "operating_income": 1332000,
      "net_income": 1102000,
      "opex": 6309000,
      "cogs": 23073000,
      "rd": 396000,
      "sga": null,
      "fcf": 1488000,
      "ocf": 1641000,
      "capex": -153000,
      "gross_margin": 0.24877905840984568,
      "op_margin": 0.04336784528228169,
      "fcf_margin": 0.0484469622973237,
      "incr_op_margin_yoy": 0.23143975770111547,
      "rev_growth_yoy": -0.3059139906442792,
      "fcf_margin_change": 0.07994518196316867
    },
    {
      "date": "2022-03-31T00:00:00",
      "quarter_label": "2022-03 (Q1)",
      "revenue": 22058000,
      "gross_profit": 5253000,
      "operating_income": -1390000,
      "net_income": -1180000,
      "opex": 6643000,
      "cogs": 16805000,
      "rd": 532000,
      "sga": null,
      "fcf": 2149000,
      "ocf": 2202000,
      "capex": -53000,
      "gross_margin": 0.2381448907425877,
      "op_margin": -0.06301568591894098,
      "fcf_margin": 0.0974249705322332,
      "incr_op_margin_yoy": 0.2929533447429124,
      "rev_growth_yoy": -0.3785953742569795,
      "rev_growth_yoy_accel": -0.07268138361270027,
      "fcf_margin_change": 0.048978008234909505
    },
    {
      "date": "2022-06-30T00:00:00",
      "quarter_label": "2022-06 (Q2)",
      "revenue": 17906000,
      "gross_profit": 3554000,
      "operating_income": -3617000,
      "net_income": -2835000,
      "opex": 7171000,
      "cogs": 14352000,
      "rd": 514000,
      "sga": null,
      "fcf": -5144000,
      "ocf": -5005000,
      "capex": -139000,
      "gross_margin": 0.1984809561040992,
      "op_margin": -0.20199932983357533,
      "fcf_margin": -0.2872780073718307,
      "incr_op_margin_yoy": 0.40913056120965396,
      "rev_growth_yoy": -0.4898720834164269,
      "rev_growth_yoy_accel": -0.11127670915944743,
      "fcf_margin_change": -0.3847029779040639
    },
    {
      "date": "2022-09-30T00:00:00",
      "quarter_label": "2022-09 (Q3)",
      "revenue": 17560000,
      "gross_profit": 4435000,
      "operating_income": -2943000,
      "net_income": -2331000,
      "opex": 7378000,
      "cogs": 13125000,
      "rd": 451000,
      "sga": null,
      "fcf": -1893000,
      "ocf": -1590000,
      "capex": -303000,
      "gross_margin": 0.2525626423690205,
      "op_margin": -0.16759681093394077,
      "fcf_margin": -0.10780182232346242,
      "incr_op_margin_yoy": 0.4207915567282322,
      "rev_growth_yoy": -0.5190358805806629,
      "rev_growth_yoy_accel": -0.02916379716423595,
      "fcf_margin_change": 0.17947618504836826
    },
    {
      "date": "2022-12-31T00:00:00",
      "quarter_label": "2022-12 (Q4)",
      "revenue": 20288000,
      "gross_profit": 4781000,
      "operating_income": -4588000,
      "net_income": -24059000,
      "opex": 9369000,
      "cogs": 15507000,
      "rd": 409000,
      "sga": null,
      "fcf": 1216000,
      "ocf": 1347000,
      "capex": -131000,
      "gross_margin": 0.2356565457413249,
      "op_margin": -0.2261435331230284,
      "fcf_margin": 0.05993690851735016,
      "incr_op_margin_yoy": 0.5678112411279493,
      "rev_growth_yoy": -0.33945432050530705,
      "rev_growth_yoy_accel": 0.1795815600753558,
      "op_leverage_ratio": 0.5756880907134496,
      "fcf_margin_change": 0.1677387308408126
    },
    {
      "date": "2023-03-31T00:00:00",
      "quarter_label": "2023-03 (Q1)",
      "revenue": 21629000,
      "gross_profit": 4741000,
      "operating_income": -4837000,
      "net_income": -5116000,
      "opex": 9578000,
      "cogs": 16888000,
      "rd": 478000,
      "sga": null,
      "fcf": 2944000,
      "ocf": 2957000,
      "capex": -13000,
      "gross_margin": 0.2191964492117065,
      "op_margin": -0.22363493457857506,
      "fcf_margin": 0.13611355125063573,
      "rev_growth_yoy": -0.01944872608577387,
      "rev_growth_yoy_accel": 0.3200055944195332,
      "op_leverage_ratio": 2.9630330418999895,
      "fcf_margin_change": 0.07617664273328557
    },
    {
      "date": "2023-06-30T00:00:00",
      "quarter_label": "2023-06 (Q2)",
      "revenue": 17613000,
      "gross_profit": 3171000,
      "operating_income": -6397000,
      "net_income": -6637000,
      "opex": 9568000,
      "cogs": 14442000,
      "rd": 480000,
      "sga": null,
      "fcf": -7835000,
      "ocf": -7327000,
      "capex": -508000,
      "gross_margin": 0.18003747232158065,
      "op_margin": -0.36319763810821554,
      "fcf_margin": -0.4448418781581786,
      "rev_growth_yoy": -0.016363230202166873,
      "rev_growth_yoy_accel": 0.003085495883606997,
      "fcf_margin_change": -0.5809554294088144
    },
    {
      "date": "2023-09-30T00:00:00",
      "quarter_label": "2023-09 (Q3)",
      "revenue": 20586000,
      "gross_profit": 4569000,
      "operating_income": -4168000,
      "net_income": -4388000,
      "opex": 8737000,
      "cogs": 16017000,
      "rd": 382000,
      "sga": null,
      "fcf": -4227000,
      "ocf": -3988000,
      "capex": -239000,
      "gross_margin": 0.22194695424074615,
      "op_margin": -0.20246769649276208,
      "fcf_margin": -0.20533372194695423,
      "incr_op_margin_yoy": -0.4048248512888301,
      "rev_growth_yoy": 0.17232346241457858,
      "rev_growth_yoy_accel": 0.18868669261674545,
      "op_leverage_ratio": Infinity,
      "fcf_margin_change": 0.23950815621122437
    },
    {
      "date": "2023-12-31T00:00:00",
      "quarter_label": "2023-12 (Q4)",
      "revenue": 25971000,
      "gross_profit": 6367000,
      "operating_income": -2062000,
      "net_income": -2256000,
      "opex": 8429000,
      "cogs": 19604000,
      "rd": 349000,
      "sga": null,
      "fcf": 927000,
      "ocf": 1048000,
      "capex": -121000,
      "gross_margin": 0.2451580609140965,
      "op_margin": -0.07939624966308576,
      "fcf_margin": 0.035693658311193255,
      "incr_op_margin_yoy": 0.4444835474221362,
      "rev_growth_yoy": 0.28011632492113564,
      "rev_growth_yoy_accel": 0.10779286250655706,
      "op_leverage_ratio": Infinity,
      "fcf_margin_change": 0.2410273802581475
    },
    {
      "date": "2024-03-31T00:00:00",
      "quarter_label": "2024-03 (Q1)",
      "revenue": 26411000,
      "gross_profit": 6804000,
      "operating_income": 1803000,
      "net_income": 1610000,
      "opex": 5001000,
      "cogs": 19607000,
      "rd": 284000,
      "sga": null,
      "fcf": 206000,
      "ocf": 175000,
      "capex": 31000,
      "gross_margin": 0.25761993108931885,
      "op_margin": 0.06826700995797205,
      "fcf_margin": 0.007799780394532581,
      "incr_op_margin_yoy": 1.3885403596821413,
      "rev_growth_yoy": 0.22109205233713994,
      "rev_growth_yoy_accel": -0.0590242725839957,
      "op_leverage_ratio": Infinity,
      "fcf_margin_change": -0.027893877916660675
    },
    {
      "date": "2024-06-30T00:00:00",
      "quarter_label": "2024-06 (Q2)",
      "revenue": 19906000,
      "gross_profit": 4299000,
      "operating_income": -3432000,
      "net_income": -3758000,
      "opex": 7731000,
      "cogs": 15607000,
      "rd": 264000,
      "sga": null,
      "fcf": -2986000,
      "ocf": -2962000,
      "capex": -24000,
      "gross_margin": 0.2159650356676379,
      "op_margin": -0.17241032854415755,
      "fcf_margin": -0.15000502361097157,
      "incr_op_margin_yoy": 1.293065852594854,
      "rev_growth_yoy": 0.13018792937035145,
      "rev_growth_yoy_accel": -0.09090412296678849,
      "fcf_margin_change": -0.15780480400550415
    },
    {
      "date": "2024-09-30T00:00:00",
      "quarter_label": "2024-09 (Q3)",
      "revenue": 19361000,
      "gross_profit": 4472000,
      "operating_income": -3272000,
      "net_income": -3625000,
      "opex": 7744000,
      "cogs": 14889000,
      "rd": 328000,
      "sga": null,
      "fcf": 493000,
      "ocf": 498000,
      "capex": -5000,
      "gross_margin": 0.23097980476215071,
      "op_margin": -0.1689995351479779,
      "fcf_margin": 0.025463560766489333,
      "incr_op_margin_yoy": -0.7314285714285714,
      "rev_growth_yoy": -0.059506460701447585,
      "rev_growth_yoy_accel": -0.18969439007179903,
      "fcf_margin_change": 0.1754685843774609
    },
    {
      "date": "2024-12-31T00:00:00",
      "quarter_label": "2024-12 (Q4)",
      "revenue": 19584000,
      "gross_profit": 5754000,
      "operating_income": -1249000,
      "net_income": -1508000,
      "opex": 7003000,
      "cogs": 13830000,
      "rd": 287000,
      "sga": null,
      "fcf": 3743000,
      "ocf": 3762000,
      "capex": -19000,
      "gross_margin": 0.29381127450980393,
      "op_margin": -0.0637765522875817,
      "fcf_margin": 0.191125408496732,
      "incr_op_margin_yoy": -0.12728980742132456,
      "rev_growth_yoy": -0.24592815062954834,
      "rev_growth_yoy_accel": -0.18642168992810076,
      "op_leverage_ratio": Infinity,
      "fcf_margin_change": 0.16566184773024267
    },
    {
      "date": "2025-03-31T00:00:00",
      "quarter_label": "2025-03 (Q1)",
      "revenue": 20869000,
      "gross_profit": 5735000,
      "operating_income": -2643000,
      "net_income": -2911000,
      "opex": 8378000,
      "cogs": 15134000,
      "rd": 389000,
      "sga": null,
      "fcf": -750000,
      "ocf": -699000,
      "capex": -51000,
      "gross_margin": 0.27480952609133164,
      "op_margin": -0.12664718002779243,
      "fcf_margin": -0.035938473333652785,
      "incr_op_margin_yoy": 0.8022374594009383,
      "rev_growth_yoy": -0.2098368104199008,
      "rev_growth_yoy_accel": 0.03609134020964755,
      "op_leverage_ratio": 0.334182078134284,
      "fcf_margin_change": -0.22706388183038478
    },
    {
      "date": "2025-06-30T00:00:00",
      "quarter_label": "2025-06 (Q2)",
      "revenue": 19575000,
      "gross_profit": 5901000,
      "operating_income": -1013000,
      "net_income": -1244000,
      "opex": 6914000,
      "cogs": 13674000,
      "rd": 208000,
      "sga": null,
      "fcf": -570000,
      "ocf": -515000,
      "capex": -55000,
      "gross_margin": 0.301455938697318,
      "op_margin": -0.051749680715197956,
      "fcf_margin": -0.029118773946360154,
      "rev_growth_yoy": -0.01662815231588466,
      "rev_growth_yoy_accel": 0.19320865810401613,
      "fcf_margin_change": 0.0068196993872926305
    },
    {
      "date": "2025-09-30T00:00:00",
      "quarter_label": "2025-09 (Q3)",
      "revenue": 19919000,
      "gross_profit": 6177000,
      "operating_income": -242000,
      "net_income": -581000,
      "opex": 6419000,
      "cogs": 13742000,
      "rd": 231000,
      "sga": null,
      "fcf": 1564000,
      "ocf": 1819000,
      "capex": -255000,
      "gross_margin": 0.3101059290125006,
      "op_margin": -0.01214920427732316,
      "fcf_margin": 0.07851799789146041,
      "rev_growth_yoy": 0.028820825370590362,
      "rev_growth_yoy_accel": 0.04544897768647502,
      "op_leverage_ratio": Infinity,
      "fcf_margin_change": 0.10763677183782057
    }
  ],
  "signals": [
    {
      "quarter": "2025-09 (Q3)",
      "signal": "FCF TURNED POSITIVE",
      "detail": "FCF margin: -2.9% -> +7.9%",
      "severity": "HIGH"
    },
    {
      "quarter": "2025-06 (Q2)",
      "signal": "GROSS MARGIN INFLECTION",
      "detail": "GM: +29.4% -> +27.5% -> +30.1% (reversal +2.7%)",
      "severity": "MEDIUM"
    },
    {
      "quarter": "2025-06 (Q2)",
      "signal": "YoY REVENUE GROWTH ACCELERATION",
      "detail": "YoY growth: -1.7% vs prior quarter YoY: -21.0% (accel: +19.3%)",
      "severity": "HIGH"
    },
    {
      "quarter": "2024-12 (Q4)",
      "signal": "FCF MARGIN EXPANSION",
      "detail": "FCF margin: +2.5% -> +19.1% (+16.6%)",
      "severity": "MEDIUM"
    },
    {
      "quarter": "2024-12 (Q4)",
      "signal": "YoY REVENUE GROWTH DECELERATION",
      "detail": "YoY growth: -24.6% vs prior quarter YoY: -6.0% (decel: -18.6%)",
      "severity": "WARNING"
    },
    {
      "quarter": "2024-09 (Q3)",
      "signal": "FCF TURNED POSITIVE",
      "detail": "FCF margin: -15.0% -> +2.5%",
      "severity": "HIGH"
    },
    {
      "quarter": "2024-09 (Q3)",
      "signal": "YoY REVENUE GROWTH DECELERATION",
      "detail": "YoY growth: -6.0% vs prior quarter YoY: +13.0% (decel: -19.0%)",
      "severity": "WARNING"
    },
    {
      "quarter": "2024-06 (Q2)",
      "signal": "YoY REVENUE GROWTH DECELERATION",
      "detail": "YoY growth: +13.0% vs prior quarter YoY: +22.1% (decel: -9.1%)",
      "severity": "WARNING"
    },
    {
      "quarter": "2024-03 (Q1)",
      "signal": "YoY REVENUE GROWTH DECELERATION",
      "detail": "YoY growth: +22.1% vs prior quarter YoY: +28.0% (decel: -5.9%)",
      "severity": "WARNING"
    },
    {
      "quarter": "2024-03 (Q1)",
      "signal": "OP MARGIN TURNED POSITIVE (YoY)",
      "detail": "Op margin: -22.4% (year-ago) -> +6.8%",
      "severity": "HIGH"
    },
    {
      "quarter": "2024-03 (Q1)",
      "signal": "OP MARGIN TURNED POSITIVE (QoQ)",
      "detail": "Op margin: -7.9% -> +6.8%",
      "severity": "HIGH"
    },
    {
      "quarter": "2023-12 (Q4)",
      "signal": "FCF TURNED POSITIVE",
      "detail": "FCF margin: -20.5% -> +3.6%",
      "severity": "HIGH"
    },
    {
      "quarter": "2023-12 (Q4)",
      "signal": "YoY REVENUE GROWTH ACCELERATION",
      "detail": "YoY growth: +28.0% vs prior quarter YoY: +17.2% (accel: +10.8%)",
      "severity": "MEDIUM"
    },
    {
      "quarter": "2023-09 (Q3)",
      "signal": "FCF MARGIN EXPANSION",
      "detail": "FCF margin: -44.5% -> -20.5% (+24.0%)",
      "severity": "MEDIUM"
    },
    {
      "quarter": "2023-09 (Q3)",
      "signal": "GROSS MARGIN INFLECTION",
      "detail": "GM: +21.9% -> +18.0% -> +22.2% (reversal +4.2%)",
      "severity": "MEDIUM"
    },
    {
      "quarter": "2023-09 (Q3)",
      "signal": "YoY REVENUE GROWTH ACCELERATION",
      "detail": "YoY growth: +17.2% vs prior quarter YoY: -1.6% (accel: +18.9%)",
      "severity": "HIGH"
    },
    {
      "quarter": "2023-03 (Q1)",
      "signal": "FCF MARGIN EXPANSION",
      "detail": "FCF margin: +6.0% -> +13.6% (+7.6%)",
      "severity": "MEDIUM"
    },
    {
      "quarter": "2023-03 (Q1)",
      "signal": "OPERATING LEVERAGE",
      "detail": "Rev growth +6.6% vs OpEx growth +2.2% (leverage: 3.0x)",
      "severity": "MEDIUM"
    },
    {
      "quarter": "2023-03 (Q1)",
      "signal": "YoY REVENUE GROWTH ACCELERATION",
      "detail": "YoY growth: -1.9% vs prior quarter YoY: -33.9% (accel: +32.0%)",
      "severity": "HIGH"
    },
    {
      "quarter": "2022-12 (Q4)",
      "signal": "FCF TURNED POSITIVE",
      "detail": "FCF margin: -10.8% -> +6.0%",
      "severity": "HIGH"
    },
    {
      "quarter": "2022-12 (Q4)",
      "signal": "YoY REVENUE GROWTH ACCELERATION",
      "detail": "YoY growth: -33.9% vs prior quarter YoY: -51.9% (accel: +18.0%)",
      "severity": "HIGH"
    },
    {
      "quarter": "2022-09 (Q3)",
      "signal": "FCF MARGIN EXPANSION",
      "detail": "FCF margin: -28.7% -> -10.8% (+17.9%)",
      "severity": "MEDIUM"
    },
    {
      "quarter": "2022-09 (Q3)",
      "signal": "GROSS MARGIN INFLECTION",
      "detail": "GM: +23.8% -> +19.8% -> +25.3% (reversal +5.4%)",
      "severity": "HIGH"
    },
    {
      "quarter": "2022-06 (Q2)",
      "signal": "YoY REVENUE GROWTH DECELERATION",
      "detail": "YoY growth: -49.0% vs prior quarter YoY: -37.9% (decel: -11.1%)",
      "severity": "WARNING"
    },
    {
      "quarter": "2022-03 (Q1)",
      "signal": "YoY REVENUE GROWTH DECELERATION",
      "detail": "YoY growth: -37.9% vs prior quarter YoY: -30.6% (decel: -7.3%)",
      "severity": "WARNING"
    },
    {
      "quarter": "2021-12 (Q4)",
      "signal": "FCF TURNED POSITIVE",
      "detail": "FCF margin: -3.1% -> +4.8%",
      "severity": "HIGH"
    },
    {
      "quarter": "2021-12 (Q4)",
      "signal": "INCREMENTAL MARGIN (YoY)",
      "detail": "YoY Incr OPM: +23.1% vs year-ago OPM: +10.1%",
      "severity": "MEDIUM"
    },
    {
      "quarter": "2021-09 (Q3)",
      "signal": "FCF MARGIN EXPANSION",
      "detail": "FCF margin: -8.9% -> -3.1% (+5.7%)",
      "severity": "MEDIUM"
    }
  ],
  "data_quality": {
    "n_quarters": 20,
    "coverage": {
      "revenue": [
        20,
        20
      ],
      "gross_profit": [
        20,
        20
      ],
      "op_income": [
        20,
        20
      ],
      "fcf": [
        20,
        20
      ]
    },
    "gaps": [],
    "warnings": []
  },
  "market_cap": null,
  "source": "SEC EDGAR",
  "last_updated": "2026-02-02T23:35:02.082255",
  "sector": "Industrials",
  "industry": "Electrical Equipment & Parts"
}