{
  "ticker": "OFIX",
  "name": "ORTHOFIX MEDICAL INC.",
  "quarters": [
    {
      "date": "2020-12-31T00:00:00",
      "quarter_label": "2020-12 (Q4)",
      "revenue": 117619000,
      "gross_profit": 88548000,
      "operating_income": 3705000,
      "net_income": -9378000,
      "opex": 84843000,
      "cogs": 29071000,
      "rd": 10365000,
      "sga": null,
      "fcf": 18431000,
      "ocf": 22291000,
      "capex": -3860000,
      "gross_margin": 0.7528375517560938,
      "op_margin": 0.0315000127530416,
      "fcf_margin": 0.15670087315824824
    },
    {
      "date": "2021-03-31T00:00:00",
      "quarter_label": "2021-03 (Q1)",
      "revenue": 105593000,
      "gross_profit": 79679000,
      "operating_income": -2916000,
      "net_income": -5816000,
      "opex": 82595000,
      "cogs": 25914000,
      "rd": 10897000,
      "sga": null,
      "fcf": -1924000,
      "ocf": 2441000,
      "capex": -4365000,
      "gross_margin": 0.754586004754103,
      "op_margin": -0.02761546693436118,
      "fcf_margin": -0.018220904794825413,
      "fcf_margin_change": -0.17492177795307365
    },
    {
      "date": "2021-06-30T00:00:00",
      "quarter_label": "2021-06 (Q2)",
      "revenue": 121394000,
      "gross_profit": 93955000,
      "operating_income": 4267000,
      "net_income": 2420000,
      "opex": 89688000,
      "cogs": 27439000,
      "rd": 13121000,
      "sga": null,
      "fcf": -6847000,
      "ocf": -2177000,
      "capex": -4670000,
      "gross_margin": 0.7739674118984464,
      "op_margin": 0.03515000741387548,
      "fcf_margin": -0.0564031171227573,
      "op_leverage_ratio": 1.7425018263286935,
      "fcf_margin_change": -0.03818221232793188
    },
    {
      "date": "2021-09-30T00:00:00",
      "quarter_label": "2021-09 (Q3)",
      "revenue": 112428000,
      "gross_profit": 84121000,
      "operating_income": -313000,
      "net_income": -2171000,
      "opex": 84434000,
      "cogs": 28307000,
      "rd": 12360000,
      "sga": null,
      "fcf": 3907000,
      "ocf": 6432000,
      "capex": -2525000,
      "gross_margin": 0.7482210837158003,
      "op_margin": -0.0027840039847724764,
      "fcf_margin": 0.034751129611840466,
      "fcf_margin_change": 0.09115424673459777
    },
    {
      "date": "2021-12-31T00:00:00",
      "quarter_label": "2021-12 (Q4)",
      "revenue": 125064000,
      "gross_profit": 91810000,
      "operating_income": -9353000,
      "net_income": -32812000,
      "opex": 101163000,
      "cogs": 33254000,
      "rd": 13243000,
      "sga": null,
      "fcf": 5554000,
      "ocf": 11779000,
      "capex": -6225000,
      "gross_margin": 0.7341041386809953,
      "op_margin": -0.07478570971662508,
      "fcf_margin": 0.044409262457621695,
      "incr_op_margin_yoy": -1.75392881128274,
      "rev_growth_yoy": 0.06329759647675971,
      "op_leverage_ratio": 0.5672604631588521,
      "fcf_margin_change": 0.00965813284578123
    },
    {
      "date": "2022-03-31T00:00:00",
      "quarter_label": "2022-03 (Q1)",
      "revenue": 106418000,
      "gross_profit": 78100000,
      "operating_income": -3078000,
      "net_income": -4460000,
      "opex": 81178000,
      "cogs": 28318000,
      "rd": 11212000,
      "sga": null,
      "fcf": -13038000,
      "ocf": -7709000,
      "capex": -5329000,
      "gross_margin": 0.7338984006465071,
      "op_margin": -0.02892367832509538,
      "fcf_margin": -0.12251686744723637,
      "rev_growth_yoy": 0.007813017908384078,
      "rev_growth_yoy_accel": -0.05548457856837563,
      "fcf_margin_change": -0.16692612990485806
    },
    {
      "date": "2022-06-30T00:00:00",
      "quarter_label": "2022-06 (Q2)",
      "revenue": 118070000,
      "gross_profit": 86470000,
      "operating_income": 6641000,
      "net_income": 2489000,
      "opex": 79829000,
      "cogs": 31600000,
      "rd": 12758000,
      "sga": null,
      "fcf": -10616000,
      "ocf": -4913000,
      "capex": -5703000,
      "gross_margin": 0.7323621580418396,
      "op_margin": 0.056246294571017194,
      "fcf_margin": -0.08991276361480478,
      "incr_op_margin_yoy": -0.7141997593261131,
      "rev_growth_yoy": -0.027381913438884953,
      "rev_growth_yoy_accel": -0.03519493134726903,
      "op_leverage_ratio": Infinity,
      "fcf_margin_change": 0.03260410383243159
    },
    {
      "date": "2022-09-30T00:00:00",
      "quarter_label": "2022-09 (Q3)",
      "revenue": 113996000,
      "gross_profit": 83423000,
      "operating_income": -5787000,
      "net_income": -10716000,
      "opex": 89210000,
      "cogs": 30573000,
      "rd": 11943000,
      "sga": null,
      "fcf": -6391000,
      "ocf": -1264000,
      "capex": -5127000,
      "gross_margin": 0.731806379171199,
      "op_margin": -0.0507649391206709,
      "fcf_margin": -0.05606337064458402,
      "incr_op_margin_yoy": -3.4910714285714284,
      "rev_growth_yoy": 0.013946703668125377,
      "rev_growth_yoy_accel": 0.04132861710701033,
      "fcf_margin_change": 0.033849392970220764
    },
    {
      "date": "2022-12-31T00:00:00",
      "quarter_label": "2022-12 (Q4)",
      "revenue": 122229000,
      "gross_profit": 89176000,
      "operating_income": -11044000,
      "net_income": -7062000,
      "opex": 100220000,
      "cogs": 33053000,
      "rd": 13152000,
      "sga": null,
      "fcf": -2857000,
      "ocf": 2348000,
      "capex": -5205000,
      "gross_margin": 0.7295813595791506,
      "op_margin": -0.090354989405133,
      "fcf_margin": -0.0233741583421283,
      "incr_op_margin_yoy": 0.5964726631393298,
      "rev_growth_yoy": -0.02266839378238342,
      "rev_growth_yoy_accel": -0.036615097450508796,
      "op_leverage_ratio": 0.585187072070569,
      "fcf_margin_change": 0.03268921230245572
    },
    {
      "date": "2023-03-31T00:00:00",
      "quarter_label": "2023-03 (Q1)",
      "revenue": 175204000,
      "gross_profit": 110329000,
      "operating_income": -59714000,
      "net_income": -60938000,
      "opex": 170043000,
      "cogs": 64875000,
      "rd": 23307000,
      "sga": null,
      "fcf": -45492000,
      "ocf": -34020000,
      "capex": -11472000,
      "gross_margin": 0.629717358051186,
      "op_margin": -0.34082555192803815,
      "fcf_margin": -0.259651606127714,
      "incr_op_margin_yoy": -0.8233652196667927,
      "rev_growth_yoy": 0.6463756131481516,
      "rev_growth_yoy_accel": 0.669044006930535,
      "op_leverage_ratio": 0.6220891122902542,
      "fcf_margin_change": -0.23627744778558568
    },
    {
      "date": "2023-06-30T00:00:00",
      "quarter_label": "2023-06 (Q2)",
      "revenue": 187016000,
      "gross_profit": 119551000,
      "operating_income": -36632000,
      "net_income": -39426000,
      "opex": 11204000,
      "cogs": 67465000,
      "rd": 19424000,
      "sga": null,
      "fcf": -17867000,
      "ocf": -5516000,
      "capex": -12351000,
      "gross_margin": 0.6392554647730675,
      "op_margin": -0.1958762886597938,
      "fcf_margin": -0.09553728023270736,
      "incr_op_margin_yoy": -0.6276361210222493,
      "rev_growth_yoy": 0.5839417294825103,
      "rev_growth_yoy_accel": -0.06243388366564129,
      "op_leverage_ratio": Infinity,
      "fcf_margin_change": 0.16411432589500663
    },
    {
      "date": "2023-09-30T00:00:00",
      "quarter_label": "2023-09 (Q3)",
      "revenue": 184006000,
      "gross_profit": 119763000,
      "operating_income": -24449000,
      "net_income": -28857000,
      "opex": 9549000,
      "cogs": 64243000,
      "rd": 18559000,
      "sga": null,
      "fcf": -21395000,
      "ocf": 477000,
      "capex": -21872000,
      "gross_margin": 0.6508646457180745,
      "op_margin": -0.1328706672608502,
      "fcf_margin": -0.11627338238970468,
      "incr_op_margin_yoy": -0.26656191972575344,
      "rev_growth_yoy": 0.6141443559423138,
      "rev_growth_yoy_accel": 0.030202626459803428,
      "fcf_margin_change": -0.020736102156997324
    },
    {
      "date": "2023-12-31T00:00:00",
      "quarter_label": "2023-12 (Q4)",
      "revenue": 200415000,
      "gross_profit": 136630000,
      "operating_income": -18315000,
      "net_income": -22174000,
      "opex": 154945000,
      "cogs": 63785000,
      "rd": 18941000,
      "sga": null,
      "fcf": -21255000,
      "ocf": -6694000,
      "capex": -14561000,
      "gross_margin": 0.6817353990469776,
      "op_margin": -0.09138537534615672,
      "fcf_margin": -0.10605493600778385,
      "incr_op_margin_yoy": -0.09299618857595988,
      "rev_growth_yoy": 0.6396681638563679,
      "rev_growth_yoy_accel": 0.025523807914054175,
      "op_leverage_ratio": 0.005856734879863795,
      "fcf_margin_change": 0.010218446381920834
    },
    {
      "date": "2024-03-31T00:00:00",
      "quarter_label": "2024-03 (Q1)",
      "revenue": 188608000,
      "gross_profit": 127242000,
      "operating_income": -29337000,
      "net_income": -36020000,
      "opex": 156579000,
      "cogs": 61366000,
      "rd": 19492000,
      "sga": 131691000,
      "fcf": -29138000,
      "ocf": -18595000,
      "capex": -10543000,
      "gross_margin": 0.6746373430607397,
      "op_margin": -0.15554483372921615,
      "fcf_margin": -0.15448973532405835,
      "incr_op_margin_yoy": 2.266263801850194,
      "rev_growth_yoy": 0.07650510262322778,
      "rev_growth_yoy_accel": -0.5631630612331402,
      "fcf_margin_change": -0.04843479931627451
    },
    {
      "date": "2024-06-30T00:00:00",
      "quarter_label": "2024-06 (Q2)",
      "revenue": 198620000,
      "gross_profit": 134749000,
      "operating_income": -24906000,
      "net_income": -33443000,
      "opex": 11234000,
      "cogs": 63871000,
      "rd": 18049000,
      "sga": 134218000,
      "fcf": -360000,
      "ocf": 8984000,
      "capex": -9344000,
      "gross_margin": 0.678426140368543,
      "op_margin": -0.12539522706676065,
      "fcf_margin": -0.00181250629342463,
      "incr_op_margin_yoy": 1.0105136159944847,
      "rev_growth_yoy": 0.06204816700175386,
      "rev_growth_yoy_accel": -0.014456935621473918,
      "op_leverage_ratio": Infinity,
      "fcf_margin_change": 0.15267722903063372
    },
    {
      "date": "2024-09-30T00:00:00",
      "quarter_label": "2024-09 (Q3)",
      "revenue": 196606000,
      "gross_profit": 135053000,
      "operating_income": -18899000,
      "net_income": -27388000,
      "opex": 10886000,
      "cogs": 61553000,
      "rd": 17294000,
      "sga": 130137000,
      "fcf": 6349000,
      "ocf": 11671000,
      "capex": -5322000,
      "gross_margin": 0.6869220674852242,
      "op_margin": -0.09612626267763955,
      "fcf_margin": 0.03229301242078065,
      "incr_op_margin_yoy": 0.44047619047619047,
      "rev_growth_yoy": 0.06847602795561014,
      "rev_growth_yoy_accel": 0.006427860953856279,
      "fcf_margin_change": 0.03410551871420528
    },
    {
      "date": "2024-12-31T00:00:00",
      "quarter_label": "2024-12 (Q4)",
      "revenue": 215657000,
      "gross_profit": 148841000,
      "operating_income": -11477000,
      "net_income": -29146000,
      "opex": 160318000,
      "cogs": 66816000,
      "rd": 18808000,
      "sga": 136479000,
      "fcf": 23730000,
      "ocf": 23730000,
      "capex": null,
      "gross_margin": 0.6901746755264146,
      "op_margin": -0.05321876869287804,
      "fcf_margin": 0.11003584395591147,
      "incr_op_margin_yoy": 0.44862878887285135,
      "rev_growth_yoy": 0.0760521917022179,
      "rev_growth_yoy_accel": 0.007576163746607759,
      "op_leverage_ratio": 0.007059041424379178,
      "fcf_margin_change": 0.07774283153513081
    },
    {
      "date": "2025-03-31T00:00:00",
      "quarter_label": "2025-03 (Q1)",
      "revenue": 193646000,
      "gross_profit": 121619000,
      "operating_income": -48873000,
      "net_income": -53094000,
      "opex": 170492000,
      "cogs": 72027000,
      "rd": 19766000,
      "sga": 132981000,
      "fcf": -18391000,
      "ocf": -18391000,
      "capex": null,
      "gross_margin": 0.6280480877477459,
      "op_margin": -0.2523832147320368,
      "fcf_margin": -0.09497226898567489,
      "incr_op_margin_yoy": -3.8777292576419216,
      "rev_growth_yoy": 0.02671148625721072,
      "rev_growth_yoy_accel": -0.04934070544500718,
      "fcf_margin_change": -0.20500811294158636
    },
    {
      "date": "2025-06-30T00:00:00",
      "quarter_label": "2025-06 (Q2)",
      "revenue": 203121000,
      "gross_profit": 139533000,
      "operating_income": -16003000,
      "net_income": -14081000,
      "opex": 155536000,
      "cogs": 63588000,
      "rd": 15934000,
      "sga": 136493000,
      "fcf": 11639000,
      "ocf": 11639000,
      "capex": null,
      "gross_margin": 0.6869452198443292,
      "op_margin": -0.07878555146932124,
      "fcf_margin": 0.05730082069308442,
      "incr_op_margin_yoy": 1.9780048878027106,
      "rev_growth_yoy": 0.02266136340751183,
      "rev_growth_yoy_accel": -0.004050122849698891,
      "op_leverage_ratio": Infinity,
      "fcf_margin_change": 0.1522730896787593
    },
    {
      "date": "2025-09-30T00:00:00",
      "quarter_label": "2025-09 (Q3)",
      "revenue": 205634000,
      "gross_profit": 148523000,
      "operating_income": -17046000,
      "net_income": -22795000,
      "opex": 165569000,
      "cogs": 57111000,
      "rd": 14774000,
      "sga": 148102000,
      "fcf": 12402000,
      "ocf": 12402000,
      "capex": null,
      "gross_margin": 0.7222686909752278,
      "op_margin": -0.08289485201863506,
      "fcf_margin": 0.06031103805790871,
      "incr_op_margin_yoy": 0.20525033229951262,
      "rev_growth_yoy": 0.045919249666846386,
      "rev_growth_yoy_accel": 0.023257886259334556,
      "op_leverage_ratio": 0.19179521860970833,
      "fcf_margin_change": 0.0030102173648242914
    }
  ],
  "signals": [
    {
      "quarter": "2025-06 (Q2)",
      "signal": "FCF TURNED POSITIVE",
      "detail": "FCF margin: -9.5% -> +5.7%",
      "severity": "HIGH"
    },
    {
      "quarter": "2025-06 (Q2)",
      "signal": "GROSS MARGIN INFLECTION",
      "detail": "GM: +69.0% -> +62.8% -> +68.7% (reversal +5.9%)",
      "severity": "HIGH"
    },
    {
      "quarter": "2024-12 (Q4)",
      "signal": "FCF MARGIN EXPANSION",
      "detail": "FCF margin: +3.2% -> +11.0% (+7.8%)",
      "severity": "MEDIUM"
    },
    {
      "quarter": "2024-09 (Q3)",
      "signal": "FCF TURNED POSITIVE",
      "detail": "FCF margin: -0.2% -> +3.2%",
      "severity": "HIGH"
    },
    {
      "quarter": "2024-06 (Q2)",
      "signal": "FCF MARGIN EXPANSION",
      "detail": "FCF margin: -15.4% -> -0.2% (+15.3%)",
      "severity": "MEDIUM"
    },
    {
      "quarter": "2024-03 (Q1)",
      "signal": "YoY REVENUE GROWTH DECELERATION",
      "detail": "YoY growth: +7.7% vs prior quarter YoY: +64.0% (decel: -56.3%)",
      "severity": "WARNING"
    },
    {
      "quarter": "2023-06 (Q2)",
      "signal": "FCF MARGIN EXPANSION",
      "detail": "FCF margin: -26.0% -> -9.6% (+16.4%)",
      "severity": "MEDIUM"
    },
    {
      "quarter": "2023-06 (Q2)",
      "signal": "YoY REVENUE GROWTH DECELERATION",
      "detail": "YoY growth: +58.4% vs prior quarter YoY: +64.6% (decel: -6.2%)",
      "severity": "WARNING"
    },
    {
      "quarter": "2023-03 (Q1)",
      "signal": "YoY REVENUE GROWTH ACCELERATION",
      "detail": "YoY growth: +64.6% vs prior quarter YoY: -2.3% (accel: +66.9%)",
      "severity": "HIGH"
    },
    {
      "quarter": "2022-06 (Q2)",
      "signal": "OP MARGIN TURNED POSITIVE (QoQ)",
      "detail": "Op margin: -2.9% -> +5.6%",
      "severity": "HIGH"
    },
    {
      "quarter": "2022-03 (Q1)",
      "signal": "YoY REVENUE GROWTH DECELERATION",
      "detail": "YoY growth: +0.8% vs prior quarter YoY: +6.3% (decel: -5.5%)",
      "severity": "WARNING"
    },
    {
      "quarter": "2021-09 (Q3)",
      "signal": "FCF TURNED POSITIVE",
      "detail": "FCF margin: -5.6% -> +3.5%",
      "severity": "HIGH"
    },
    {
      "quarter": "2021-06 (Q2)",
      "signal": "OPERATING LEVERAGE",
      "detail": "Rev growth +15.0% vs OpEx growth +8.6% (leverage: 1.7x)",
      "severity": "MEDIUM"
    },
    {
      "quarter": "2021-06 (Q2)",
      "signal": "OP MARGIN TURNED POSITIVE (QoQ)",
      "detail": "Op margin: -2.8% -> +3.5%",
      "severity": "HIGH"
    }
  ],
  "data_quality": {
    "n_quarters": 20,
    "coverage": {
      "revenue": [
        20,
        20
      ],
      "gross_profit": [
        20,
        20
      ],
      "op_income": [
        20,
        20
      ],
      "fcf": [
        20,
        20
      ]
    },
    "gaps": [],
    "warnings": []
  },
  "market_cap": null,
  "source": "SEC EDGAR",
  "last_updated": "2026-02-02T22:22:47.545209",
  "sector": "Healthcare",
  "industry": "Medical Devices"
}