{
  "ticker": "OFLX",
  "name": "Omega Flex, Inc.",
  "quarters": [
    {
      "date": "2020-12-31T00:00:00",
      "quarter_label": "2020-12 (Q4)",
      "revenue": 31625000,
      "gross_profit": 20253000,
      "operating_income": 9543000,
      "net_income": 7178000,
      "opex": 10710000,
      "cogs": 11372000,
      "rd": null,
      "sga": null,
      "fcf": 7786000,
      "ocf": 7969000,
      "capex": -183000,
      "gross_margin": 0.6404110671936759,
      "op_margin": 0.30175494071146247,
      "fcf_margin": 0.24619762845849802
    },
    {
      "date": "2021-03-31T00:00:00",
      "quarter_label": "2021-03 (Q1)",
      "revenue": 30863000,
      "gross_profit": 19559000,
      "operating_income": 8319000,
      "net_income": 6267000,
      "opex": 11240000,
      "cogs": 11304000,
      "rd": null,
      "sga": null,
      "fcf": 1845000,
      "ocf": 2207000,
      "capex": -362000,
      "gross_margin": 0.6337361889641319,
      "op_margin": 0.2695460583870654,
      "fcf_margin": 0.059780319476395685,
      "fcf_margin_change": -0.18641730898210235
    },
    {
      "date": "2021-06-30T00:00:00",
      "quarter_label": "2021-06 (Q2)",
      "revenue": 31966000,
      "gross_profit": 19698000,
      "operating_income": 8419000,
      "net_income": 6184000,
      "opex": 11279000,
      "cogs": 12268000,
      "rd": null,
      "sga": null,
      "fcf": 8618000,
      "ocf": 8773000,
      "capex": -155000,
      "gross_margin": 0.6162172308077332,
      "op_margin": 0.26337358443346054,
      "fcf_margin": 0.26959894888318836,
      "op_leverage_ratio": 10.300043949397544,
      "fcf_margin_change": 0.2098186294067927
    },
    {
      "date": "2021-09-30T00:00:00",
      "quarter_label": "2021-09 (Q3)",
      "revenue": 31725000,
      "gross_profit": 20039000,
      "operating_income": 8326000,
      "net_income": 6148000,
      "opex": 11713000,
      "cogs": 11686000,
      "rd": null,
      "sga": null,
      "fcf": 1981000,
      "ocf": 2184000,
      "capex": -203000,
      "gross_margin": 0.6316469661150512,
      "op_margin": 0.2624428684003152,
      "fcf_margin": 0.06244286840031521,
      "fcf_margin_change": -0.20715608048287315
    },
    {
      "date": "2021-12-31T00:00:00",
      "quarter_label": "2021-12 (Q4)",
      "revenue": 35457000,
      "gross_profit": 22235000,
      "operating_income": 9998000,
      "net_income": 7596000,
      "opex": 12237000,
      "cogs": 13222000,
      "rd": null,
      "sga": null,
      "fcf": 11734000,
      "ocf": 11985000,
      "capex": -251000,
      "gross_margin": 0.6270976111910201,
      "op_margin": 0.2819753504244578,
      "fcf_margin": 0.33093606340073894,
      "incr_op_margin_yoy": 0.11873695198329853,
      "rev_growth_yoy": 0.1211699604743083,
      "op_leverage_ratio": 2.629522314258387,
      "fcf_margin_change": 0.26849319500042373
    },
    {
      "date": "2022-03-31T00:00:00",
      "quarter_label": "2022-03 (Q1)",
      "revenue": 31293000,
      "gross_profit": 19115000,
      "operating_income": 7366000,
      "net_income": 5451000,
      "opex": 11749000,
      "cogs": 12178000,
      "rd": null,
      "sga": null,
      "fcf": -3955000,
      "ocf": -3876000,
      "capex": -79000,
      "gross_margin": 0.6108394848688204,
      "op_margin": 0.23538810596619053,
      "fcf_margin": -0.12638609273639473,
      "rev_growth_yoy": 0.013932540582574603,
      "rev_growth_yoy_accel": -0.10723741989173369,
      "fcf_margin_change": -0.4573221561371337
    },
    {
      "date": "2022-06-30T00:00:00",
      "quarter_label": "2022-06 (Q2)",
      "revenue": 31748000,
      "gross_profit": 20793000,
      "operating_income": 7342000,
      "net_income": 5450000,
      "opex": 13451000,
      "cogs": 10955000,
      "rd": null,
      "sga": null,
      "fcf": 4324000,
      "ocf": 4749000,
      "capex": -425000,
      "gross_margin": 0.654938893788585,
      "op_margin": 0.2312586619629583,
      "fcf_margin": 0.1361975557515434,
      "rev_growth_yoy": -0.00681974598010386,
      "rev_growth_yoy_accel": -0.020752286562678465,
      "op_leverage_ratio": 0.10037037450099685,
      "fcf_margin_change": 0.26258364848793814
    },
    {
      "date": "2022-09-30T00:00:00",
      "quarter_label": "2022-09 (Q3)",
      "revenue": 31629000,
      "gross_profit": 19757000,
      "operating_income": 8641000,
      "net_income": 6540000,
      "opex": 11116000,
      "cogs": 11872000,
      "rd": null,
      "sga": null,
      "fcf": 3383000,
      "ocf": 3696000,
      "capex": -313000,
      "gross_margin": 0.6246482658319896,
      "op_margin": 0.2731986468114705,
      "fcf_margin": 0.10695880362958045,
      "rev_growth_yoy": -0.003026004728132388,
      "rev_growth_yoy_accel": 0.0037937412519714725,
      "fcf_margin_change": -0.02923875212196296
    },
    {
      "date": "2022-12-31T00:00:00",
      "quarter_label": "2022-12 (Q4)",
      "revenue": 30817000,
      "gross_profit": 18640000,
      "operating_income": 7667000,
      "net_income": 6181000,
      "opex": 10973000,
      "cogs": 12177000,
      "rd": null,
      "sga": null,
      "fcf": 10552000,
      "ocf": 10677000,
      "capex": -125000,
      "gross_margin": 0.6048609533698932,
      "op_margin": 0.24879125158191906,
      "fcf_margin": 0.3424084109420125,
      "incr_op_margin_yoy": 0.5023706896551724,
      "rev_growth_yoy": -0.1308627351439772,
      "rev_growth_yoy_accel": -0.1278367304158448,
      "fcf_margin_change": 0.23544960731243209
    },
    {
      "date": "2023-03-31T00:00:00",
      "quarter_label": "2023-03 (Q1)",
      "revenue": 29987000,
      "gross_profit": 18628000,
      "operating_income": 7306000,
      "net_income": 5742000,
      "opex": 11322000,
      "cogs": 11359000,
      "rd": null,
      "sga": null,
      "fcf": 1017000,
      "ocf": 1470000,
      "capex": -453000,
      "gross_margin": 0.6212025210924734,
      "op_margin": 0.24363891019441758,
      "fcf_margin": 0.03391469636842632,
      "incr_op_margin_yoy": 0.045941807044410414,
      "rev_growth_yoy": -0.04173457322723932,
      "rev_growth_yoy_accel": 0.08912816191673788,
      "fcf_margin_change": -0.3084937145735862
    },
    {
      "date": "2023-06-30T00:00:00",
      "quarter_label": "2023-06 (Q2)",
      "revenue": 25835000,
      "gross_profit": 15800000,
      "operating_income": 5521000,
      "net_income": 4556000,
      "opex": 10279000,
      "cogs": 10035000,
      "rd": null,
      "sga": null,
      "fcf": 7623000,
      "ocf": 7987000,
      "capex": -364000,
      "gross_margin": 0.6115734468743952,
      "op_margin": 0.213702341784401,
      "fcf_margin": 0.2950648345268047,
      "incr_op_margin_yoy": 0.30796549974632165,
      "rev_growth_yoy": -0.18624795262693714,
      "rev_growth_yoy_accel": -0.14451337939969783,
      "fcf_margin_change": 0.2611501381583784
    },
    {
      "date": "2023-09-30T00:00:00",
      "quarter_label": "2023-09 (Q3)",
      "revenue": 27496000,
      "gross_profit": 16947000,
      "operating_income": 6859000,
      "net_income": 5576000,
      "opex": 10088000,
      "cogs": 10549000,
      "rd": null,
      "sga": null,
      "fcf": 1401000,
      "ocf": 2039000,
      "capex": -638000,
      "gross_margin": 0.6163441955193483,
      "op_margin": 0.2494544661041606,
      "fcf_margin": 0.05095286587139947,
      "incr_op_margin_yoy": 0.43116380353254297,
      "rev_growth_yoy": -0.13067121945050428,
      "rev_growth_yoy_accel": 0.05557673317643286,
      "op_leverage_ratio": Infinity,
      "fcf_margin_change": -0.24411196865540524
    },
    {
      "date": "2023-12-31T00:00:00",
      "quarter_label": "2023-12 (Q4)",
      "revenue": 28147000,
      "gross_profit": 16990000,
      "operating_income": 6113000,
      "net_income": 4889000,
      "opex": 10877000,
      "cogs": 11157000,
      "rd": null,
      "sga": null,
      "fcf": 11739000,
      "ocf": 11926000,
      "capex": -187000,
      "gross_margin": 0.6036167264717377,
      "op_margin": 0.21718122712900131,
      "fcf_margin": 0.41706043272817706,
      "incr_op_margin_yoy": 0.5820224719101124,
      "rev_growth_yoy": -0.08664049063828407,
      "rev_growth_yoy_accel": 0.04403072881222021,
      "op_leverage_ratio": 0.302718902217094,
      "fcf_margin_change": 0.3661075668567776
    },
    {
      "date": "2024-03-31T00:00:00",
      "quarter_label": "2024-03 (Q1)",
      "revenue": 25216000,
      "gross_profit": 15099000,
      "operating_income": 5058000,
      "net_income": 4219000,
      "opex": 10041000,
      "cogs": 10117000,
      "rd": null,
      "sga": null,
      "fcf": 2243000,
      "ocf": 2704000,
      "capex": -461000,
      "gross_margin": 0.5987864847715736,
      "op_margin": 0.20058692893401014,
      "fcf_margin": 0.08895145939086295,
      "incr_op_margin_yoy": 0.4711800461119262,
      "rev_growth_yoy": -0.15910227765364993,
      "rev_growth_yoy_accel": -0.07246178701536586,
      "fcf_margin_change": -0.3281089733373141
    },
    {
      "date": "2024-06-30T00:00:00",
      "quarter_label": "2024-06 (Q2)",
      "revenue": 24620000,
      "gross_profit": 15222000,
      "operating_income": 5283000,
      "net_income": 4496000,
      "opex": 9939000,
      "cogs": 9398000,
      "rd": null,
      "sga": null,
      "fcf": 3765000,
      "ocf": 4403000,
      "capex": -638000,
      "gross_margin": 0.6182778229082048,
      "op_margin": 0.21458164094232332,
      "fcf_margin": 0.15292445166531277,
      "incr_op_margin_yoy": 0.19588477366255144,
      "rev_growth_yoy": -0.04702922392103735,
      "rev_growth_yoy_accel": 0.11207305373261257,
      "fcf_margin_change": 0.06397299227444982
    },
    {
      "date": "2024-09-30T00:00:00",
      "quarter_label": "2024-09 (Q3)",
      "revenue": 24880000,
      "gross_profit": 15350000,
      "operating_income": 5468000,
      "net_income": 4617000,
      "opex": 9882000,
      "cogs": 9530000,
      "rd": null,
      "sga": null,
      "fcf": 3646000,
      "ocf": 3990000,
      "capex": -344000,
      "gross_margin": 0.6169614147909968,
      "op_margin": 0.2197749196141479,
      "fcf_margin": 0.1465434083601286,
      "incr_op_margin_yoy": 0.5317278287461774,
      "rev_growth_yoy": -0.09514111143439045,
      "rev_growth_yoy_accel": -0.0481118875133531,
      "op_leverage_ratio": Infinity,
      "fcf_margin_change": -0.006381043305184159
    },
    {
      "date": "2024-12-31T00:00:00",
      "quarter_label": "2024-12 (Q4)",
      "revenue": 26965000,
      "gross_profit": 16592000,
      "operating_income": 5762000,
      "net_income": 4682000,
      "opex": 10830000,
      "cogs": 10373000,
      "rd": null,
      "sga": null,
      "fcf": 9197000,
      "ocf": 9760000,
      "capex": -563000,
      "gross_margin": 0.6153161505655479,
      "op_margin": 0.213684405711107,
      "fcf_margin": 0.3410717596884851,
      "incr_op_margin_yoy": 0.2969543147208122,
      "rev_growth_yoy": -0.041993818168898994,
      "rev_growth_yoy_accel": 0.05314729326549146,
      "op_leverage_ratio": 0.8735589055313605,
      "fcf_margin_change": 0.19452835132835647
    },
    {
      "date": "2025-03-31T00:00:00",
      "quarter_label": "2025-03 (Q1)",
      "revenue": 23330000,
      "gross_profit": 14072000,
      "operating_income": 4050000,
      "net_income": 3568000,
      "opex": 10022000,
      "cogs": 9258000,
      "rd": null,
      "sga": null,
      "fcf": 1003000,
      "ocf": 1555000,
      "capex": -552000,
      "gross_margin": 0.6031718816973853,
      "op_margin": 0.17359622803257607,
      "fcf_margin": 0.04299185597942563,
      "incr_op_margin_yoy": 0.5344644750795334,
      "rev_growth_yoy": -0.07479378172588833,
      "rev_growth_yoy_accel": -0.03279996355698933,
      "fcf_margin_change": -0.29807990370905946
    },
    {
      "date": "2025-06-30T00:00:00",
      "quarter_label": "2025-06 (Q2)",
      "revenue": 25525000,
      "gross_profit": 15422000,
      "operating_income": 4722000,
      "net_income": 4156000,
      "opex": 10700000,
      "cogs": 10103000,
      "rd": null,
      "sga": null,
      "fcf": 5014000,
      "ocf": 5458000,
      "capex": -444000,
      "gross_margin": 0.6041919686581783,
      "op_margin": 0.1849951028403526,
      "fcf_margin": 0.19643486777668953,
      "rev_growth_yoy": 0.036758732737611696,
      "rev_growth_yoy_accel": 0.11155251446350002,
      "op_leverage_ratio": 1.3907353389295816,
      "fcf_margin_change": 0.15344301179726388
    },
    {
      "date": "2025-09-30T00:00:00",
      "quarter_label": "2025-09 (Q3)",
      "revenue": 24234000,
      "gross_profit": 14581000,
      "operating_income": 4185000,
      "net_income": 3688000,
      "opex": 10396000,
      "cogs": 9653000,
      "rd": null,
      "sga": null,
      "fcf": 2038000,
      "ocf": 2655000,
      "capex": -617000,
      "gross_margin": 0.6016753321779318,
      "op_margin": 0.172691260212924,
      "fcf_margin": 0.08409672361145498,
      "rev_growth_yoy": -0.025964630225080387,
      "rev_growth_yoy_accel": -0.06272336296269208,
      "fcf_margin_change": -0.11233814416523455
    }
  ],
  "signals": [
    {
      "quarter": "2025-09 (Q3)",
      "signal": "YoY REVENUE GROWTH DECELERATION",
      "detail": "YoY growth: -2.6% vs prior quarter YoY: +3.7% (decel: -6.3%)",
      "severity": "WARNING"
    },
    {
      "quarter": "2025-06 (Q2)",
      "signal": "FCF MARGIN EXPANSION",
      "detail": "FCF margin: +4.3% -> +19.6% (+15.3%)",
      "severity": "MEDIUM"
    },
    {
      "quarter": "2025-06 (Q2)",
      "signal": "YoY REVENUE GROWTH ACCELERATION",
      "detail": "YoY growth: +3.7% vs prior quarter YoY: -7.5% (accel: +11.2%)",
      "severity": "MEDIUM"
    },
    {
      "quarter": "2025-03 (Q1)",
      "signal": "INCREMENTAL MARGIN (YoY)",
      "detail": "YoY Incr OPM: +53.4% vs year-ago OPM: +20.1%",
      "severity": "HIGH"
    },
    {
      "quarter": "2024-12 (Q4)",
      "signal": "FCF MARGIN EXPANSION",
      "detail": "FCF margin: +14.7% -> +34.1% (+19.5%)",
      "severity": "MEDIUM"
    },
    {
      "quarter": "2024-12 (Q4)",
      "signal": "YoY REVENUE GROWTH ACCELERATION",
      "detail": "YoY growth: -4.2% vs prior quarter YoY: -9.5% (accel: +5.3%)",
      "severity": "MEDIUM"
    },
    {
      "quarter": "2024-09 (Q3)",
      "signal": "INCREMENTAL MARGIN (YoY)",
      "detail": "YoY Incr OPM: +53.2% vs year-ago OPM: +24.9%",
      "severity": "HIGH"
    },
    {
      "quarter": "2024-06 (Q2)",
      "signal": "FCF MARGIN EXPANSION",
      "detail": "FCF margin: +8.9% -> +15.3% (+6.4%)",
      "severity": "MEDIUM"
    },
    {
      "quarter": "2024-06 (Q2)",
      "signal": "YoY REVENUE GROWTH ACCELERATION",
      "detail": "YoY growth: -4.7% vs prior quarter YoY: -15.9% (accel: +11.2%)",
      "severity": "MEDIUM"
    },
    {
      "quarter": "2024-03 (Q1)",
      "signal": "YoY REVENUE GROWTH DECELERATION",
      "detail": "YoY growth: -15.9% vs prior quarter YoY: -8.7% (decel: -7.2%)",
      "severity": "WARNING"
    },
    {
      "quarter": "2024-03 (Q1)",
      "signal": "INCREMENTAL MARGIN (YoY)",
      "detail": "YoY Incr OPM: +47.1% vs year-ago OPM: +24.4%",
      "severity": "HIGH"
    },
    {
      "quarter": "2023-12 (Q4)",
      "signal": "FCF MARGIN EXPANSION",
      "detail": "FCF margin: +5.1% -> +41.7% (+36.6%)",
      "severity": "MEDIUM"
    },
    {
      "quarter": "2023-12 (Q4)",
      "signal": "INCREMENTAL MARGIN (YoY)",
      "detail": "YoY Incr OPM: +58.2% vs year-ago OPM: +24.9%",
      "severity": "HIGH"
    },
    {
      "quarter": "2023-09 (Q3)",
      "signal": "YoY REVENUE GROWTH ACCELERATION",
      "detail": "YoY growth: -13.1% vs prior quarter YoY: -18.6% (accel: +5.6%)",
      "severity": "MEDIUM"
    },
    {
      "quarter": "2023-09 (Q3)",
      "signal": "INCREMENTAL MARGIN (YoY)",
      "detail": "YoY Incr OPM: +43.1% vs year-ago OPM: +27.3%",
      "severity": "MEDIUM"
    },
    {
      "quarter": "2023-06 (Q2)",
      "signal": "FCF MARGIN EXPANSION",
      "detail": "FCF margin: +3.4% -> +29.5% (+26.1%)",
      "severity": "MEDIUM"
    },
    {
      "quarter": "2023-06 (Q2)",
      "signal": "YoY REVENUE GROWTH DECELERATION",
      "detail": "YoY growth: -18.6% vs prior quarter YoY: -4.2% (decel: -14.5%)",
      "severity": "WARNING"
    },
    {
      "quarter": "2023-03 (Q1)",
      "signal": "YoY REVENUE GROWTH ACCELERATION",
      "detail": "YoY growth: -4.2% vs prior quarter YoY: -13.1% (accel: +8.9%)",
      "severity": "MEDIUM"
    },
    {
      "quarter": "2022-12 (Q4)",
      "signal": "FCF MARGIN EXPANSION",
      "detail": "FCF margin: +10.7% -> +34.2% (+23.5%)",
      "severity": "MEDIUM"
    },
    {
      "quarter": "2022-12 (Q4)",
      "signal": "YoY REVENUE GROWTH DECELERATION",
      "detail": "YoY growth: -13.1% vs prior quarter YoY: -0.3% (decel: -12.8%)",
      "severity": "WARNING"
    },
    {
      "quarter": "2022-12 (Q4)",
      "signal": "INCREMENTAL MARGIN (YoY)",
      "detail": "YoY Incr OPM: +50.2% vs year-ago OPM: +28.2%",
      "severity": "HIGH"
    },
    {
      "quarter": "2022-06 (Q2)",
      "signal": "FCF TURNED POSITIVE",
      "detail": "FCF margin: -12.6% -> +13.6%",
      "severity": "HIGH"
    },
    {
      "quarter": "2022-06 (Q2)",
      "signal": "GROSS MARGIN INFLECTION",
      "detail": "GM: +62.7% -> +61.1% -> +65.5% (reversal +4.4%)",
      "severity": "MEDIUM"
    },
    {
      "quarter": "2022-03 (Q1)",
      "signal": "YoY REVENUE GROWTH DECELERATION",
      "detail": "YoY growth: +1.4% vs prior quarter YoY: +12.1% (decel: -10.7%)",
      "severity": "WARNING"
    },
    {
      "quarter": "2021-12 (Q4)",
      "signal": "FCF MARGIN EXPANSION",
      "detail": "FCF margin: +6.2% -> +33.1% (+26.8%)",
      "severity": "MEDIUM"
    },
    {
      "quarter": "2021-12 (Q4)",
      "signal": "OPERATING LEVERAGE",
      "detail": "Rev growth +11.8% vs OpEx growth +4.5% (leverage: 2.6x)",
      "severity": "MEDIUM"
    },
    {
      "quarter": "2021-06 (Q2)",
      "signal": "FCF MARGIN EXPANSION",
      "detail": "FCF margin: +6.0% -> +27.0% (+21.0%)",
      "severity": "MEDIUM"
    },
    {
      "quarter": "2021-06 (Q2)",
      "signal": "OPERATING LEVERAGE",
      "detail": "Rev growth +3.6% vs OpEx growth +0.3% (leverage: 10.3x)",
      "severity": "MEDIUM"
    }
  ],
  "data_quality": {
    "n_quarters": 20,
    "coverage": {
      "revenue": [
        20,
        20
      ],
      "gross_profit": [
        20,
        20
      ],
      "op_income": [
        20,
        20
      ],
      "fcf": [
        20,
        20
      ]
    },
    "gaps": [],
    "warnings": []
  },
  "market_cap": null,
  "source": "SEC EDGAR",
  "last_updated": "2026-02-02T22:41:19.593924"
}