{
  "ticker": "OGE",
  "name": "OGE ENERGY CORP.",
  "quarters": [
    {
      "date": "2020-12-31T00:00:00",
      "quarter_label": "2020-12 (Q4)",
      "revenue": 485400000,
      "gross_profit": 322300000,
      "operating_income": 82500000,
      "net_income": null,
      "opex": 239800000,
      "cogs": 163100000,
      "rd": null,
      "sga": null,
      "fcf": 187500000,
      "ocf": 187500000,
      "capex": null,
      "gross_margin": 0.6639884631231974,
      "op_margin": 0.1699629171817058,
      "fcf_margin": 0.3862793572311496
    },
    {
      "date": "2021-03-31T00:00:00",
      "quarter_label": "2021-03 (Q1)",
      "revenue": 1630600000,
      "gross_profit": 283800000,
      "operating_income": 48600000,
      "net_income": 52700000,
      "opex": 235200000,
      "cogs": 1346800000,
      "rd": null,
      "sga": null,
      "fcf": -940200000,
      "ocf": -940200000,
      "capex": null,
      "gross_margin": 0.17404636330185208,
      "op_margin": 0.02980497976205078,
      "fcf_margin": -0.5765975714460935,
      "op_leverage_ratio": Infinity,
      "fcf_margin_change": -0.9628769286772431
    },
    {
      "date": "2021-06-30T00:00:00",
      "quarter_label": "2021-06 (Q2)",
      "revenue": 577400000,
      "gross_profit": 377400000,
      "operating_income": 129500000,
      "net_income": 112900000,
      "opex": 247900000,
      "cogs": 200000000,
      "rd": null,
      "sga": null,
      "fcf": 172400000,
      "ocf": 172400000,
      "capex": null,
      "gross_margin": 0.6536196744024939,
      "op_margin": 0.22428126082438518,
      "fcf_margin": 0.2985798406650502,
      "fcf_margin_change": 0.8751774121111437
    },
    {
      "date": "2021-09-30T00:00:00",
      "quarter_label": "2021-09 (Q3)",
      "revenue": 864400000,
      "gross_profit": 534300000,
      "operating_income": 284800000,
      "net_income": 252500000,
      "opex": 249500000,
      "cogs": 330100000,
      "rd": null,
      "sga": null,
      "fcf": 273700000,
      "ocf": 273700000,
      "capex": null,
      "gross_margin": 0.6181166126793152,
      "op_margin": 0.3294770939379917,
      "fcf_margin": 0.31663581675150393,
      "op_leverage_ratio": 77.01257793557326,
      "fcf_margin_change": 0.018055976086453707
    },
    {
      "date": "2021-12-31T00:00:00",
      "quarter_label": "2021-12 (Q4)",
      "revenue": 581300000,
      "gross_profit": 330600000,
      "operating_income": 81300000,
      "net_income": 319200000,
      "opex": 249300000,
      "cogs": 250700000,
      "rd": null,
      "sga": null,
      "fcf": 264200000,
      "ocf": 264200000,
      "capex": null,
      "gross_margin": 0.5687252709444349,
      "op_margin": 0.13985893686564596,
      "fcf_margin": 0.45449853776019267,
      "incr_op_margin_yoy": -0.01251303441084463,
      "rev_growth_yoy": 0.19756901524515863,
      "fcf_margin_change": 0.13786272100868874
    },
    {
      "date": "2022-03-31T00:00:00",
      "quarter_label": "2022-03 (Q1)",
      "revenue": 589300000,
      "gross_profit": 333600000,
      "operating_income": 83100000,
      "net_income": 279500000,
      "opex": 250500000,
      "cogs": 255700000,
      "rd": null,
      "sga": null,
      "fcf": 58900000,
      "ocf": 58900000,
      "capex": null,
      "gross_margin": 0.5660953673850331,
      "op_margin": 0.141014763278466,
      "fcf_margin": 0.09994909214322077,
      "incr_op_margin_yoy": -0.03313166234514549,
      "rev_growth_yoy": -0.6385992886054214,
      "rev_growth_yoy_accel": -0.83616830385058,
      "op_leverage_ratio": 2.8591088938585925,
      "fcf_margin_change": -0.3545494456169719
    },
    {
      "date": "2022-06-30T00:00:00",
      "quarter_label": "2022-06 (Q2)",
      "revenue": 803700000,
      "gross_profit": 410400000,
      "operating_income": 156600000,
      "net_income": 73100000,
      "opex": 253800000,
      "cogs": 393300000,
      "rd": null,
      "sga": null,
      "fcf": -50800000,
      "ocf": -50800000,
      "capex": null,
      "gross_margin": 0.5106382978723404,
      "op_margin": 0.1948488241881299,
      "fcf_margin": -0.06320766455144955,
      "incr_op_margin_yoy": 0.11975254087494476,
      "rev_growth_yoy": 0.39192933841357813,
      "rev_growth_yoy_accel": 1.0305286270189995,
      "op_leverage_ratio": 27.617358036499393,
      "fcf_margin_change": -0.16315675669467034
    },
    {
      "date": "2022-09-30T00:00:00",
      "quarter_label": "2022-09 (Q3)",
      "revenue": 1270800000,
      "gross_profit": 597000000,
      "operating_income": 317900000,
      "net_income": 262800000,
      "opex": 279100000,
      "cogs": 673800000,
      "rd": null,
      "sga": null,
      "fcf": 759700000,
      "ocf": 759700000,
      "capex": null,
      "gross_margin": 0.4697828139754485,
      "op_margin": 0.2501573811772112,
      "fcf_margin": 0.5978124016367642,
      "incr_op_margin_yoy": 0.08144685039370078,
      "rev_growth_yoy": 0.4701527070800555,
      "rev_growth_yoy_accel": 0.07822336866647739,
      "op_leverage_ratio": 5.830247555648013,
      "fcf_margin_change": 0.6610200661882137
    },
    {
      "date": "2022-12-31T00:00:00",
      "quarter_label": "2022-12 (Q4)",
      "revenue": 711900000,
      "gross_profit": 372300000,
      "operating_income": 91900000,
      "net_income": 50300000,
      "opex": 280400000,
      "cogs": 339600000,
      "rd": null,
      "sga": null,
      "fcf": 184600000,
      "ocf": 184600000,
      "capex": null,
      "gross_margin": 0.5229667088074168,
      "op_margin": 0.1290911644893946,
      "fcf_margin": 0.25930608231493185,
      "incr_op_margin_yoy": 0.08116385911179173,
      "rev_growth_yoy": 0.2246688456906933,
      "rev_growth_yoy_accel": -0.24548386138936223,
      "fcf_margin_change": -0.33850631932183234
    },
    {
      "date": "2023-03-31T00:00:00",
      "quarter_label": "2023-03 (Q1)",
      "revenue": 557200000,
      "gross_profit": 356600000,
      "operating_income": 76500000,
      "net_income": 38300000,
      "opex": 280100000,
      "cogs": 200600000,
      "rd": null,
      "sga": 37600000,
      "fcf": 172300000,
      "ocf": 172300000,
      "capex": null,
      "gross_margin": 0.6399856424982053,
      "op_margin": 0.13729361091170136,
      "fcf_margin": 0.30922469490308685,
      "incr_op_margin_yoy": 0.205607476635514,
      "rev_growth_yoy": -0.05447140675377567,
      "rev_growth_yoy_accel": -0.27914025244446894,
      "fcf_margin_change": 0.049918612588155
    },
    {
      "date": "2023-06-30T00:00:00",
      "quarter_label": "2023-06 (Q2)",
      "revenue": 605000000,
      "gross_profit": 423200000,
      "operating_income": 146400000,
      "net_income": 88400000,
      "opex": 276800000,
      "cogs": 181800000,
      "rd": null,
      "sga": 35800000,
      "fcf": 333900000,
      "ocf": 333900000,
      "capex": null,
      "gross_margin": 0.699504132231405,
      "op_margin": 0.24198347107438017,
      "fcf_margin": 0.551900826446281,
      "incr_op_margin_yoy": 0.051333668847508805,
      "rev_growth_yoy": -0.2472315540624611,
      "rev_growth_yoy_accel": -0.19276014730868546,
      "op_leverage_ratio": Infinity,
      "fcf_margin_change": 0.24267613154319417
    },
    {
      "date": "2023-09-30T00:00:00",
      "quarter_label": "2023-09 (Q3)",
      "revenue": 945400000,
      "gross_profit": 611600000,
      "operating_income": 331100000,
      "net_income": 241900000,
      "opex": 280500000,
      "cogs": 333800000,
      "rd": null,
      "sga": 35600000,
      "fcf": 415100000,
      "ocf": 415100000,
      "capex": null,
      "gross_margin": 0.6469219378041041,
      "op_margin": 0.35022212819970383,
      "fcf_margin": 0.43907340808123546,
      "incr_op_margin_yoy": -0.040565457897971724,
      "rev_growth_yoy": -0.2560591753226314,
      "rev_growth_yoy_accel": -0.008827621260170282,
      "op_leverage_ratio": 42.091900826446285,
      "fcf_margin_change": -0.11282741836504556
    },
    {
      "date": "2023-12-31T00:00:00",
      "quarter_label": "2023-12 (Q4)",
      "revenue": 566700000,
      "gross_profit": 371200000,
      "operating_income": 96200000,
      "net_income": 48200000,
      "opex": 275000000,
      "cogs": 195500000,
      "rd": null,
      "sga": 39300000,
      "fcf": 311000000,
      "ocf": 311000000,
      "capex": null,
      "gross_margin": 0.6550202929239457,
      "op_margin": 0.16975472031056996,
      "fcf_margin": 0.5487912475736721,
      "incr_op_margin_yoy": -0.029614325068870524,
      "rev_growth_yoy": -0.20396123050990309,
      "rev_growth_yoy_accel": 0.05209794481272831,
      "fcf_margin_change": 0.10971783949243669
    },
    {
      "date": "2024-03-31T00:00:00",
      "quarter_label": "2024-03 (Q1)",
      "revenue": 596800000,
      "gross_profit": 364600000,
      "operating_income": 74000000,
      "net_income": 18600000,
      "opex": 290600000,
      "cogs": 232200000,
      "rd": null,
      "sga": null,
      "fcf": 83000000,
      "ocf": 83000000,
      "capex": null,
      "gross_margin": 0.6109249329758714,
      "op_margin": 0.1239946380697051,
      "fcf_margin": 0.1390750670241287,
      "incr_op_margin_yoy": -0.06313131313131314,
      "rev_growth_yoy": 0.07106963388370424,
      "rev_growth_yoy_accel": 0.27503086439360735,
      "op_leverage_ratio": 0.9363137010040132,
      "fcf_margin_change": -0.40971618054954345
    },
    {
      "date": "2024-06-30T00:00:00",
      "quarter_label": "2024-06 (Q2)",
      "revenue": 662600000,
      "gross_profit": 468700000,
      "operating_income": 175900000,
      "net_income": 102300000,
      "opex": 292800000,
      "cogs": 193900000,
      "rd": null,
      "sga": null,
      "fcf": 253100000,
      "ocf": 253100000,
      "capex": null,
      "gross_margin": 0.7073649260488983,
      "op_margin": 0.2654693631150015,
      "fcf_margin": 0.3819800784787202,
      "incr_op_margin_yoy": 0.5121527777777778,
      "rev_growth_yoy": 0.09520661157024793,
      "rev_growth_yoy_accel": 0.024136977686543687,
      "op_leverage_ratio": 14.563642456738972,
      "fcf_margin_change": 0.24290501145459148
    },
    {
      "date": "2024-09-30T00:00:00",
      "quarter_label": "2024-09 (Q3)",
      "revenue": 965400000,
      "gross_profit": 615300000,
      "operating_income": 313200000,
      "net_income": 218700000,
      "opex": 302100000,
      "cogs": 350100000,
      "rd": null,
      "sga": null,
      "fcf": 347100000,
      "ocf": 347100000,
      "capex": null,
      "gross_margin": 0.6373523927905531,
      "op_margin": 0.32442510876320696,
      "fcf_margin": 0.35954008701056556,
      "incr_op_margin_yoy": -0.895,
      "rev_growth_yoy": 0.02115506663845991,
      "rev_growth_yoy_accel": -0.07405154493178802,
      "op_leverage_ratio": 14.387739403912251,
      "fcf_margin_change": -0.02243999146815462
    },
    {
      "date": "2024-12-31T00:00:00",
      "quarter_label": "2024-12 (Q4)",
      "revenue": 760500000,
      "gross_profit": 460300000,
      "operating_income": 182200000,
      "net_income": 101900000,
      "opex": 278100000,
      "cogs": 300200000,
      "rd": null,
      "sga": null,
      "fcf": 129600000,
      "ocf": 129600000,
      "capex": null,
      "gross_margin": 0.6052596975673898,
      "op_margin": 0.2395792241946088,
      "fcf_margin": 0.17041420118343195,
      "incr_op_margin_yoy": 0.4437564499484004,
      "rev_growth_yoy": 0.3419798835362626,
      "rev_growth_yoy_accel": 0.3208248168978027,
      "fcf_margin_change": -0.1891258858271336
    },
    {
      "date": "2025-03-31T00:00:00",
      "quarter_label": "2025-03 (Q1)",
      "revenue": 747700000,
      "gross_profit": 423700000,
      "operating_income": 133300000,
      "net_income": 62700000,
      "opex": 290400000,
      "cogs": 324000000,
      "rd": null,
      "sga": null,
      "fcf": 15900000,
      "ocf": 15900000,
      "capex": null,
      "gross_margin": 0.5666711247826668,
      "op_margin": 0.1782800588471312,
      "fcf_margin": 0.021265213320850608,
      "incr_op_margin_yoy": 0.3929754804506296,
      "rev_growth_yoy": 0.2528485254691689,
      "rev_growth_yoy_accel": -0.08913135806709366,
      "fcf_margin_change": -0.14914898786258135
    },
    {
      "date": "2025-06-30T00:00:00",
      "quarter_label": "2025-06 (Q2)",
      "revenue": 741600000,
      "gross_profit": 480500000,
      "operating_income": 186600000,
      "net_income": 107500000,
      "opex": 293900000,
      "cogs": 261100000,
      "rd": null,
      "sga": null,
      "fcf": 338600000,
      "ocf": 338600000,
      "capex": null,
      "gross_margin": 0.647923408845739,
      "op_margin": 0.25161812297734626,
      "fcf_margin": 0.45658036677454156,
      "incr_op_margin_yoy": 0.13544303797468354,
      "rev_growth_yoy": 0.1192272864473287,
      "rev_growth_yoy_accel": -0.1336212390218402,
      "fcf_margin_change": 0.43531515345369093
    },
    {
      "date": "2025-09-30T00:00:00",
      "quarter_label": "2025-09 (Q3)",
      "revenue": 1045000000,
      "gross_profit": 656500000,
      "operating_income": 341300000,
      "net_income": 231300000,
      "opex": 315200000,
      "cogs": 388500000,
      "rd": null,
      "sga": null,
      "fcf": 397800000,
      "ocf": 397800000,
      "capex": null,
      "gross_margin": 0.6282296650717704,
      "op_margin": 0.3266028708133971,
      "fcf_margin": 0.38066985645933016,
      "incr_op_margin_yoy": 0.3530150753768844,
      "rev_growth_yoy": 0.08245286927698363,
      "rev_growth_yoy_accel": -0.036774417170345075,
      "op_leverage_ratio": 5.645024588378889,
      "fcf_margin_change": -0.0759105103152114
    }
  ],
  "signals": [
    {
      "quarter": "2025-09 (Q3)",
      "signal": "OPERATING LEVERAGE",
      "detail": "Rev growth +40.9% vs OpEx growth +7.2% (leverage: 5.6x)",
      "severity": "MEDIUM"
    },
    {
      "quarter": "2025-06 (Q2)",
      "signal": "FCF MARGIN EXPANSION",
      "detail": "FCF margin: +2.1% -> +45.7% (+43.5%)",
      "severity": "MEDIUM"
    },
    {
      "quarter": "2025-06 (Q2)",
      "signal": "GROSS MARGIN INFLECTION",
      "detail": "GM: +60.5% -> +56.7% -> +64.8% (reversal +8.1%)",
      "severity": "HIGH"
    },
    {
      "quarter": "2025-06 (Q2)",
      "signal": "YoY REVENUE GROWTH DECELERATION",
      "detail": "YoY growth: +11.9% vs prior quarter YoY: +25.3% (decel: -13.4%)",
      "severity": "WARNING"
    },
    {
      "quarter": "2025-03 (Q1)",
      "signal": "YoY REVENUE GROWTH DECELERATION",
      "detail": "YoY growth: +25.3% vs prior quarter YoY: +34.2% (decel: -8.9%)",
      "severity": "WARNING"
    },
    {
      "quarter": "2025-03 (Q1)",
      "signal": "INCREMENTAL MARGIN (YoY)",
      "detail": "YoY Incr OPM: +39.3% vs year-ago OPM: +12.4%",
      "severity": "HIGH"
    },
    {
      "quarter": "2024-12 (Q4)",
      "signal": "YoY REVENUE GROWTH ACCELERATION",
      "detail": "YoY growth: +34.2% vs prior quarter YoY: +2.1% (accel: +32.1%)",
      "severity": "HIGH"
    },
    {
      "quarter": "2024-12 (Q4)",
      "signal": "INCREMENTAL MARGIN (YoY)",
      "detail": "YoY Incr OPM: +44.4% vs year-ago OPM: +17.0%",
      "severity": "HIGH"
    },
    {
      "quarter": "2024-09 (Q3)",
      "signal": "OPERATING LEVERAGE",
      "detail": "Rev growth +45.7% vs OpEx growth +3.2% (leverage: 14.4x)",
      "severity": "MEDIUM"
    },
    {
      "quarter": "2024-09 (Q3)",
      "signal": "YoY REVENUE GROWTH DECELERATION",
      "detail": "YoY growth: +2.1% vs prior quarter YoY: +9.5% (decel: -7.4%)",
      "severity": "WARNING"
    },
    {
      "quarter": "2024-06 (Q2)",
      "signal": "FCF MARGIN EXPANSION",
      "detail": "FCF margin: +13.9% -> +38.2% (+24.3%)",
      "severity": "MEDIUM"
    },
    {
      "quarter": "2024-06 (Q2)",
      "signal": "OPERATING LEVERAGE",
      "detail": "Rev growth +11.0% vs OpEx growth +0.8% (leverage: 14.6x)",
      "severity": "MEDIUM"
    },
    {
      "quarter": "2024-06 (Q2)",
      "signal": "GROSS MARGIN INFLECTION",
      "detail": "GM: +65.5% -> +61.1% -> +70.7% (reversal +9.6%)",
      "severity": "HIGH"
    },
    {
      "quarter": "2024-06 (Q2)",
      "signal": "INCREMENTAL MARGIN (YoY)",
      "detail": "YoY Incr OPM: +51.2% vs year-ago OPM: +24.2%",
      "severity": "HIGH"
    },
    {
      "quarter": "2024-03 (Q1)",
      "signal": "YoY REVENUE GROWTH ACCELERATION",
      "detail": "YoY growth: +7.1% vs prior quarter YoY: -20.4% (accel: +27.5%)",
      "severity": "HIGH"
    },
    {
      "quarter": "2023-12 (Q4)",
      "signal": "FCF MARGIN EXPANSION",
      "detail": "FCF margin: +43.9% -> +54.9% (+11.0%)",
      "severity": "MEDIUM"
    },
    {
      "quarter": "2023-12 (Q4)",
      "signal": "YoY REVENUE GROWTH ACCELERATION",
      "detail": "YoY growth: -20.4% vs prior quarter YoY: -25.6% (accel: +5.2%)",
      "severity": "MEDIUM"
    },
    {
      "quarter": "2023-09 (Q3)",
      "signal": "OPERATING LEVERAGE",
      "detail": "Rev growth +56.3% vs OpEx growth +1.3% (leverage: 42.1x)",
      "severity": "MEDIUM"
    },
    {
      "quarter": "2023-06 (Q2)",
      "signal": "FCF MARGIN EXPANSION",
      "detail": "FCF margin: +30.9% -> +55.2% (+24.3%)",
      "severity": "MEDIUM"
    },
    {
      "quarter": "2023-06 (Q2)",
      "signal": "YoY REVENUE GROWTH DECELERATION",
      "detail": "YoY growth: -24.7% vs prior quarter YoY: -5.4% (decel: -19.3%)",
      "severity": "WARNING"
    },
    {
      "quarter": "2023-03 (Q1)",
      "signal": "YoY REVENUE GROWTH DECELERATION",
      "detail": "YoY growth: -5.4% vs prior quarter YoY: +22.5% (decel: -27.9%)",
      "severity": "WARNING"
    },
    {
      "quarter": "2022-12 (Q4)",
      "signal": "GROSS MARGIN INFLECTION",
      "detail": "GM: +51.1% -> +47.0% -> +52.3% (reversal +5.3%)",
      "severity": "HIGH"
    },
    {
      "quarter": "2022-12 (Q4)",
      "signal": "YoY REVENUE GROWTH DECELERATION",
      "detail": "YoY growth: +22.5% vs prior quarter YoY: +47.0% (decel: -24.5%)",
      "severity": "WARNING"
    },
    {
      "quarter": "2022-09 (Q3)",
      "signal": "FCF TURNED POSITIVE",
      "detail": "FCF margin: -6.3% -> +59.8%",
      "severity": "HIGH"
    },
    {
      "quarter": "2022-09 (Q3)",
      "signal": "OPERATING LEVERAGE",
      "detail": "Rev growth +58.1% vs OpEx growth +10.0% (leverage: 5.8x)",
      "severity": "MEDIUM"
    },
    {
      "quarter": "2022-09 (Q3)",
      "signal": "YoY REVENUE GROWTH ACCELERATION",
      "detail": "YoY growth: +47.0% vs prior quarter YoY: +39.2% (accel: +7.8%)",
      "severity": "MEDIUM"
    },
    {
      "quarter": "2022-06 (Q2)",
      "signal": "OPERATING LEVERAGE",
      "detail": "Rev growth +36.4% vs OpEx growth +1.3% (leverage: 27.6x)",
      "severity": "MEDIUM"
    },
    {
      "quarter": "2022-06 (Q2)",
      "signal": "YoY REVENUE GROWTH ACCELERATION",
      "detail": "YoY growth: +39.2% vs prior quarter YoY: -63.9% (accel: +103.1%)",
      "severity": "HIGH"
    },
    {
      "quarter": "2022-03 (Q1)",
      "signal": "OPERATING LEVERAGE",
      "detail": "Rev growth +1.4% vs OpEx growth +0.5% (leverage: 2.9x)",
      "severity": "MEDIUM"
    },
    {
      "quarter": "2022-03 (Q1)",
      "signal": "YoY REVENUE GROWTH DECELERATION",
      "detail": "YoY growth: -63.9% vs prior quarter YoY: +19.8% (decel: -83.6%)",
      "severity": "WARNING"
    },
    {
      "quarter": "2021-12 (Q4)",
      "signal": "FCF MARGIN EXPANSION",
      "detail": "FCF margin: +31.7% -> +45.4% (+13.8%)",
      "severity": "MEDIUM"
    },
    {
      "quarter": "2021-09 (Q3)",
      "signal": "OPERATING LEVERAGE",
      "detail": "Rev growth +49.7% vs OpEx growth +0.6% (leverage: 77.0x)",
      "severity": "MEDIUM"
    },
    {
      "quarter": "2021-06 (Q2)",
      "signal": "FCF TURNED POSITIVE",
      "detail": "FCF margin: -57.7% -> +29.9%",
      "severity": "HIGH"
    },
    {
      "quarter": "2021-06 (Q2)",
      "signal": "GROSS MARGIN INFLECTION",
      "detail": "GM: +66.4% -> +17.4% -> +65.4% (reversal +48.0%)",
      "severity": "HIGH"
    }
  ],
  "data_quality": {
    "n_quarters": 20,
    "coverage": {
      "revenue": [
        20,
        20
      ],
      "gross_profit": [
        20,
        20
      ],
      "op_income": [
        20,
        20
      ],
      "fcf": [
        20,
        20
      ]
    },
    "gaps": [],
    "warnings": []
  },
  "market_cap": null,
  "source": "SEC EDGAR",
  "last_updated": "2026-02-02T20:41:58.004832",
  "sector": "Utilities",
  "industry": "Utilities - Regulated Electric"
}