{
  "ticker": "OI",
  "name": "O-I GLASS, INC.",
  "sector": "Consumer Cyclical",
  "industry": "Packaging & Containers",
  "quarters": [
    {
      "date": "2021-03-31T00:00:00",
      "quarter_label": "2021-03 (Q1)",
      "revenue": 1500000000,
      "gross_profit": 244000000,
      "operating_income": 175000000,
      "net_income": -97000000,
      "opex": 69000000,
      "cogs": 1256000000,
      "rd": 18000000,
      "sga": 102000000,
      "fcf": -149000000,
      "ocf": -56000000,
      "capex": -93000000,
      "gross_margin": 0.16266666666666665,
      "op_margin": 0.11666666666666667,
      "fcf_margin": -0.09933333333333333
    },
    {
      "date": "2021-06-30T00:00:00",
      "quarter_label": "2021-06 (Q2)",
      "revenue": 1660000000,
      "gross_profit": 306000000,
      "operating_income": 232000000,
      "net_income": 118000000,
      "opex": 74000000,
      "cogs": 1354000000,
      "rd": 19000000,
      "sga": 116000000,
      "fcf": 117000000,
      "ocf": 199000000,
      "capex": -82000000,
      "gross_margin": 0.18433734939759036,
      "op_margin": 0.13975903614457832,
      "fcf_margin": 0.07048192771084337,
      "op_leverage_ratio": 1.472,
      "fcf_margin_change": 0.1698152610441767
    },
    {
      "date": "2021-09-30T00:00:00",
      "quarter_label": "2021-09 (Q3)",
      "revenue": 1609000000,
      "gross_profit": 302000000,
      "operating_income": 127000000,
      "net_income": 85000000,
      "opex": 175000000,
      "cogs": 1307000000,
      "rd": 19000000,
      "sga": 108000000,
      "fcf": 220000000,
      "ocf": 313000000,
      "capex": -93000000,
      "gross_margin": 0.18769422001243008,
      "op_margin": 0.07893101305158484,
      "fcf_margin": 0.13673088875077688,
      "fcf_margin_change": 0.06624896103993351
    },
    {
      "date": "2021-12-31T00:00:00",
      "quarter_label": "2021-12 (Q4)",
      "revenue": 1587000000,
      "gross_profit": 237000000,
      "operating_income": 72000000,
      "net_income": 43000000,
      "opex": 165000000,
      "cogs": 1350000000,
      "rd": 25000000,
      "sga": 108000000,
      "fcf": 101000000,
      "ocf": 231000000,
      "capex": -130000000,
      "gross_margin": 0.14933837429111532,
      "op_margin": 0.045368620037807186,
      "fcf_margin": 0.06364209199747953,
      "fcf_margin_change": -0.07308879675329735
    },
    {
      "date": "2022-03-31T00:00:00",
      "quarter_label": "2022-03 (Q1)",
      "revenue": 1692000000,
      "gross_profit": 304000000,
      "operating_income": 170000000,
      "net_income": 88000000,
      "opex": 134000000,
      "cogs": 1388000000,
      "rd": 23000000,
      "sga": 119000000,
      "fcf": -169000000,
      "ocf": -73000000,
      "capex": -96000000,
      "gross_margin": 0.17966903073286053,
      "op_margin": 0.10047281323877069,
      "fcf_margin": -0.09988179669030733,
      "incr_op_margin_yoy": -0.026041666666666668,
      "rev_growth_yoy": 0.128,
      "op_leverage_ratio": null,
      "fcf_margin_change": -0.16352388868778686
    },
    {
      "date": "2022-06-30T00:00:00",
      "quarter_label": "2022-06 (Q2)",
      "revenue": 1778000000,
      "gross_profit": 325000000,
      "operating_income": 328000000,
      "net_income": 252000000,
      "opex": -3000000,
      "cogs": 1453000000,
      "rd": 20000000,
      "sga": 123000000,
      "fcf": 90000000,
      "ocf": 193000000,
      "capex": -103000000,
      "gross_margin": 0.1827896512935883,
      "op_margin": 0.1844769403824522,
      "fcf_margin": 0.05061867266591676,
      "incr_op_margin_yoy": 0.8135593220338984,
      "rev_growth_yoy": 0.07108433734939759,
      "rev_growth_yoy_accel": -0.05691566265060241,
      "op_leverage_ratio": null,
      "fcf_margin_change": 0.1505004693562241
    },
    {
      "date": "2022-09-30T00:00:00",
      "quarter_label": "2022-09 (Q3)",
      "revenue": 1693000000,
      "gross_profit": 325000000,
      "operating_income": 278000000,
      "net_income": 231000000,
      "opex": 47000000,
      "cogs": 1368000000,
      "rd": 14000000,
      "sga": 128000000,
      "fcf": -491000000,
      "ocf": -344000000,
      "capex": -147000000,
      "gross_margin": 0.19196692262256349,
      "op_margin": 0.1642055522740697,
      "fcf_margin": -0.2900177200236267,
      "incr_op_margin_yoy": 1.7976190476190477,
      "rev_growth_yoy": 0.05220633934120572,
      "rev_growth_yoy_accel": -0.01887799800819187,
      "fcf_margin_change": -0.34063639268954343
    },
    {
      "date": "2022-12-31T00:00:00",
      "quarter_label": "2022-12 (Q4)",
      "revenue": 1693000000,
      "gross_profit": 259000000,
      "operating_income": 29000000,
      "net_income": 13000000,
      "opex": 230000000,
      "cogs": 1434000000,
      "rd": 23000000,
      "sga": 125000000,
      "fcf": 185000000,
      "ocf": 378000000,
      "capex": -193000000,
      "gross_margin": 0.1529828706438275,
      "op_margin": 0.017129356172474897,
      "fcf_margin": 0.10927347903130538,
      "incr_op_margin_yoy": -0.4056603773584906,
      "rev_growth_yoy": 0.06679269061121614,
      "rev_growth_yoy_accel": 0.014586351270010414,
      "fcf_margin_change": 0.39929119905493204
    },
    {
      "date": "2023-03-31T00:00:00",
      "quarter_label": "2023-03 (Q1)",
      "revenue": 1831000000,
      "gross_profit": 484000000,
      "operating_income": 270000000,
      "net_income": 206000000,
      "opex": 214000000,
      "cogs": 1347000000,
      "rd": 19000000,
      "sga": 147000000,
      "fcf": -288000000,
      "ocf": -193000000,
      "capex": -95000000,
      "gross_margin": 0.2643364281813217,
      "op_margin": 0.1474604041507373,
      "fcf_margin": -0.15729109776078645,
      "incr_op_margin_yoy": 0.7194244604316546,
      "rev_growth_yoy": 0.08215130023640661,
      "rev_growth_yoy_accel": 0.015358609625190478,
      "op_leverage_ratio": null,
      "fcf_margin_change": -0.26656457679209183
    },
    {
      "date": "2023-06-30T00:00:00",
      "quarter_label": "2023-06 (Q2)",
      "revenue": 1890000000,
      "gross_profit": 416000000,
      "operating_income": 154000000,
      "net_income": 110000000,
      "opex": 262000000,
      "cogs": 1474000000,
      "rd": 22000000,
      "sga": 143000000,
      "fcf": 118000000,
      "ocf": 291000000,
      "capex": -173000000,
      "gross_margin": 0.2201058201058201,
      "op_margin": 0.08148148148148149,
      "fcf_margin": 0.06243386243386243,
      "incr_op_margin_yoy": -1.5535714285714286,
      "rev_growth_yoy": 0.06299212598425197,
      "rev_growth_yoy_accel": -0.019159174252154645,
      "op_leverage_ratio": 0.14366011287092664,
      "fcf_margin_change": 0.21972496019464888
    },
    {
      "date": "2023-09-30T00:00:00",
      "quarter_label": "2023-09 (Q3)",
      "revenue": 1743000000,
      "gross_profit": 364000000,
      "operating_income": 82000000,
      "net_income": 51000000,
      "opex": 282000000,
      "cogs": 1379000000,
      "rd": 24000000,
      "sga": 134000000,
      "fcf": 142000000,
      "ocf": 339000000,
      "capex": -197000000,
      "gross_margin": 0.20883534136546184,
      "op_margin": 0.04704532415375789,
      "fcf_margin": 0.0814687320711417,
      "incr_op_margin_yoy": -3.92,
      "rev_growth_yoy": 0.029533372711163616,
      "rev_growth_yoy_accel": -0.03345875327308835,
      "fcf_margin_change": 0.019034869637279274
    },
    {
      "date": "2023-12-31T00:00:00",
      "quarter_label": "2023-12 (Q4)",
      "revenue": 1641000000,
      "gross_profit": 231000000,
      "operating_income": -439000000,
      "net_income": -470000000,
      "opex": 670000000,
      "cogs": 1410000000,
      "rd": 26000000,
      "sga": 116000000,
      "fcf": 158000000,
      "ocf": 381000000,
      "capex": -223000000,
      "gross_margin": 0.14076782449725778,
      "op_margin": -0.2675198049969531,
      "fcf_margin": 0.09628275441803778,
      "incr_op_margin_yoy": 9.0,
      "rev_growth_yoy": -0.03071470761961016,
      "rev_growth_yoy_accel": -0.06024808033077378,
      "fcf_margin_change": 0.014814022346896077
    },
    {
      "date": "2024-03-31T00:00:00",
      "quarter_label": "2024-03 (Q1)",
      "revenue": 1593000000,
      "gross_profit": 318000000,
      "operating_income": 117000000,
      "net_income": 72000000,
      "opex": 201000000,
      "cogs": 1275000000,
      "rd": 21000000,
      "sga": 123000000,
      "fcf": -483000000,
      "ocf": -270000000,
      "capex": -213000000,
      "gross_margin": 0.19962335216572505,
      "op_margin": 0.07344632768361582,
      "fcf_margin": -0.3032015065913371,
      "incr_op_margin_yoy": 0.6428571428571429,
      "rev_growth_yoy": -0.1299836155106499,
      "rev_growth_yoy_accel": -0.09926890789103975,
      "fcf_margin_change": -0.3994842610093749
    },
    {
      "date": "2024-06-30T00:00:00",
      "quarter_label": "2024-06 (Q2)",
      "revenue": 1729000000,
      "gross_profit": 303000000,
      "operating_income": 104000000,
      "net_income": 57000000,
      "opex": 199000000,
      "cogs": 1426000000,
      "rd": 20000000,
      "sga": 110000000,
      "fcf": 90000000,
      "ocf": 250000000,
      "capex": -160000000,
      "gross_margin": 0.17524580682475419,
      "op_margin": 0.06015037593984962,
      "fcf_margin": 0.05205320994794679,
      "incr_op_margin_yoy": 0.3105590062111801,
      "rev_growth_yoy": -0.08518518518518518,
      "rev_growth_yoy_accel": 0.044798430325464725,
      "op_leverage_ratio": null,
      "fcf_margin_change": 0.35525471653928387
    },
    {
      "date": "2024-09-30T00:00:00",
      "quarter_label": "2024-09 (Q3)",
      "revenue": 1679000000,
      "gross_profit": 215000000,
      "operating_income": -57000000,
      "net_income": -80000000,
      "opex": 272000000,
      "cogs": 1464000000,
      "rd": 20000000,
      "sga": 103000000,
      "fcf": 55000000,
      "ocf": 191000000,
      "capex": -136000000,
      "gross_margin": 0.12805241215008933,
      "op_margin": -0.033948779035139966,
      "fcf_margin": 0.03275759380583681,
      "incr_op_margin_yoy": 2.171875,
      "rev_growth_yoy": -0.03671830177854274,
      "rev_growth_yoy_accel": 0.048466883406642444,
      "fcf_margin_change": -0.019295616142109978
    },
    {
      "date": "2024-12-31T00:00:00",
      "quarter_label": "2024-12 (Q4)",
      "revenue": 1529000000,
      "gross_profit": 208000000,
      "operating_income": -125000000,
      "net_income": -154000000,
      "opex": 333000000,
      "cogs": 1321000000,
      "rd": 18000000,
      "sga": 108000000,
      "fcf": 210000000,
      "ocf": 318000000,
      "capex": -108000000,
      "gross_margin": 0.13603662524525834,
      "op_margin": -0.08175277959450622,
      "fcf_margin": 0.13734466971877043,
      "incr_op_margin_yoy": -2.8035714285714284,
      "rev_growth_yoy": -0.06825106642291286,
      "rev_growth_yoy_accel": -0.03153276464437012,
      "fcf_margin_change": 0.10458707591293362
    },
    {
      "date": "2025-03-31T00:00:00",
      "quarter_label": "2025-03 (Q1)",
      "revenue": 1567000000,
      "gross_profit": 280000000,
      "operating_income": 18000000,
      "net_income": -16000000,
      "opex": 262000000,
      "cogs": 1287000000,
      "rd": 13000000,
      "sga": 109000000,
      "fcf": -306000000,
      "ocf": -171000000,
      "capex": -135000000,
      "gross_margin": 0.17868538608806636,
      "op_margin": 0.01148691767708998,
      "fcf_margin": -0.19527760051052967,
      "incr_op_margin_yoy": 3.8076923076923075,
      "rev_growth_yoy": -0.016321406151914627,
      "rev_growth_yoy_accel": 0.051929660270998226,
      "op_leverage_ratio": null,
      "fcf_margin_change": -0.33262227022930013
    },
    {
      "date": "2025-06-30T00:00:00",
      "quarter_label": "2025-06 (Q2)",
      "revenue": 1706000000,
      "gross_profit": 299000000,
      "operating_income": 7000000,
      "net_income": -5000000,
      "opex": 292000000,
      "cogs": 1407000000,
      "rd": 11000000,
      "sga": 106000000,
      "fcf": 51000000,
      "ocf": 155000000,
      "capex": -104000000,
      "gross_margin": 0.17526377491207504,
      "op_margin": 0.004103165298944901,
      "fcf_margin": 0.029894490035169988,
      "incr_op_margin_yoy": 4.217391304347826,
      "rev_growth_yoy": -0.013302486986697512,
      "rev_growth_yoy_accel": 0.0030189191652171144,
      "op_leverage_ratio": 0.7746862369708573,
      "fcf_margin_change": 0.22517209054569964
    },
    {
      "date": "2025-09-30T00:00:00",
      "quarter_label": "2025-09 (Q3)",
      "revenue": 1653000000,
      "gross_profit": 300000000,
      "operating_income": 58000000,
      "net_income": 30000000,
      "opex": 242000000,
      "cogs": 1353000000,
      "rd": 8000000,
      "sga": 105000000,
      "fcf": 114000000,
      "ocf": 214000000,
      "capex": -100000000,
      "gross_margin": 0.18148820326678766,
      "op_margin": 0.03508771929824561,
      "fcf_margin": 0.06896551724137931,
      "incr_op_margin_yoy": -4.423076923076923,
      "rev_growth_yoy": -0.015485407980941036,
      "rev_growth_yoy_accel": -0.002182920994243524,
      "fcf_margin_change": 0.03907102720620932
    },
    {
      "date": "2025-12-31T00:00:00",
      "quarter_label": "2025-12 (Q4)",
      "revenue": 1500000000,
      "gross_profit": 230000000,
      "operating_income": null,
      "net_income": -138000000,
      "opex": null,
      "cogs": 1270000000,
      "rd": 9000000,
      "sga": 116000000,
      "fcf": 309000000,
      "ocf": 402000000,
      "capex": -93000000,
      "gross_margin": 0.15333333333333332,
      "op_margin": null,
      "fcf_margin": 0.206,
      "rev_growth_yoy": -0.01896664486592544,
      "rev_growth_yoy_accel": -0.003481236884984404,
      "fcf_margin_change": 0.13703448275862068
    }
  ],
  "signals": [
    {
      "quarter": "2025-12 (Q4)",
      "signal": "FCF MARGIN EXPANSION",
      "detail": "FCF margin: +6.9% -> +20.6% (+13.7%)",
      "severity": "MEDIUM"
    },
    {
      "quarter": "2025-09 (Q3)",
      "signal": "OP MARGIN TURNED POSITIVE (YoY)",
      "detail": "Op margin: -3.4% (year-ago) -> +3.5%",
      "severity": "HIGH"
    },
    {
      "quarter": "2025-06 (Q2)",
      "signal": "FCF TURNED POSITIVE",
      "detail": "FCF margin: -19.5% -> +3.0%",
      "severity": "HIGH"
    },
    {
      "quarter": "2025-06 (Q2)",
      "signal": "INCREMENTAL MARGIN (YoY)",
      "detail": "YoY Incr OPM: +421.7% vs year-ago OPM: +6.0%",
      "severity": "HIGH"
    },
    {
      "quarter": "2025-03 (Q1)",
      "signal": "YoY REVENUE GROWTH ACCELERATION",
      "detail": "YoY growth: -1.6% vs prior quarter YoY: -6.8% (accel: +5.2%)",
      "severity": "MEDIUM"
    },
    {
      "quarter": "2025-03 (Q1)",
      "signal": "INCREMENTAL MARGIN (YoY)",
      "detail": "YoY Incr OPM: +380.8% vs year-ago OPM: +7.3%",
      "severity": "HIGH"
    },
    {
      "quarter": "2025-03 (Q1)",
      "signal": "OP MARGIN TURNED POSITIVE (QoQ)",
      "detail": "Op margin: -8.2% -> +1.1%",
      "severity": "HIGH"
    },
    {
      "quarter": "2024-12 (Q4)",
      "signal": "FCF MARGIN EXPANSION",
      "detail": "FCF margin: +3.3% -> +13.7% (+10.5%)",
      "severity": "MEDIUM"
    },
    {
      "quarter": "2024-06 (Q2)",
      "signal": "FCF TURNED POSITIVE",
      "detail": "FCF margin: -30.3% -> +5.2%",
      "severity": "HIGH"
    },
    {
      "quarter": "2024-06 (Q2)",
      "signal": "INCREMENTAL MARGIN (YoY)",
      "detail": "YoY Incr OPM: +31.1% vs year-ago OPM: +8.1%",
      "severity": "HIGH"
    },
    {
      "quarter": "2024-03 (Q1)",
      "signal": "GROSS MARGIN INFLECTION",
      "detail": "GM: +20.9% -> +14.1% -> +20.0% (reversal +5.9%)",
      "severity": "HIGH"
    },
    {
      "quarter": "2024-03 (Q1)",
      "signal": "YoY REVENUE GROWTH DECELERATION",
      "detail": "YoY growth: -13.0% vs prior quarter YoY: -3.1% (decel: -9.9%)",
      "severity": "WARNING"
    },
    {
      "quarter": "2024-03 (Q1)",
      "signal": "INCREMENTAL MARGIN (YoY)",
      "detail": "YoY Incr OPM: +64.3% vs year-ago OPM: +14.7%",
      "severity": "HIGH"
    },
    {
      "quarter": "2024-03 (Q1)",
      "signal": "OP MARGIN TURNED POSITIVE (QoQ)",
      "detail": "Op margin: -26.8% -> +7.3%",
      "severity": "HIGH"
    },
    {
      "quarter": "2023-12 (Q4)",
      "signal": "YoY REVENUE GROWTH DECELERATION",
      "detail": "YoY growth: -3.1% vs prior quarter YoY: +3.0% (decel: -6.0%)",
      "severity": "WARNING"
    },
    {
      "quarter": "2023-06 (Q2)",
      "signal": "FCF TURNED POSITIVE",
      "detail": "FCF margin: -15.7% -> +6.2%",
      "severity": "HIGH"
    },
    {
      "quarter": "2023-03 (Q1)",
      "signal": "GROSS MARGIN INFLECTION",
      "detail": "GM: +19.2% -> +15.3% -> +26.4% (reversal +11.1%)",
      "severity": "HIGH"
    },
    {
      "quarter": "2023-03 (Q1)",
      "signal": "INCREMENTAL MARGIN (YoY)",
      "detail": "YoY Incr OPM: +71.9% vs year-ago OPM: +10.0%",
      "severity": "HIGH"
    },
    {
      "quarter": "2022-12 (Q4)",
      "signal": "FCF TURNED POSITIVE",
      "detail": "FCF margin: -29.0% -> +10.9%",
      "severity": "HIGH"
    },
    {
      "quarter": "2022-09 (Q3)",
      "signal": "INCREMENTAL MARGIN (YoY)",
      "detail": "YoY Incr OPM: +179.8% vs year-ago OPM: +7.9%",
      "severity": "HIGH"
    },
    {
      "quarter": "2022-06 (Q2)",
      "signal": "FCF TURNED POSITIVE",
      "detail": "FCF margin: -10.0% -> +5.1%",
      "severity": "HIGH"
    },
    {
      "quarter": "2022-06 (Q2)",
      "signal": "YoY REVENUE GROWTH DECELERATION",
      "detail": "YoY growth: +7.1% vs prior quarter YoY: +12.8% (decel: -5.7%)",
      "severity": "WARNING"
    },
    {
      "quarter": "2022-06 (Q2)",
      "signal": "INCREMENTAL MARGIN (YoY)",
      "detail": "YoY Incr OPM: +81.4% vs year-ago OPM: +14.0%",
      "severity": "HIGH"
    },
    {
      "quarter": "2022-03 (Q1)",
      "signal": "GROSS MARGIN INFLECTION",
      "detail": "GM: +18.8% -> +14.9% -> +18.0% (reversal +3.0%)",
      "severity": "MEDIUM"
    },
    {
      "quarter": "2021-09 (Q3)",
      "signal": "FCF MARGIN EXPANSION",
      "detail": "FCF margin: +7.0% -> +13.7% (+6.6%)",
      "severity": "MEDIUM"
    },
    {
      "quarter": "2021-06 (Q2)",
      "signal": "FCF TURNED POSITIVE",
      "detail": "FCF margin: -9.9% -> +7.0%",
      "severity": "HIGH"
    }
  ],
  "data_quality": {
    "n_quarters": 20,
    "coverage": {
      "revenue": [
        20,
        20
      ],
      "gross_profit": [
        20,
        20
      ],
      "op_income": [
        19,
        20
      ],
      "fcf": [
        20,
        20
      ]
    },
    "gaps": [],
    "warnings": []
  },
  "market_cap": null,
  "source": "SEC EDGAR",
  "last_updated": "2026-02-24T10:54:50.283052"
}