{
  "ticker": "OII",
  "name": "OCEANEERING INTERNATIONAL INC",
  "sector": "Energy",
  "industry": "Oil & Gas Equipment & Services",
  "quarters": [
    {
      "date": "2021-03-31T00:00:00",
      "quarter_label": "2021-03 (Q1)",
      "revenue": 437553000,
      "gross_profit": 56657000,
      "operating_income": 13783000,
      "net_income": null,
      "opex": 42874000,
      "cogs": 380896000,
      "rd": null,
      "sga": 42874000,
      "fcf": -12422000,
      "ocf": -1723000,
      "capex": -10699000,
      "gross_margin": 0.12948602797832492,
      "op_margin": 0.03150018397771241,
      "fcf_margin": -0.02838970364732958
    },
    {
      "date": "2021-06-30T00:00:00",
      "quarter_label": "2021-06 (Q2)",
      "revenue": 498199000,
      "gross_profit": 68397000,
      "operating_income": 22819000,
      "net_income": null,
      "opex": 45578000,
      "cogs": 429802000,
      "rd": null,
      "sga": 45578000,
      "fcf": 37917000,
      "ocf": 50546000,
      "capex": -12629000,
      "gross_margin": 0.13728851322463514,
      "op_margin": 0.04580298234239732,
      "fcf_margin": 0.07610814152577584,
      "op_leverage_ratio": 2.1976514405551573,
      "fcf_margin_change": 0.10449784517310542
    },
    {
      "date": "2021-09-30T00:00:00",
      "quarter_label": "2021-09 (Q3)",
      "revenue": 466814000,
      "gross_profit": 59848000,
      "operating_income": 15769000,
      "net_income": null,
      "opex": 44079000,
      "cogs": 406966000,
      "rd": null,
      "sga": 44079000,
      "fcf": 24008000,
      "ocf": 36496000,
      "capex": -12488000,
      "gross_margin": 0.12820523806055517,
      "op_margin": 0.03378004944153346,
      "fcf_margin": 0.0514294772650349,
      "fcf_margin_change": -0.024678664260740946
    },
    {
      "date": "2021-12-31T00:00:00",
      "quarter_label": "2021-12 (Q4)",
      "revenue": 466709000,
      "gross_profit": 79163000,
      "operating_income": -12572000,
      "net_income": null,
      "opex": 91735000,
      "cogs": 387546000,
      "rd": null,
      "sga": 91735000,
      "fcf": 125612000,
      "ocf": 139995000,
      "capex": -14383000,
      "gross_margin": 0.1696196130779565,
      "op_margin": -0.026937556378814207,
      "fcf_margin": 0.26914415620868676,
      "fcf_margin_change": 0.21771467894365187
    },
    {
      "date": "2022-03-31T00:00:00",
      "quarter_label": "2022-03 (Q1)",
      "revenue": 446159000,
      "gross_profit": 45480000,
      "operating_income": -1039000,
      "net_income": null,
      "opex": 46519000,
      "cogs": 400679000,
      "rd": null,
      "sga": 46519000,
      "fcf": -99820000,
      "ocf": -80501000,
      "capex": -19319000,
      "gross_margin": 0.10193675348922694,
      "op_margin": -0.0023287662021835263,
      "fcf_margin": -0.22373189826945103,
      "incr_op_margin_yoy": -1.7222867766674412,
      "rev_growth_yoy": 0.019668474447666912,
      "fcf_margin_change": -0.49287605447813776
    },
    {
      "date": "2022-06-30T00:00:00",
      "quarter_label": "2022-06 (Q2)",
      "revenue": 524031000,
      "gross_profit": 76041000,
      "operating_income": 22850000,
      "net_income": null,
      "opex": 53191000,
      "cogs": 447990000,
      "rd": null,
      "sga": 53191000,
      "fcf": -60476000,
      "ocf": -43981000,
      "capex": -16495000,
      "gross_margin": 0.14510782759035248,
      "op_margin": 0.043604290585862286,
      "fcf_margin": -0.11540538632256489,
      "incr_op_margin_yoy": 0.0012000619386807062,
      "rev_growth_yoy": 0.05185076646079177,
      "rev_growth_yoy_accel": 0.032182292013124864,
      "op_leverage_ratio": 1.216931137501426,
      "fcf_margin_change": 0.10832651194688614
    },
    {
      "date": "2022-09-30T00:00:00",
      "quarter_label": "2022-09 (Q3)",
      "revenue": 559671000,
      "gross_profit": 95754000,
      "operating_income": 46875000,
      "net_income": null,
      "opex": 48879000,
      "cogs": 463917000,
      "rd": null,
      "sga": 48879000,
      "fcf": 66619000,
      "ocf": 85899000,
      "capex": -19280000,
      "gross_margin": 0.171089800972357,
      "op_margin": 0.08375456294858943,
      "fcf_margin": 0.11903243155353771,
      "incr_op_margin_yoy": 0.33498820767416565,
      "rev_growth_yoy": 0.19891648493832662,
      "rev_growth_yoy_accel": 0.14706571847753486,
      "op_leverage_ratio": null,
      "fcf_margin_change": 0.2344378178761026
    },
    {
      "date": "2022-12-31T00:00:00",
      "quarter_label": "2022-12 (Q4)",
      "revenue": 536223000,
      "gross_profit": 90102000,
      "operating_income": 42177000,
      "net_income": null,
      "opex": 47925000,
      "cogs": 446121000,
      "rd": null,
      "sga": 47925000,
      "fcf": 133517000,
      "ocf": 159466000,
      "capex": -25949000,
      "gross_margin": 0.16803083791631468,
      "op_margin": 0.0786557085391712,
      "fcf_margin": 0.24899528740841032,
      "incr_op_margin_yoy": 0.7875967431021089,
      "rev_growth_yoy": 0.14894505998384433,
      "rev_growth_yoy_accel": -0.049971424954482285,
      "fcf_margin_change": 0.1299628558548726
    },
    {
      "date": "2023-03-31T00:00:00",
      "quarter_label": "2023-03 (Q1)",
      "revenue": 536987000,
      "gross_profit": 77565000,
      "operating_income": 26750000,
      "net_income": null,
      "opex": 50815000,
      "cogs": 459422000,
      "rd": null,
      "sga": 50815000,
      "fcf": -61227000,
      "ocf": -42919000,
      "capex": -18308000,
      "gross_margin": 0.14444483758452253,
      "op_margin": 0.04981498621009447,
      "fcf_margin": -0.11401952002562446,
      "incr_op_margin_yoy": 0.3059519091029198,
      "rev_growth_yoy": 0.20357764832716588,
      "rev_growth_yoy_accel": 0.05463258834332155,
      "fcf_margin_change": -0.3630148074340348
    },
    {
      "date": "2023-06-30T00:00:00",
      "quarter_label": "2023-06 (Q2)",
      "revenue": 597910000,
      "gross_profit": 101080000,
      "operating_income": 49199000,
      "net_income": null,
      "opex": 51881000,
      "cogs": 496830000,
      "rd": null,
      "sga": 51881000,
      "fcf": -1977000,
      "ocf": 20451000,
      "capex": -22428000,
      "gross_margin": 0.16905554347644294,
      "op_margin": 0.08228495927480725,
      "fcf_margin": -0.0033065177033332776,
      "incr_op_margin_yoy": 0.35665073972306066,
      "rev_growth_yoy": 0.14098211747014966,
      "rev_growth_yoy_accel": -0.06259553085701622,
      "op_leverage_ratio": 5.408193654112834,
      "fcf_margin_change": 0.11071300232229118
    },
    {
      "date": "2023-09-30T00:00:00",
      "quarter_label": "2023-09 (Q3)",
      "revenue": 635180000,
      "gross_profit": 114697000,
      "operating_income": 57929000,
      "net_income": null,
      "opex": 56768000,
      "cogs": 520483000,
      "rd": null,
      "sga": 56768000,
      "fcf": 53663000,
      "ocf": 79608000,
      "capex": -25945000,
      "gross_margin": 0.18057401051670394,
      "op_margin": 0.09120091942441513,
      "fcf_margin": 0.08448471299474165,
      "incr_op_margin_yoy": 0.14639314518799085,
      "rev_growth_yoy": 0.13491676359861418,
      "rev_growth_yoy_accel": -0.006065353871535478,
      "op_leverage_ratio": 0.661743333987101,
      "fcf_margin_change": 0.08779123069807493
    },
    {
      "date": "2023-12-31T00:00:00",
      "quarter_label": "2023-12 (Q4)",
      "revenue": 654629000,
      "gross_profit": 105629000,
      "operating_income": 47450000,
      "net_income": null,
      "opex": 58179000,
      "cogs": 549000000,
      "rd": null,
      "sga": 58179000,
      "fcf": 118770000,
      "ocf": 152815000,
      "capex": -34045000,
      "gross_margin": 0.16135704345514787,
      "op_margin": 0.07248380380337566,
      "fcf_margin": 0.1814310090142661,
      "incr_op_margin_yoy": 0.0445332162221509,
      "rev_growth_yoy": 0.22081484755409597,
      "rev_growth_yoy_accel": 0.08589808395548179,
      "op_leverage_ratio": 1.231904499400372,
      "fcf_margin_change": 0.09694629601952444
    },
    {
      "date": "2024-03-31T00:00:00",
      "quarter_label": "2024-03 (Q1)",
      "revenue": 599092000,
      "gross_profit": 92384000,
      "operating_income": 36693000,
      "net_income": null,
      "opex": 55691000,
      "cogs": 506708000,
      "rd": null,
      "sga": 55691000,
      "fcf": -95235000,
      "ocf": -69717000,
      "capex": -25518000,
      "gross_margin": 0.15420669947186744,
      "op_margin": 0.06124768816809438,
      "fcf_margin": -0.15896556789274435,
      "incr_op_margin_yoy": 0.160099830931487,
      "rev_growth_yoy": 0.11565456891880065,
      "rev_growth_yoy_accel": -0.10516027863529533,
      "fcf_margin_change": -0.3403965769070104
    },
    {
      "date": "2024-06-30T00:00:00",
      "quarter_label": "2024-06 (Q2)",
      "revenue": 668808000,
      "gross_profit": 120211000,
      "operating_income": 60364000,
      "net_income": null,
      "opex": 59847000,
      "cogs": 548597000,
      "rd": null,
      "sga": 59847000,
      "fcf": 29765000,
      "ocf": 52623000,
      "capex": -22858000,
      "gross_margin": 0.17973917776103157,
      "op_margin": 0.0902560974151027,
      "fcf_margin": 0.04450455138096434,
      "incr_op_margin_yoy": 0.15747975965471522,
      "rev_growth_yoy": 0.11857637437072469,
      "rev_growth_yoy_accel": 0.0029218054519240394,
      "op_leverage_ratio": 1.5593672839398078,
      "fcf_margin_change": 0.2034701192737087
    },
    {
      "date": "2024-09-30T00:00:00",
      "quarter_label": "2024-09 (Q3)",
      "revenue": 679811000,
      "gross_profit": 130962000,
      "operating_income": 71333000,
      "net_income": null,
      "opex": 59629000,
      "cogs": 548849000,
      "rd": null,
      "sga": 59629000,
      "fcf": 67045000,
      "ocf": 91931000,
      "capex": -24886000,
      "gross_margin": 0.19264472037080896,
      "op_margin": 0.1049306351324118,
      "fcf_margin": 0.09862299962783774,
      "incr_op_margin_yoy": 0.30032936748000266,
      "rev_growth_yoy": 0.07026512169778645,
      "rev_growth_yoy_accel": -0.04831125267293823,
      "op_leverage_ratio": null,
      "fcf_margin_change": 0.0541184482468734
    },
    {
      "date": "2024-12-31T00:00:00",
      "quarter_label": "2024-12 (Q4)",
      "revenue": 713450000,
      "gross_profit": 141937000,
      "operating_income": 77880000,
      "net_income": null,
      "opex": 64057000,
      "cogs": 571513000,
      "rd": null,
      "sga": 64057000,
      "fcf": 94503000,
      "ocf": 128377000,
      "capex": -33874000,
      "gross_margin": 0.19894456514121522,
      "op_margin": 0.10915971686873642,
      "fcf_margin": 0.13245917723736772,
      "incr_op_margin_yoy": 0.5173322452865473,
      "rev_growth_yoy": 0.0898539478086061,
      "rev_growth_yoy_accel": 0.01958882611081965,
      "op_leverage_ratio": 0.6663536841315361,
      "fcf_margin_change": 0.03383617760952998
    },
    {
      "date": "2025-03-31T00:00:00",
      "quarter_label": "2025-03 (Q1)",
      "revenue": 674523000,
      "gross_profit": 135011000,
      "operating_income": 73472000,
      "net_income": null,
      "opex": 61539000,
      "cogs": 539512000,
      "rd": null,
      "sga": 61539000,
      "fcf": -106806000,
      "ocf": -80718000,
      "capex": -26088000,
      "gross_margin": 0.20015774110000698,
      "op_margin": 0.10892438063639046,
      "fcf_margin": -0.15834300683594185,
      "incr_op_margin_yoy": 0.48758468003871086,
      "rev_growth_yoy": 0.12590887543148632,
      "rev_growth_yoy_accel": 0.03605492762288022,
      "fcf_margin_change": -0.2908021840733096
    },
    {
      "date": "2025-06-30T00:00:00",
      "quarter_label": "2025-06 (Q2)",
      "revenue": 698161000,
      "gross_profit": 148427000,
      "operating_income": 79189000,
      "net_income": null,
      "opex": 69238000,
      "cogs": 549734000,
      "rd": null,
      "sga": 69238000,
      "fcf": 46915000,
      "ocf": 77187000,
      "capex": -30272000,
      "gross_margin": 0.21259709436648566,
      "op_margin": 0.11342512686901732,
      "fcf_margin": 0.06719796723105416,
      "incr_op_margin_yoy": 0.6413313800974346,
      "rev_growth_yoy": 0.04388853004150668,
      "rev_growth_yoy_accel": -0.08202034538997964,
      "op_leverage_ratio": 0.28011094617988924,
      "fcf_margin_change": 0.22554097406699603
    },
    {
      "date": "2025-09-30T00:00:00",
      "quarter_label": "2025-09 (Q3)",
      "revenue": 742898000,
      "gross_profit": 152732000,
      "operating_income": 86508000,
      "net_income": null,
      "opex": 66224000,
      "cogs": 590166000,
      "rd": null,
      "sga": 66224000,
      "fcf": 77048000,
      "ocf": 101263000,
      "capex": -24215000,
      "gross_margin": 0.20558946181036966,
      "op_margin": 0.11644667235609733,
      "fcf_margin": 0.10371275733680801,
      "incr_op_margin_yoy": 0.2405408404267123,
      "rev_growth_yoy": 0.09280079316162874,
      "rev_growth_yoy_accel": 0.04891226312012206,
      "op_leverage_ratio": null,
      "fcf_margin_change": 0.036514790105753855
    },
    {
      "date": "2025-12-31T00:00:00",
      "quarter_label": "2025-12 (Q4)",
      "revenue": 668574000,
      "gross_profit": 132272000,
      "operating_income": 65383000,
      "net_income": null,
      "opex": 66889000,
      "cogs": 536302000,
      "rd": null,
      "sga": 66889000,
      "fcf": 190689000,
      "ocf": 221129000,
      "capex": -30440000,
      "gross_margin": 0.1978419741120654,
      "op_margin": 0.09779470933658801,
      "fcf_margin": 0.285217492753233,
      "incr_op_margin_yoy": 0.2784784740172921,
      "rev_growth_yoy": -0.06289999299180041,
      "rev_growth_yoy_accel": -0.15570078615342914,
      "fcf_margin_change": 0.18150473541642498
    }
  ],
  "signals": [
    {
      "quarter": "2025-12 (Q4)",
      "signal": "FCF MARGIN EXPANSION",
      "detail": "FCF margin: +10.4% -> +28.5% (+18.2%)",
      "severity": "MEDIUM"
    },
    {
      "quarter": "2025-12 (Q4)",
      "signal": "YoY REVENUE GROWTH DECELERATION",
      "detail": "YoY growth: -6.3% vs prior quarter YoY: +9.3% (decel: -15.6%)",
      "severity": "WARNING"
    },
    {
      "quarter": "2025-12 (Q4)",
      "signal": "INCREMENTAL MARGIN (YoY)",
      "detail": "YoY Incr OPM: +27.8% vs year-ago OPM: +10.9%",
      "severity": "MEDIUM"
    },
    {
      "quarter": "2025-09 (Q3)",
      "signal": "INCREMENTAL MARGIN (YoY)",
      "detail": "YoY Incr OPM: +24.1% vs year-ago OPM: +10.5%",
      "severity": "MEDIUM"
    },
    {
      "quarter": "2025-06 (Q2)",
      "signal": "FCF TURNED POSITIVE",
      "detail": "FCF margin: -15.8% -> +6.7%",
      "severity": "HIGH"
    },
    {
      "quarter": "2025-06 (Q2)",
      "signal": "YoY REVENUE GROWTH DECELERATION",
      "detail": "YoY growth: +4.4% vs prior quarter YoY: +12.6% (decel: -8.2%)",
      "severity": "WARNING"
    },
    {
      "quarter": "2025-06 (Q2)",
      "signal": "INCREMENTAL MARGIN (YoY)",
      "detail": "YoY Incr OPM: +64.1% vs year-ago OPM: +9.0%",
      "severity": "HIGH"
    },
    {
      "quarter": "2025-03 (Q1)",
      "signal": "INCREMENTAL MARGIN (YoY)",
      "detail": "YoY Incr OPM: +48.8% vs year-ago OPM: +6.1%",
      "severity": "HIGH"
    },
    {
      "quarter": "2024-12 (Q4)",
      "signal": "INCREMENTAL MARGIN (YoY)",
      "detail": "YoY Incr OPM: +51.7% vs year-ago OPM: +7.2%",
      "severity": "HIGH"
    },
    {
      "quarter": "2024-09 (Q3)",
      "signal": "FCF MARGIN EXPANSION",
      "detail": "FCF margin: +4.5% -> +9.9% (+5.4%)",
      "severity": "MEDIUM"
    },
    {
      "quarter": "2024-09 (Q3)",
      "signal": "INCREMENTAL MARGIN (YoY)",
      "detail": "YoY Incr OPM: +30.0% vs year-ago OPM: +9.1%",
      "severity": "HIGH"
    },
    {
      "quarter": "2024-06 (Q2)",
      "signal": "FCF TURNED POSITIVE",
      "detail": "FCF margin: -15.9% -> +4.5%",
      "severity": "HIGH"
    },
    {
      "quarter": "2024-06 (Q2)",
      "signal": "OPERATING LEVERAGE",
      "detail": "Rev growth +11.6% vs OpEx growth +7.5% (leverage: 1.6x)",
      "severity": "MEDIUM"
    },
    {
      "quarter": "2024-06 (Q2)",
      "signal": "GROSS MARGIN INFLECTION",
      "detail": "GM: +16.1% -> +15.4% -> +18.0% (reversal +2.6%)",
      "severity": "MEDIUM"
    },
    {
      "quarter": "2024-03 (Q1)",
      "signal": "YoY REVENUE GROWTH DECELERATION",
      "detail": "YoY growth: +11.6% vs prior quarter YoY: +22.1% (decel: -10.5%)",
      "severity": "WARNING"
    },
    {
      "quarter": "2024-03 (Q1)",
      "signal": "INCREMENTAL MARGIN (YoY)",
      "detail": "YoY Incr OPM: +16.0% vs year-ago OPM: +5.0%",
      "severity": "MEDIUM"
    },
    {
      "quarter": "2023-12 (Q4)",
      "signal": "FCF MARGIN EXPANSION",
      "detail": "FCF margin: +8.4% -> +18.1% (+9.7%)",
      "severity": "MEDIUM"
    },
    {
      "quarter": "2023-12 (Q4)",
      "signal": "YoY REVENUE GROWTH ACCELERATION",
      "detail": "YoY growth: +22.1% vs prior quarter YoY: +13.5% (accel: +8.6%)",
      "severity": "MEDIUM"
    },
    {
      "quarter": "2023-09 (Q3)",
      "signal": "FCF TURNED POSITIVE",
      "detail": "FCF margin: -0.3% -> +8.4%",
      "severity": "HIGH"
    },
    {
      "quarter": "2023-06 (Q2)",
      "signal": "FCF MARGIN EXPANSION",
      "detail": "FCF margin: -11.4% -> -0.3% (+11.1%)",
      "severity": "MEDIUM"
    },
    {
      "quarter": "2023-06 (Q2)",
      "signal": "OPERATING LEVERAGE",
      "detail": "Rev growth +11.3% vs OpEx growth +2.1% (leverage: 5.4x)",
      "severity": "MEDIUM"
    },
    {
      "quarter": "2023-06 (Q2)",
      "signal": "GROSS MARGIN INFLECTION",
      "detail": "GM: +16.8% -> +14.4% -> +16.9% (reversal +2.5%)",
      "severity": "MEDIUM"
    },
    {
      "quarter": "2023-06 (Q2)",
      "signal": "YoY REVENUE GROWTH DECELERATION",
      "detail": "YoY growth: +14.1% vs prior quarter YoY: +20.4% (decel: -6.3%)",
      "severity": "WARNING"
    },
    {
      "quarter": "2023-06 (Q2)",
      "signal": "INCREMENTAL MARGIN (YoY)",
      "detail": "YoY Incr OPM: +35.7% vs year-ago OPM: +4.4%",
      "severity": "HIGH"
    },
    {
      "quarter": "2023-03 (Q1)",
      "signal": "YoY REVENUE GROWTH ACCELERATION",
      "detail": "YoY growth: +20.4% vs prior quarter YoY: +14.9% (accel: +5.5%)",
      "severity": "MEDIUM"
    },
    {
      "quarter": "2023-03 (Q1)",
      "signal": "OP MARGIN TURNED POSITIVE (YoY)",
      "detail": "Op margin: -0.2% (year-ago) -> +5.0%",
      "severity": "HIGH"
    },
    {
      "quarter": "2022-12 (Q4)",
      "signal": "FCF MARGIN EXPANSION",
      "detail": "FCF margin: +11.9% -> +24.9% (+13.0%)",
      "severity": "MEDIUM"
    },
    {
      "quarter": "2022-12 (Q4)",
      "signal": "OP MARGIN TURNED POSITIVE (YoY)",
      "detail": "Op margin: -2.7% (year-ago) -> +7.9%",
      "severity": "HIGH"
    },
    {
      "quarter": "2022-09 (Q3)",
      "signal": "FCF TURNED POSITIVE",
      "detail": "FCF margin: -11.5% -> +11.9%",
      "severity": "HIGH"
    },
    {
      "quarter": "2022-09 (Q3)",
      "signal": "YoY REVENUE GROWTH ACCELERATION",
      "detail": "YoY growth: +19.9% vs prior quarter YoY: +5.2% (accel: +14.7%)",
      "severity": "MEDIUM"
    },
    {
      "quarter": "2022-09 (Q3)",
      "signal": "INCREMENTAL MARGIN (YoY)",
      "detail": "YoY Incr OPM: +33.5% vs year-ago OPM: +3.4%",
      "severity": "HIGH"
    },
    {
      "quarter": "2022-06 (Q2)",
      "signal": "FCF MARGIN EXPANSION",
      "detail": "FCF margin: -22.4% -> -11.5% (+10.8%)",
      "severity": "MEDIUM"
    },
    {
      "quarter": "2022-06 (Q2)",
      "signal": "GROSS MARGIN INFLECTION",
      "detail": "GM: +17.0% -> +10.2% -> +14.5% (reversal +4.3%)",
      "severity": "MEDIUM"
    },
    {
      "quarter": "2022-06 (Q2)",
      "signal": "OP MARGIN TURNED POSITIVE (QoQ)",
      "detail": "Op margin: -0.2% -> +4.4%",
      "severity": "HIGH"
    },
    {
      "quarter": "2021-12 (Q4)",
      "signal": "FCF MARGIN EXPANSION",
      "detail": "FCF margin: +5.1% -> +26.9% (+21.8%)",
      "severity": "MEDIUM"
    },
    {
      "quarter": "2021-12 (Q4)",
      "signal": "GROSS MARGIN INFLECTION",
      "detail": "GM: +13.7% -> +12.8% -> +17.0% (reversal +4.1%)",
      "severity": "MEDIUM"
    },
    {
      "quarter": "2021-06 (Q2)",
      "signal": "FCF TURNED POSITIVE",
      "detail": "FCF margin: -2.8% -> +7.6%",
      "severity": "HIGH"
    },
    {
      "quarter": "2021-06 (Q2)",
      "signal": "OPERATING LEVERAGE",
      "detail": "Rev growth +13.9% vs OpEx growth +6.3% (leverage: 2.2x)",
      "severity": "MEDIUM"
    }
  ],
  "data_quality": {
    "n_quarters": 20,
    "coverage": {
      "revenue": [
        20,
        20
      ],
      "gross_profit": [
        20,
        20
      ],
      "op_income": [
        20,
        20
      ],
      "fcf": [
        20,
        20
      ]
    },
    "gaps": [],
    "warnings": []
  },
  "market_cap": null,
  "source": "SEC EDGAR",
  "last_updated": "2026-02-24T10:15:26.947563"
}