{
  "ticker": "OIS",
  "name": "Oil States International, Inc",
  "quarters": [
    {
      "date": "2020-12-31T00:00:00",
      "quarter_label": "2020-12 (Q4)",
      "revenue": 137377000,
      "gross_profit": -1159000,
      "operating_income": -28364000,
      "net_income": -18747000,
      "opex": 165741000,
      "cogs": 115509000,
      "rd": null,
      "sga": 22597000,
      "fcf": 141000,
      "ocf": 1613000,
      "capex": -1472000,
      "gross_margin": -0.00843663786514482,
      "op_margin": -0.20646833167124046,
      "fcf_margin": 0.0010263726824723206
    },
    {
      "date": "2021-03-31T00:00:00",
      "quarter_label": "2021-03 (Q1)",
      "revenue": 125589000,
      "gross_profit": 23279000,
      "operating_income": -19762000,
      "net_income": -15810000,
      "opex": 145351000,
      "cogs": 102310000,
      "rd": null,
      "sga": 21225000,
      "fcf": -12537000,
      "ocf": -8417000,
      "capex": -4120000,
      "gross_margin": 0.18535859032240085,
      "op_margin": -0.15735454538215926,
      "fcf_margin": -0.09982562167068772,
      "fcf_margin_change": -0.10085199435316004
    },
    {
      "date": "2021-06-30T00:00:00",
      "quarter_label": "2021-06 (Q2)",
      "revenue": 145724000,
      "gross_profit": 28092000,
      "operating_income": -17618000,
      "net_income": -15271000,
      "opex": 163342000,
      "cogs": 117632000,
      "rd": null,
      "sga": 22092000,
      "fcf": 19159000,
      "ocf": 22350000,
      "capex": -3191000,
      "gross_margin": 0.19277538360187751,
      "op_margin": -0.12089978315171146,
      "fcf_margin": 0.1314745683621092,
      "op_leverage_ratio": 1.295277292605735,
      "fcf_margin_change": 0.2313001900327969
    },
    {
      "date": "2021-09-30T00:00:00",
      "quarter_label": "2021-09 (Q3)",
      "revenue": 140528000,
      "gross_profit": 23321000,
      "operating_income": -16139000,
      "net_income": -13042000,
      "opex": 156667000,
      "cogs": 117207000,
      "rd": null,
      "sga": 20078000,
      "fcf": 2973000,
      "ocf": 6639000,
      "capex": -3666000,
      "gross_margin": 0.16595269270181032,
      "op_margin": -0.11484544005465103,
      "fcf_margin": 0.02115592622110896,
      "fcf_margin_change": -0.11031864214100023
    },
    {
      "date": "2021-12-31T00:00:00",
      "quarter_label": "2021-12 (Q4)",
      "revenue": 161320000,
      "gross_profit": 28073000,
      "operating_income": -11273000,
      "net_income": -19870000,
      "opex": 172593000,
      "cogs": 133247000,
      "rd": null,
      "sga": 20297000,
      "fcf": -19918000,
      "ocf": -13378000,
      "capex": -6540000,
      "gross_margin": 0.17402058021324077,
      "op_margin": -0.06987974212744855,
      "fcf_margin": -0.12346888172576247,
      "incr_op_margin_yoy": 0.7138203232677609,
      "rev_growth_yoy": 0.17428681657045939,
      "op_leverage_ratio": 1.4554732129609635,
      "fcf_margin_change": -0.14462480794687144
    },
    {
      "date": "2022-03-31T00:00:00",
      "quarter_label": "2022-03 (Q1)",
      "revenue": 164044000,
      "gross_profit": 37440000,
      "operating_income": -4336000,
      "net_income": -9424000,
      "opex": 168380000,
      "cogs": 126604000,
      "rd": null,
      "sga": 23833000,
      "fcf": -13593000,
      "ocf": -10735000,
      "capex": -2858000,
      "gross_margin": 0.22823145009875398,
      "op_margin": -0.02643193289605228,
      "fcf_margin": -0.08286191509594987,
      "incr_op_margin_yoy": 0.4011441945130672,
      "rev_growth_yoy": 0.3061971987992579,
      "rev_growth_yoy_accel": 0.1319103822287985,
      "op_leverage_ratio": Infinity,
      "fcf_margin_change": 0.0406069666298126
    },
    {
      "date": "2022-06-30T00:00:00",
      "quarter_label": "2022-06 (Q2)",
      "revenue": 181834000,
      "gross_profit": 39678000,
      "operating_income": -1090000,
      "net_income": -5144000,
      "opex": 182924000,
      "cogs": 142156000,
      "rd": null,
      "sga": 23757000,
      "fcf": -2895000,
      "ocf": 700000,
      "capex": -3595000,
      "gross_margin": 0.2182100157286316,
      "op_margin": -0.005994478480372207,
      "fcf_margin": -0.01592111486300692,
      "incr_op_margin_yoy": 0.45771254500138464,
      "rev_growth_yoy": 0.2477972056764843,
      "rev_growth_yoy_accel": -0.05839999312277358,
      "op_leverage_ratio": 1.2555159575234303,
      "fcf_margin_change": 0.06694080023294295
    },
    {
      "date": "2022-09-30T00:00:00",
      "quarter_label": "2022-09 (Q3)",
      "revenue": 189394000,
      "gross_profit": 38095000,
      "operating_income": 5058000,
      "net_income": 2143000,
      "opex": 184336000,
      "cogs": 151299000,
      "rd": null,
      "sga": 23374000,
      "fcf": 22218000,
      "ocf": 29028000,
      "capex": -6810000,
      "gross_margin": 0.2011415356347086,
      "op_margin": 0.026706231454005934,
      "fcf_margin": 0.11731100246047921,
      "incr_op_margin_yoy": 0.4337780870134654,
      "rev_growth_yoy": 0.34773141295684845,
      "rev_growth_yoy_accel": 0.09993420728036415,
      "op_leverage_ratio": 5.386202731807092,
      "fcf_margin_change": 0.13323211732348614
    },
    {
      "date": "2022-12-31T00:00:00",
      "quarter_label": "2022-12 (Q4)",
      "revenue": 202434000,
      "gross_profit": 43937000,
      "operating_income": 3273000,
      "net_income": 2885000,
      "opex": 199161000,
      "cogs": 158497000,
      "rd": null,
      "sga": 25074000,
      "fcf": 6866000,
      "ocf": 13869000,
      "capex": -7003000,
      "gross_margin": 0.21704357963583193,
      "op_margin": 0.016168232609146686,
      "fcf_margin": 0.03391722734323285,
      "incr_op_margin_yoy": 0.35379676022765966,
      "rev_growth_yoy": 0.25485990577733697,
      "rev_growth_yoy_accel": -0.09287150717951148,
      "op_leverage_ratio": 0.8561046031595118,
      "fcf_margin_change": -0.08339377511724635
    },
    {
      "date": "2023-03-31T00:00:00",
      "quarter_label": "2023-03 (Q1)",
      "revenue": 196199000,
      "gross_profit": 45464000,
      "operating_income": 5875000,
      "net_income": 2158000,
      "opex": 190324000,
      "cogs": 150735000,
      "rd": null,
      "sga": 24016000,
      "fcf": -12486000,
      "ocf": -5918000,
      "capex": -6568000,
      "gross_margin": 0.23172391296591727,
      "op_margin": 0.029944087380669625,
      "fcf_margin": -0.0636394680910708,
      "incr_op_margin_yoy": 0.31755559011040274,
      "rev_growth_yoy": 0.19601448391894857,
      "rev_growth_yoy_accel": -0.0588454218583884,
      "fcf_margin_change": -0.09755669543430365
    },
    {
      "date": "2023-06-30T00:00:00",
      "quarter_label": "2023-06 (Q2)",
      "revenue": 183529000,
      "gross_profit": 41499000,
      "operating_income": 3269000,
      "net_income": 558000,
      "opex": 180260000,
      "cogs": 142030000,
      "rd": null,
      "sga": 23528000,
      "fcf": 33890000,
      "ocf": 44660000,
      "capex": -10770000,
      "gross_margin": 0.22611685346729946,
      "op_margin": 0.017811898936952744,
      "fcf_margin": 0.18465746557764712,
      "incr_op_margin_yoy": 2.5716814159292034,
      "rev_growth_yoy": 0.009321689013055865,
      "rev_growth_yoy_accel": -0.18669279490589272,
      "fcf_margin_change": 0.2482969336687179
    },
    {
      "date": "2023-09-30T00:00:00",
      "quarter_label": "2023-09 (Q3)",
      "revenue": 194289000,
      "gross_profit": 43862000,
      "operating_income": 6190000,
      "net_income": 4212000,
      "opex": 188099000,
      "cogs": 150427000,
      "rd": null,
      "sga": 24241000,
      "fcf": 7603000,
      "ocf": 13635000,
      "capex": -6032000,
      "gross_margin": 0.22575647617724112,
      "op_margin": 0.03185975531296162,
      "fcf_margin": 0.03913242643690585,
      "incr_op_margin_yoy": 0.23125638406537283,
      "rev_growth_yoy": 0.025845591729410648,
      "rev_growth_yoy_accel": 0.01652390271635478,
      "op_leverage_ratio": 1.3481750181704795,
      "fcf_margin_change": -0.14552503914074127
    },
    {
      "date": "2023-12-31T00:00:00",
      "quarter_label": "2023-12 (Q4)",
      "revenue": 208266000,
      "gross_profit": 44570000,
      "operating_income": 7830000,
      "net_income": 5963000,
      "opex": 200436000,
      "cogs": 163696000,
      "rd": null,
      "sga": 22400000,
      "fcf": 4198000,
      "ocf": 4198000,
      "capex": null,
      "gross_margin": 0.21400516646980303,
      "op_margin": 0.037596151076027776,
      "fcf_margin": 0.020156914714835834,
      "incr_op_margin_yoy": 0.7813786008230452,
      "rev_growth_yoy": 0.02880938972702214,
      "rev_growth_yoy_accel": 0.002963797997611494,
      "op_leverage_ratio": 1.0968384696434088,
      "fcf_margin_change": -0.018975511722070015
    },
    {
      "date": "2024-03-31T00:00:00",
      "quarter_label": "2024-03 (Q1)",
      "revenue": 167262000,
      "gross_profit": 35311000,
      "operating_income": -11177000,
      "net_income": -13374000,
      "opex": 178439000,
      "cogs": 131951000,
      "rd": null,
      "sga": 22496000,
      "fcf": -11360000,
      "ocf": -11360000,
      "capex": null,
      "gross_margin": 0.21111190826368212,
      "op_margin": -0.06682330714687137,
      "fcf_margin": -0.06791739905059128,
      "incr_op_margin_yoy": 0.589280160348343,
      "rev_growth_yoy": -0.1474880096228829,
      "rev_growth_yoy_accel": -0.17629739934990502,
      "fcf_margin_change": -0.08807431376542713
    },
    {
      "date": "2024-06-30T00:00:00",
      "quarter_label": "2024-06 (Q2)",
      "revenue": 186383000,
      "gross_profit": 44350000,
      "operating_income": 2045000,
      "net_income": 1301000,
      "opex": 184338000,
      "cogs": 142033000,
      "rd": null,
      "sga": 26373000,
      "fcf": 10242000,
      "ocf": 10242000,
      "capex": null,
      "gross_margin": 0.23795088607866596,
      "op_margin": 0.010972030710955398,
      "fcf_margin": 0.05495136359002699,
      "incr_op_margin_yoy": -0.4288717589348283,
      "rev_growth_yoy": 0.015550675914978015,
      "rev_growth_yoy_accel": 0.1630386855378609,
      "op_leverage_ratio": 3.457997704010057,
      "fcf_margin_change": 0.12286876264061827
    },
    {
      "date": "2024-09-30T00:00:00",
      "quarter_label": "2024-09 (Q3)",
      "revenue": 174348000,
      "gross_profit": 37759000,
      "operating_income": -11041000,
      "net_income": -14349000,
      "opex": 185389000,
      "cogs": 136589000,
      "rd": null,
      "sga": 22754000,
      "fcf": 28802000,
      "ocf": 28802000,
      "capex": null,
      "gross_margin": 0.2165726019225916,
      "op_margin": -0.06332736825200175,
      "fcf_margin": 0.16519833895427535,
      "incr_op_margin_yoy": 0.8640990923223509,
      "rev_growth_yoy": -0.10263576424810462,
      "rev_growth_yoy_accel": -0.11818644016308263,
      "fcf_margin_change": 0.11024697536424836
    },
    {
      "date": "2024-12-31T00:00:00",
      "quarter_label": "2024-12 (Q4)",
      "revenue": 164595000,
      "gross_profit": 38967000,
      "operating_income": 18484000,
      "net_income": 15164000,
      "opex": 146111000,
      "cogs": 125628000,
      "rd": null,
      "sga": 23386000,
      "fcf": 18210000,
      "ocf": 18210000,
      "capex": null,
      "gross_margin": 0.23674473708192836,
      "op_margin": 0.1122998876029041,
      "fcf_margin": 0.11063519547981408,
      "incr_op_margin_yoy": -0.2439605230015342,
      "rev_growth_yoy": -0.20968857134625912,
      "rev_growth_yoy_accel": -0.1070528070981545,
      "fcf_margin_change": -0.05456314347446127
    },
    {
      "date": "2025-03-31T00:00:00",
      "quarter_label": "2025-03 (Q1)",
      "revenue": 159938000,
      "gross_profit": 37261000,
      "operating_income": 5639000,
      "net_income": 3158000,
      "opex": 154299000,
      "cogs": 122677000,
      "rd": null,
      "sga": 22530000,
      "fcf": 9295000,
      "ocf": 9295000,
      "capex": null,
      "gross_margin": 0.23297152646650576,
      "op_margin": 0.03525741224724581,
      "fcf_margin": 0.058116270054646174,
      "incr_op_margin_yoy": -2.29601310759148,
      "rev_growth_yoy": -0.043787590725926986,
      "rev_growth_yoy_accel": 0.16590098062033215,
      "fcf_margin_change": -0.05251892542516791
    },
    {
      "date": "2025-06-30T00:00:00",
      "quarter_label": "2025-06 (Q2)",
      "revenue": 165406000,
      "gross_profit": 40066000,
      "operating_income": 5277000,
      "net_income": 2811000,
      "opex": 160129000,
      "cogs": 125340000,
      "rd": null,
      "sga": 22981000,
      "fcf": 14995000,
      "ocf": 14995000,
      "capex": null,
      "gross_margin": 0.24222821421230184,
      "op_margin": 0.031903316687423675,
      "fcf_margin": 0.09065571986505931,
      "incr_op_margin_yoy": -0.15407350908137485,
      "rev_growth_yoy": -0.11254781820230386,
      "rev_growth_yoy_accel": -0.06876022747637688,
      "op_leverage_ratio": 0.9048391886504392,
      "fcf_margin_change": 0.03253944981041314
    },
    {
      "date": "2025-09-30T00:00:00",
      "quarter_label": "2025-09 (Q3)",
      "revenue": 165180000,
      "gross_profit": 36534000,
      "operating_income": 4748000,
      "net_income": 1900000,
      "opex": 160432000,
      "cogs": 128646000,
      "rd": null,
      "sga": 20756000,
      "fcf": 30685000,
      "ocf": 30685000,
      "capex": null,
      "gross_margin": 0.2211768979295314,
      "op_margin": 0.028744400048432015,
      "fcf_margin": 0.18576704201477176,
      "incr_op_margin_yoy": -1.7221858638743455,
      "rev_growth_yoy": -0.05258448620001376,
      "rev_growth_yoy_accel": 0.0599633320022901,
      "fcf_margin_change": 0.09511132214971245
    }
  ],
  "signals": [
    {
      "quarter": "2025-09 (Q3)",
      "signal": "FCF MARGIN EXPANSION",
      "detail": "FCF margin: +9.1% -> +18.6% (+9.5%)",
      "severity": "MEDIUM"
    },
    {
      "quarter": "2025-09 (Q3)",
      "signal": "YoY REVENUE GROWTH ACCELERATION",
      "detail": "YoY growth: -5.3% vs prior quarter YoY: -11.3% (accel: +6.0%)",
      "severity": "MEDIUM"
    },
    {
      "quarter": "2025-09 (Q3)",
      "signal": "OP MARGIN TURNED POSITIVE (YoY)",
      "detail": "Op margin: -6.3% (year-ago) -> +2.9%",
      "severity": "HIGH"
    },
    {
      "quarter": "2025-06 (Q2)",
      "signal": "YoY REVENUE GROWTH DECELERATION",
      "detail": "YoY growth: -11.3% vs prior quarter YoY: -4.4% (decel: -6.9%)",
      "severity": "WARNING"
    },
    {
      "quarter": "2025-03 (Q1)",
      "signal": "YoY REVENUE GROWTH ACCELERATION",
      "detail": "YoY growth: -4.4% vs prior quarter YoY: -21.0% (accel: +16.6%)",
      "severity": "HIGH"
    },
    {
      "quarter": "2025-03 (Q1)",
      "signal": "OP MARGIN TURNED POSITIVE (YoY)",
      "detail": "Op margin: -6.7% (year-ago) -> +3.5%",
      "severity": "HIGH"
    },
    {
      "quarter": "2024-12 (Q4)",
      "signal": "GROSS MARGIN INFLECTION",
      "detail": "GM: +23.8% -> +21.7% -> +23.7% (reversal +2.0%)",
      "severity": "MEDIUM"
    },
    {
      "quarter": "2024-12 (Q4)",
      "signal": "YoY REVENUE GROWTH DECELERATION",
      "detail": "YoY growth: -21.0% vs prior quarter YoY: -10.3% (decel: -10.7%)",
      "severity": "WARNING"
    },
    {
      "quarter": "2024-12 (Q4)",
      "signal": "OP MARGIN TURNED POSITIVE (QoQ)",
      "detail": "Op margin: -6.3% -> +11.2%",
      "severity": "HIGH"
    },
    {
      "quarter": "2024-09 (Q3)",
      "signal": "FCF MARGIN EXPANSION",
      "detail": "FCF margin: +5.5% -> +16.5% (+11.0%)",
      "severity": "MEDIUM"
    },
    {
      "quarter": "2024-09 (Q3)",
      "signal": "YoY REVENUE GROWTH DECELERATION",
      "detail": "YoY growth: -10.3% vs prior quarter YoY: +1.6% (decel: -11.8%)",
      "severity": "WARNING"
    },
    {
      "quarter": "2024-06 (Q2)",
      "signal": "FCF TURNED POSITIVE",
      "detail": "FCF margin: -6.8% -> +5.5%",
      "severity": "HIGH"
    },
    {
      "quarter": "2024-06 (Q2)",
      "signal": "OPERATING LEVERAGE",
      "detail": "Rev growth +11.4% vs OpEx growth +3.3% (leverage: 3.5x)",
      "severity": "MEDIUM"
    },
    {
      "quarter": "2024-06 (Q2)",
      "signal": "GROSS MARGIN INFLECTION",
      "detail": "GM: +21.4% -> +21.1% -> +23.8% (reversal +2.7%)",
      "severity": "MEDIUM"
    },
    {
      "quarter": "2024-06 (Q2)",
      "signal": "YoY REVENUE GROWTH ACCELERATION",
      "detail": "YoY growth: +1.6% vs prior quarter YoY: -14.7% (accel: +16.3%)",
      "severity": "HIGH"
    },
    {
      "quarter": "2024-06 (Q2)",
      "signal": "OP MARGIN TURNED POSITIVE (QoQ)",
      "detail": "Op margin: -6.7% -> +1.1%",
      "severity": "HIGH"
    },
    {
      "quarter": "2024-03 (Q1)",
      "signal": "YoY REVENUE GROWTH DECELERATION",
      "detail": "YoY growth: -14.7% vs prior quarter YoY: +2.9% (decel: -17.6%)",
      "severity": "WARNING"
    },
    {
      "quarter": "2023-12 (Q4)",
      "signal": "INCREMENTAL MARGIN (YoY)",
      "detail": "YoY Incr OPM: +78.1% vs year-ago OPM: +1.6%",
      "severity": "HIGH"
    },
    {
      "quarter": "2023-09 (Q3)",
      "signal": "INCREMENTAL MARGIN (YoY)",
      "detail": "YoY Incr OPM: +23.1% vs year-ago OPM: +2.7%",
      "severity": "HIGH"
    },
    {
      "quarter": "2023-06 (Q2)",
      "signal": "FCF TURNED POSITIVE",
      "detail": "FCF margin: -6.4% -> +18.5%",
      "severity": "HIGH"
    },
    {
      "quarter": "2023-06 (Q2)",
      "signal": "YoY REVENUE GROWTH DECELERATION",
      "detail": "YoY growth: +0.9% vs prior quarter YoY: +19.6% (decel: -18.7%)",
      "severity": "WARNING"
    },
    {
      "quarter": "2023-06 (Q2)",
      "signal": "OP MARGIN TURNED POSITIVE (YoY)",
      "detail": "Op margin: -0.6% (year-ago) -> +1.8%",
      "severity": "HIGH"
    },
    {
      "quarter": "2023-03 (Q1)",
      "signal": "YoY REVENUE GROWTH DECELERATION",
      "detail": "YoY growth: +19.6% vs prior quarter YoY: +25.5% (decel: -5.9%)",
      "severity": "WARNING"
    },
    {
      "quarter": "2023-03 (Q1)",
      "signal": "OP MARGIN TURNED POSITIVE (YoY)",
      "detail": "Op margin: -2.6% (year-ago) -> +3.0%",
      "severity": "HIGH"
    },
    {
      "quarter": "2022-12 (Q4)",
      "signal": "YoY REVENUE GROWTH DECELERATION",
      "detail": "YoY growth: +25.5% vs prior quarter YoY: +34.8% (decel: -9.3%)",
      "severity": "WARNING"
    },
    {
      "quarter": "2022-12 (Q4)",
      "signal": "OP MARGIN TURNED POSITIVE (YoY)",
      "detail": "Op margin: -7.0% (year-ago) -> +1.6%",
      "severity": "HIGH"
    },
    {
      "quarter": "2022-09 (Q3)",
      "signal": "FCF TURNED POSITIVE",
      "detail": "FCF margin: -1.6% -> +11.7%",
      "severity": "HIGH"
    },
    {
      "quarter": "2022-09 (Q3)",
      "signal": "OPERATING LEVERAGE",
      "detail": "Rev growth +4.2% vs OpEx growth +0.8% (leverage: 5.4x)",
      "severity": "MEDIUM"
    },
    {
      "quarter": "2022-09 (Q3)",
      "signal": "YoY REVENUE GROWTH ACCELERATION",
      "detail": "YoY growth: +34.8% vs prior quarter YoY: +24.8% (accel: +10.0%)",
      "severity": "MEDIUM"
    },
    {
      "quarter": "2022-09 (Q3)",
      "signal": "OP MARGIN TURNED POSITIVE (YoY)",
      "detail": "Op margin: -11.5% (year-ago) -> +2.7%",
      "severity": "HIGH"
    },
    {
      "quarter": "2022-09 (Q3)",
      "signal": "OP MARGIN TURNED POSITIVE (QoQ)",
      "detail": "Op margin: -0.6% -> +2.7%",
      "severity": "HIGH"
    },
    {
      "quarter": "2022-06 (Q2)",
      "signal": "FCF MARGIN EXPANSION",
      "detail": "FCF margin: -8.3% -> -1.6% (+6.7%)",
      "severity": "MEDIUM"
    },
    {
      "quarter": "2022-06 (Q2)",
      "signal": "YoY REVENUE GROWTH DECELERATION",
      "detail": "YoY growth: +24.8% vs prior quarter YoY: +30.6% (decel: -5.8%)",
      "severity": "WARNING"
    },
    {
      "quarter": "2022-03 (Q1)",
      "signal": "YoY REVENUE GROWTH ACCELERATION",
      "detail": "YoY growth: +30.6% vs prior quarter YoY: +17.4% (accel: +13.2%)",
      "severity": "MEDIUM"
    },
    {
      "quarter": "2021-06 (Q2)",
      "signal": "FCF TURNED POSITIVE",
      "detail": "FCF margin: -10.0% -> +13.1%",
      "severity": "HIGH"
    }
  ],
  "data_quality": {
    "n_quarters": 20,
    "coverage": {
      "revenue": [
        20,
        20
      ],
      "gross_profit": [
        20,
        20
      ],
      "op_income": [
        20,
        20
      ],
      "fcf": [
        20,
        20
      ]
    },
    "gaps": [],
    "warnings": []
  },
  "market_cap": null,
  "source": "SEC EDGAR",
  "last_updated": "2026-02-02T22:23:42.407693"
}