{
  "ticker": "OKE",
  "name": "ONEOK, Inc.",
  "quarters": [
    {
      "date": "2020-12-31T00:00:00",
      "quarter_label": "2020-12 (Q4)",
      "revenue": 2570577000,
      "gross_profit": 943491000,
      "operating_income": 538663000,
      "net_income": null,
      "opex": 404828000,
      "cogs": 1627086000,
      "rd": null,
      "sga": null,
      "fcf": 524562000,
      "ocf": 795940000,
      "capex": -271378000,
      "gross_margin": 0.3670347163302247,
      "op_margin": 0.20954945134886058,
      "fcf_margin": 0.2040639124990226
    },
    {
      "date": "2021-03-31T00:00:00",
      "quarter_label": "2021-03 (Q1)",
      "revenue": 3194679000,
      "gross_profit": 1073169000,
      "operating_income": 664721000,
      "net_income": null,
      "opex": 408448000,
      "cogs": 2121510000,
      "rd": null,
      "sga": null,
      "fcf": 356583000,
      "ocf": 533317000,
      "capex": -176734000,
      "gross_margin": 0.3359238909449118,
      "op_margin": 0.20807129605196642,
      "fcf_margin": 0.11161778695136507,
      "op_leverage_ratio": 27.15106874182301,
      "fcf_margin_change": -0.09244612554765752
    },
    {
      "date": "2021-06-30T00:00:00",
      "quarter_label": "2021-06 (Q2)",
      "revenue": 3388964000,
      "gross_profit": 1021985000,
      "operating_income": 611512000,
      "net_income": null,
      "opex": 410473000,
      "cogs": 2366979000,
      "rd": null,
      "sga": null,
      "fcf": 397278000,
      "ocf": 544666000,
      "capex": -147388000,
      "gross_margin": 0.30156266044726354,
      "op_margin": 0.18044216462612173,
      "fcf_margin": 0.11722697555949252,
      "op_leverage_ratio": 12.26658834507452,
      "fcf_margin_change": 0.005609188608127452
    },
    {
      "date": "2021-09-30T00:00:00",
      "quarter_label": "2021-09 (Q3)",
      "revenue": 4536175000,
      "gross_profit": 1087048000,
      "operating_income": 667859000,
      "net_income": null,
      "opex": 419189000,
      "cogs": 3449127000,
      "rd": null,
      "sga": null,
      "fcf": 246972000,
      "ocf": 413179000,
      "capex": -166207000,
      "gross_margin": 0.23963978462030236,
      "op_margin": 0.14722954912453776,
      "fcf_margin": 0.05444498944595391,
      "op_leverage_ratio": 15.942033631421284,
      "fcf_margin_change": -0.06278198611353861
    },
    {
      "date": "2021-12-31T00:00:00",
      "quarter_label": "2021-12 (Q4)",
      "revenue": 5420491000,
      "gross_profit": 1101452000,
      "operating_income": 652167000,
      "net_income": null,
      "opex": 449285000,
      "cogs": 4319039000,
      "rd": null,
      "sga": null,
      "fcf": 848167000,
      "ocf": 1054838000,
      "capex": -206671000,
      "gross_margin": 0.20320151809125778,
      "op_margin": 0.12031511536501029,
      "fcf_margin": 0.15647420132235254,
      "incr_op_margin_yoy": 0.03982716671450437,
      "rev_growth_yoy": 1.108667042457783,
      "op_leverage_ratio": 2.715306014509322,
      "fcf_margin_change": 0.10202921187639863
    },
    {
      "date": "2022-03-31T00:00:00",
      "quarter_label": "2022-03 (Q1)",
      "revenue": 5444609000,
      "gross_profit": 1078661000,
      "operating_income": 662456000,
      "net_income": null,
      "opex": 416205000,
      "cogs": 4365948000,
      "rd": null,
      "sga": null,
      "fcf": 206000000,
      "ocf": 463000000,
      "capex": -257000000,
      "gross_margin": 0.19811542022576828,
      "op_margin": 0.12167191436520051,
      "fcf_margin": 0.03783559113243944,
      "incr_op_margin_yoy": -0.0010066979861595693,
      "rev_growth_yoy": 0.7042742009447585,
      "rev_growth_yoy_accel": -0.40439284151302446,
      "fcf_margin_change": -0.11863861018991309
    },
    {
      "date": "2022-06-30T00:00:00",
      "quarter_label": "2022-06 (Q2)",
      "revenue": 5996721000,
      "gross_profit": 1118722000,
      "operating_income": 688950000,
      "net_income": null,
      "opex": 429772000,
      "cogs": 4877999000,
      "rd": null,
      "sga": null,
      "fcf": 485000000,
      "ocf": 787000000,
      "capex": -302000000,
      "gross_margin": 0.18655561931262102,
      "op_margin": 0.11488778617514471,
      "fcf_margin": 0.08087753290506595,
      "incr_op_margin_yoy": 0.029695251513081933,
      "rev_growth_yoy": 0.7694850107584501,
      "rev_growth_yoy_accel": 0.06521080981369165,
      "op_leverage_ratio": 3.1108850083061688,
      "fcf_margin_change": 0.04304194177262651
    },
    {
      "date": "2022-09-30T00:00:00",
      "quarter_label": "2022-09 (Q3)",
      "revenue": 5913531000,
      "gross_profit": 1140857000,
      "operating_income": 699201000,
      "net_income": null,
      "opex": 441656000,
      "cogs": 4772674000,
      "rd": null,
      "sga": null,
      "fcf": 289000000,
      "ocf": 616000000,
      "capex": -327000000,
      "gross_margin": 0.19292314524097362,
      "op_margin": 0.11823747943487571,
      "fcf_margin": 0.04887097066033813,
      "incr_op_margin_yoy": 0.02275519183130578,
      "rev_growth_yoy": 0.3036381973799512,
      "rev_growth_yoy_accel": -0.4658468133784989,
      "fcf_margin_change": -0.032006562244727824
    },
    {
      "date": "2022-12-31T00:00:00",
      "quarter_label": "2022-12 (Q4)",
      "revenue": 5032031000,
      "gross_profit": 1138786000,
      "operating_income": 756812000,
      "net_income": null,
      "opex": 381974000,
      "cogs": 3893245000,
      "rd": null,
      "sga": null,
      "fcf": 724000000,
      "ocf": 1040000000,
      "capex": -316000000,
      "gross_margin": 0.22630742934612286,
      "op_margin": 0.15039891447409603,
      "fcf_margin": 0.1438782869183437,
      "incr_op_margin_yoy": -0.26938423518508986,
      "rev_growth_yoy": -0.07166509454586309,
      "rev_growth_yoy_accel": -0.37530329192581424,
      "fcf_margin_change": 0.09500731625800557
    },
    {
      "date": "2023-03-31T00:00:00",
      "quarter_label": "2023-03 (Q1)",
      "revenue": 4521000000,
      "gross_profit": 1174000000,
      "operating_income": 1497000000,
      "net_income": null,
      "opex": -323000000,
      "cogs": 3347000000,
      "rd": null,
      "sga": null,
      "fcf": 932000000,
      "ocf": 1221000000,
      "capex": -289000000,
      "gross_margin": 0.25967706259677065,
      "op_margin": 0.33112143331121435,
      "fcf_margin": 0.20614908206149082,
      "incr_op_margin_yoy": -0.9035685013896573,
      "rev_growth_yoy": -0.1696373421856372,
      "rev_growth_yoy_accel": -0.09797224763977411,
      "fcf_margin_change": 0.06227079514314712
    },
    {
      "date": "2023-06-30T00:00:00",
      "quarter_label": "2023-06 (Q2)",
      "revenue": 3732000000,
      "gross_profit": 1250000000,
      "operating_income": 737000000,
      "net_income": null,
      "opex": 513000000,
      "cogs": 2482000000,
      "rd": null,
      "sga": null,
      "fcf": 467000000,
      "ocf": 772000000,
      "capex": -305000000,
      "gross_margin": 0.334941050375134,
      "op_margin": 0.197481243301179,
      "fcf_margin": 0.12513397642015006,
      "incr_op_margin_yoy": -0.02121674148824513,
      "rev_growth_yoy": -0.3776598911305028,
      "rev_growth_yoy_accel": -0.2080225489448656,
      "fcf_margin_change": -0.08101510564134076
    },
    {
      "date": "2023-09-30T00:00:00",
      "quarter_label": "2023-09 (Q3)",
      "revenue": 4189000000,
      "gross_profit": 1390000000,
      "operating_income": 739000000,
      "net_income": null,
      "opex": 651000000,
      "cogs": 2799000000,
      "rd": null,
      "sga": null,
      "fcf": 522000000,
      "ocf": 920000000,
      "capex": -398000000,
      "gross_margin": 0.3318214370971592,
      "op_margin": 0.17641441871568395,
      "fcf_margin": 0.12461207925519217,
      "incr_op_margin_yoy": -0.023078158641392937,
      "rev_growth_yoy": -0.2916245809821577,
      "rev_growth_yoy_accel": 0.08603531014834509,
      "op_leverage_ratio": 0.45521110023766254,
      "fcf_margin_change": -0.000521897164957888
    },
    {
      "date": "2023-12-31T00:00:00",
      "quarter_label": "2023-12 (Q4)",
      "revenue": 5235000000,
      "gross_profit": 1934000000,
      "operating_income": 1099000000,
      "net_income": null,
      "opex": 835000000,
      "cogs": 3301000000,
      "rd": null,
      "sga": null,
      "fcf": 905000000,
      "ocf": 1508000000,
      "capex": -603000000,
      "gross_margin": 0.3694364851957975,
      "op_margin": 0.2099331423113658,
      "fcf_margin": 0.1728748806112703,
      "incr_op_margin_yoy": 1.6859126270514218,
      "rev_growth_yoy": 0.04033540333912887,
      "rev_growth_yoy_accel": 0.3319599843212866,
      "op_leverage_ratio": 0.8834551153642564,
      "fcf_margin_change": 0.04826280135607812
    },
    {
      "date": "2024-03-31T00:00:00",
      "quarter_label": "2024-03 (Q1)",
      "revenue": 4781000000,
      "gross_profit": 1884000000,
      "operating_income": 1064000000,
      "net_income": 639000000,
      "opex": 820000000,
      "cogs": 2897000000,
      "rd": null,
      "sga": null,
      "fcf": 84000000,
      "ocf": 596000000,
      "capex": -512000000,
      "gross_margin": 0.3940598201213135,
      "op_margin": 0.2225475841874085,
      "fcf_margin": 0.017569546120058566,
      "incr_op_margin_yoy": -1.6653846153846155,
      "rev_growth_yoy": 0.057509400575094,
      "rev_growth_yoy_accel": 0.017173997235965133,
      "fcf_margin_change": -0.15530533449121173
    },
    {
      "date": "2024-06-30T00:00:00",
      "quarter_label": "2024-06 (Q2)",
      "revenue": 4894000000,
      "gross_profit": 2003000000,
      "operating_income": 1229000000,
      "net_income": 780000000,
      "opex": 774000000,
      "cogs": 2891000000,
      "rd": null,
      "sga": null,
      "fcf": 951000000,
      "ocf": 1430000000,
      "capex": -479000000,
      "gross_margin": 0.40927666530445445,
      "op_margin": 0.2511238250919493,
      "fcf_margin": 0.19431957498978342,
      "incr_op_margin_yoy": 0.423407917383821,
      "rev_growth_yoy": 0.31136120042872456,
      "rev_growth_yoy_accel": 0.25385179985363054,
      "op_leverage_ratio": Infinity,
      "fcf_margin_change": 0.17675002886972485
    },
    {
      "date": "2024-09-30T00:00:00",
      "quarter_label": "2024-09 (Q3)",
      "revenue": 5023000000,
      "gross_profit": 1996000000,
      "operating_income": 1128000000,
      "net_income": 693000000,
      "opex": 868000000,
      "cogs": 3027000000,
      "rd": null,
      "sga": null,
      "fcf": 783000000,
      "ocf": 1251000000,
      "capex": -468000000,
      "gross_margin": 0.3973720883933904,
      "op_margin": 0.22456699183754728,
      "fcf_margin": 0.1558829384829783,
      "incr_op_margin_yoy": 0.46642685851318944,
      "rev_growth_yoy": 0.19909286225829553,
      "rev_growth_yoy_accel": -0.11226833817042903,
      "op_leverage_ratio": 0.21703953603631018,
      "fcf_margin_change": -0.03843663650680512
    },
    {
      "date": "2024-12-31T00:00:00",
      "quarter_label": "2024-12 (Q4)",
      "revenue": 7000000000,
      "gross_profit": 2504000000,
      "operating_income": 1568000000,
      "net_income": 923000000,
      "opex": 936000000,
      "cogs": 4496000000,
      "rd": null,
      "sga": null,
      "fcf": 1049000000,
      "ocf": 1611000000,
      "capex": -562000000,
      "gross_margin": 0.3577142857142857,
      "op_margin": 0.224,
      "fcf_margin": 0.14985714285714286,
      "incr_op_margin_yoy": 0.26572237960339945,
      "rev_growth_yoy": 0.33715377268385865,
      "rev_growth_yoy_accel": 0.13806091042556312,
      "op_leverage_ratio": 5.024054057219145,
      "fcf_margin_change": -0.0060257956258354395
    },
    {
      "date": "2025-03-31T00:00:00",
      "quarter_label": "2025-03 (Q1)",
      "revenue": 8043000000,
      "gross_profit": 2388000000,
      "operating_income": 1220000000,
      "net_income": 636000000,
      "opex": 1168000000,
      "cogs": 5655000000,
      "rd": null,
      "sga": null,
      "fcf": 275000000,
      "ocf": 904000000,
      "capex": -629000000,
      "gross_margin": 0.2969041402461768,
      "op_margin": 0.1516846947656347,
      "fcf_margin": 0.034191222180778316,
      "incr_op_margin_yoy": 0.04782342121397915,
      "rev_growth_yoy": 0.6822840409956076,
      "rev_growth_yoy_accel": 0.3451302683117489,
      "op_leverage_ratio": 0.6011379310344828,
      "fcf_margin_change": -0.11566592067636454
    },
    {
      "date": "2025-06-30T00:00:00",
      "quarter_label": "2025-06 (Q2)",
      "revenue": 7887000000,
      "gross_profit": 2527000000,
      "operating_income": 1431000000,
      "net_income": 841000000,
      "opex": 1096000000,
      "cogs": 5360000000,
      "rd": null,
      "sga": null,
      "fcf": 776000000,
      "ocf": 1525000000,
      "capex": -749000000,
      "gross_margin": 0.3204006593127932,
      "op_margin": 0.18143780905287182,
      "fcf_margin": 0.09838975529352098,
      "incr_op_margin_yoy": 0.06749081189442031,
      "rev_growth_yoy": 0.611565181855333,
      "rev_growth_yoy_accel": -0.07071885914027454,
      "fcf_margin_change": 0.06419853311274266
    },
    {
      "date": "2025-09-30T00:00:00",
      "quarter_label": "2025-09 (Q3)",
      "revenue": 8634000000,
      "gross_profit": 2672000000,
      "operating_income": 1558000000,
      "net_income": 939000000,
      "opex": 1114000000,
      "cogs": 5962000000,
      "rd": null,
      "sga": null,
      "fcf": 820000000,
      "ocf": 1624000000,
      "capex": -804000000,
      "gross_margin": 0.3094741718786194,
      "op_margin": 0.18044938614778783,
      "fcf_margin": 0.09497336113041464,
      "incr_op_margin_yoy": 0.11908058709498753,
      "rev_growth_yoy": 0.718893091777822,
      "rev_growth_yoy_accel": 0.10732790992248897,
      "op_leverage_ratio": 5.766958285786737,
      "fcf_margin_change": -0.003416394163106337
    }
  ],
  "signals": [
    {
      "quarter": "2025-09 (Q3)",
      "signal": "OPERATING LEVERAGE",
      "detail": "Rev growth +9.5% vs OpEx growth +1.6% (leverage: 5.8x)",
      "severity": "MEDIUM"
    },
    {
      "quarter": "2025-09 (Q3)",
      "signal": "YoY REVENUE GROWTH ACCELERATION",
      "detail": "YoY growth: +71.9% vs prior quarter YoY: +61.2% (accel: +10.7%)",
      "severity": "MEDIUM"
    },
    {
      "quarter": "2025-06 (Q2)",
      "signal": "FCF MARGIN EXPANSION",
      "detail": "FCF margin: +3.4% -> +9.8% (+6.4%)",
      "severity": "MEDIUM"
    },
    {
      "quarter": "2025-06 (Q2)",
      "signal": "GROSS MARGIN INFLECTION",
      "detail": "GM: +35.8% -> +29.7% -> +32.0% (reversal +2.3%)",
      "severity": "MEDIUM"
    },
    {
      "quarter": "2025-06 (Q2)",
      "signal": "YoY REVENUE GROWTH DECELERATION",
      "detail": "YoY growth: +61.2% vs prior quarter YoY: +68.2% (decel: -7.1%)",
      "severity": "WARNING"
    },
    {
      "quarter": "2025-03 (Q1)",
      "signal": "YoY REVENUE GROWTH ACCELERATION",
      "detail": "YoY growth: +68.2% vs prior quarter YoY: +33.7% (accel: +34.5%)",
      "severity": "HIGH"
    },
    {
      "quarter": "2024-12 (Q4)",
      "signal": "OPERATING LEVERAGE",
      "detail": "Rev growth +39.4% vs OpEx growth +7.8% (leverage: 5.0x)",
      "severity": "MEDIUM"
    },
    {
      "quarter": "2024-12 (Q4)",
      "signal": "YoY REVENUE GROWTH ACCELERATION",
      "detail": "YoY growth: +33.7% vs prior quarter YoY: +19.9% (accel: +13.8%)",
      "severity": "MEDIUM"
    },
    {
      "quarter": "2024-09 (Q3)",
      "signal": "YoY REVENUE GROWTH DECELERATION",
      "detail": "YoY growth: +19.9% vs prior quarter YoY: +31.1% (decel: -11.2%)",
      "severity": "WARNING"
    },
    {
      "quarter": "2024-09 (Q3)",
      "signal": "INCREMENTAL MARGIN (YoY)",
      "detail": "YoY Incr OPM: +46.6% vs year-ago OPM: +17.6%",
      "severity": "HIGH"
    },
    {
      "quarter": "2024-06 (Q2)",
      "signal": "FCF MARGIN EXPANSION",
      "detail": "FCF margin: +1.8% -> +19.4% (+17.7%)",
      "severity": "MEDIUM"
    },
    {
      "quarter": "2024-06 (Q2)",
      "signal": "YoY REVENUE GROWTH ACCELERATION",
      "detail": "YoY growth: +31.1% vs prior quarter YoY: +5.8% (accel: +25.4%)",
      "severity": "HIGH"
    },
    {
      "quarter": "2024-06 (Q2)",
      "signal": "INCREMENTAL MARGIN (YoY)",
      "detail": "YoY Incr OPM: +42.3% vs year-ago OPM: +19.7%",
      "severity": "HIGH"
    },
    {
      "quarter": "2023-12 (Q4)",
      "signal": "GROSS MARGIN INFLECTION",
      "detail": "GM: +33.5% -> +33.2% -> +36.9% (reversal +3.8%)",
      "severity": "MEDIUM"
    },
    {
      "quarter": "2023-12 (Q4)",
      "signal": "YoY REVENUE GROWTH ACCELERATION",
      "detail": "YoY growth: +4.0% vs prior quarter YoY: -29.2% (accel: +33.2%)",
      "severity": "HIGH"
    },
    {
      "quarter": "2023-12 (Q4)",
      "signal": "INCREMENTAL MARGIN (YoY)",
      "detail": "YoY Incr OPM: +168.6% vs year-ago OPM: +15.0%",
      "severity": "HIGH"
    },
    {
      "quarter": "2023-09 (Q3)",
      "signal": "YoY REVENUE GROWTH ACCELERATION",
      "detail": "YoY growth: -29.2% vs prior quarter YoY: -37.8% (accel: +8.6%)",
      "severity": "MEDIUM"
    },
    {
      "quarter": "2023-06 (Q2)",
      "signal": "YoY REVENUE GROWTH DECELERATION",
      "detail": "YoY growth: -37.8% vs prior quarter YoY: -17.0% (decel: -20.8%)",
      "severity": "WARNING"
    },
    {
      "quarter": "2023-03 (Q1)",
      "signal": "FCF MARGIN EXPANSION",
      "detail": "FCF margin: +14.4% -> +20.6% (+6.2%)",
      "severity": "MEDIUM"
    },
    {
      "quarter": "2023-03 (Q1)",
      "signal": "YoY REVENUE GROWTH DECELERATION",
      "detail": "YoY growth: -17.0% vs prior quarter YoY: -7.2% (decel: -9.8%)",
      "severity": "WARNING"
    },
    {
      "quarter": "2022-12 (Q4)",
      "signal": "FCF MARGIN EXPANSION",
      "detail": "FCF margin: +4.9% -> +14.4% (+9.5%)",
      "severity": "MEDIUM"
    },
    {
      "quarter": "2022-12 (Q4)",
      "signal": "YoY REVENUE GROWTH DECELERATION",
      "detail": "YoY growth: -7.2% vs prior quarter YoY: +30.4% (decel: -37.5%)",
      "severity": "WARNING"
    },
    {
      "quarter": "2022-09 (Q3)",
      "signal": "YoY REVENUE GROWTH DECELERATION",
      "detail": "YoY growth: +30.4% vs prior quarter YoY: +76.9% (decel: -46.6%)",
      "severity": "WARNING"
    },
    {
      "quarter": "2022-06 (Q2)",
      "signal": "OPERATING LEVERAGE",
      "detail": "Rev growth +10.1% vs OpEx growth +3.3% (leverage: 3.1x)",
      "severity": "MEDIUM"
    },
    {
      "quarter": "2022-06 (Q2)",
      "signal": "YoY REVENUE GROWTH ACCELERATION",
      "detail": "YoY growth: +76.9% vs prior quarter YoY: +70.4% (accel: +6.5%)",
      "severity": "MEDIUM"
    },
    {
      "quarter": "2022-03 (Q1)",
      "signal": "YoY REVENUE GROWTH DECELERATION",
      "detail": "YoY growth: +70.4% vs prior quarter YoY: +110.9% (decel: -40.4%)",
      "severity": "WARNING"
    },
    {
      "quarter": "2021-12 (Q4)",
      "signal": "FCF MARGIN EXPANSION",
      "detail": "FCF margin: +5.4% -> +15.6% (+10.2%)",
      "severity": "MEDIUM"
    },
    {
      "quarter": "2021-12 (Q4)",
      "signal": "OPERATING LEVERAGE",
      "detail": "Rev growth +19.5% vs OpEx growth +7.2% (leverage: 2.7x)",
      "severity": "MEDIUM"
    },
    {
      "quarter": "2021-09 (Q3)",
      "signal": "OPERATING LEVERAGE",
      "detail": "Rev growth +33.9% vs OpEx growth +2.1% (leverage: 15.9x)",
      "severity": "MEDIUM"
    },
    {
      "quarter": "2021-06 (Q2)",
      "signal": "OPERATING LEVERAGE",
      "detail": "Rev growth +6.1% vs OpEx growth +0.5% (leverage: 12.3x)",
      "severity": "MEDIUM"
    },
    {
      "quarter": "2021-03 (Q1)",
      "signal": "OPERATING LEVERAGE",
      "detail": "Rev growth +24.3% vs OpEx growth +0.9% (leverage: 27.2x)",
      "severity": "MEDIUM"
    }
  ],
  "data_quality": {
    "n_quarters": 20,
    "coverage": {
      "revenue": [
        20,
        20
      ],
      "gross_profit": [
        20,
        20
      ],
      "op_income": [
        20,
        20
      ],
      "fcf": [
        20,
        20
      ]
    },
    "gaps": [],
    "warnings": []
  },
  "market_cap": null,
  "source": "SEC EDGAR",
  "last_updated": "2026-02-02T20:00:13.667523"
}