{
  "ticker": "OKTA",
  "name": "Okta, Inc.",
  "quarters": [
    {
      "date": "2021-01-31T00:00:00",
      "quarter_label": "2021-01 (Q1)",
      "revenue": 234740000,
      "gross_profit": 173600000,
      "operating_income": -54596000,
      "net_income": -75806000,
      "opex": 228196000,
      "cogs": 61140000,
      "rd": 62316000,
      "sga": null,
      "fcf": 33244000,
      "ocf": 34947000,
      "capex": -1703000,
      "gross_margin": 0.7395416205163159,
      "op_margin": -0.23258072761352985,
      "fcf_margin": 0.141620516315924
    },
    {
      "date": "2021-04-30T00:00:00",
      "quarter_label": "2021-04 (Q2)",
      "revenue": 251006000,
      "gross_profit": 184883000,
      "operating_income": -90681000,
      "net_income": -109232000,
      "opex": 275564000,
      "cogs": 66123000,
      "rd": 68863000,
      "sga": null,
      "fcf": 52816000,
      "ocf": 56075000,
      "capex": -3259000,
      "gross_margin": 0.7365680501661315,
      "op_margin": -0.3612702485199557,
      "fcf_margin": 0.21041728086181208,
      "op_leverage_ratio": 0.3338233008503646,
      "fcf_margin_change": 0.06879676454588807
    },
    {
      "date": "2021-07-31T00:00:00",
      "quarter_label": "2021-07 (Q3)",
      "revenue": 315500000,
      "gross_profit": 214394000,
      "operating_income": -263440000,
      "net_income": -276682000,
      "opex": 477834000,
      "cogs": 101106000,
      "rd": 122407000,
      "sga": null,
      "fcf": -3383000,
      "ocf": -2608000,
      "capex": -775000,
      "gross_margin": 0.6795372424722662,
      "op_margin": -0.8349920760697306,
      "fcf_margin": -0.010722662440570524,
      "op_leverage_ratio": 0.35004688404340983,
      "fcf_margin_change": -0.2211399433023826
    },
    {
      "date": "2021-10-31T00:00:00",
      "quarter_label": "2021-10 (Q4)",
      "revenue": 350680000,
      "gross_profit": 241006000,
      "operating_income": -198556000,
      "net_income": -221311000,
      "opex": 439562000,
      "cogs": 109674000,
      "rd": 130535000,
      "sga": null,
      "fcf": 35354000,
      "ocf": 37120000,
      "capex": -1766000,
      "gross_margin": 0.6872533363750428,
      "op_margin": -0.566202805976959,
      "fcf_margin": 0.1008155583437892,
      "op_leverage_ratio": Infinity,
      "fcf_margin_change": 0.11153822078435972
    },
    {
      "date": "2022-01-31T00:00:00",
      "quarter_label": "2022-01 (Q1)",
      "revenue": 383015000,
      "gross_profit": 263513000,
      "operating_income": -214426000,
      "net_income": -241186000,
      "opex": 477939000,
      "cogs": 119502000,
      "rd": 147454000,
      "sga": null,
      "fcf": 6213000,
      "ocf": 13413000,
      "capex": -7200000,
      "gross_margin": 0.6879965536597783,
      "op_margin": -0.5598370820986123,
      "fcf_margin": 0.01622129681605159,
      "incr_op_margin_yoy": -1.077929522846063,
      "rev_growth_yoy": 0.6316563005878845,
      "op_leverage_ratio": 1.0561144530044553,
      "fcf_margin_change": -0.08459426152773761
    },
    {
      "date": "2022-04-30T00:00:00",
      "quarter_label": "2022-04 (Q2)",
      "revenue": 414943000,
      "gross_profit": 283778000,
      "operating_income": -239689000,
      "net_income": -242713000,
      "opex": 523467000,
      "cogs": 131165000,
      "rd": 161651000,
      "sga": null,
      "fcf": 14000000,
      "ocf": 19000000,
      "capex": -5000000,
      "gross_margin": 0.6838963423891956,
      "op_margin": -0.5776431943664552,
      "fcf_margin": 0.033739573869182034,
      "incr_op_margin_yoy": -0.9089345297278832,
      "rev_growth_yoy": 0.6531198457407392,
      "rev_growth_yoy_accel": 0.021463545152854757,
      "op_leverage_ratio": 0.8750841750679559,
      "fcf_margin_change": 0.017518277053130443
    },
    {
      "date": "2022-07-31T00:00:00",
      "quarter_label": "2022-07 (Q3)",
      "revenue": 451807000,
      "gross_profit": 314113000,
      "operating_income": -208062000,
      "net_income": -210472000,
      "opex": 522175000,
      "cogs": 137694000,
      "rd": 155836000,
      "sga": null,
      "fcf": -21000000,
      "ocf": -19000000,
      "capex": -2000000,
      "gross_margin": 0.6952371255868103,
      "op_margin": -0.4605107933254686,
      "fcf_margin": -0.046480023549878596,
      "incr_op_margin_yoy": 0.40627407249811087,
      "rev_growth_yoy": 0.4320348652931854,
      "rev_growth_yoy_accel": -0.2210849804475538,
      "op_leverage_ratio": Infinity,
      "fcf_margin_change": -0.08021959741906062
    },
    {
      "date": "2022-10-31T00:00:00",
      "quarter_label": "2022-10 (Q4)",
      "revenue": 481042000,
      "gross_profit": 343389000,
      "operating_income": -206599000,
      "net_income": -208897000,
      "opex": 549988000,
      "cogs": 137653000,
      "rd": 148484000,
      "sga": null,
      "fcf": 8000000,
      "ocf": 10000000,
      "capex": -2000000,
      "gross_margin": 0.7138441134038193,
      "op_margin": -0.42948224895123505,
      "fcf_margin": 0.016630564482934963,
      "incr_op_margin_yoy": -0.061697427164357714,
      "rev_growth_yoy": 0.3717406182274438,
      "rev_growth_yoy_accel": -0.0602942470657416,
      "op_leverage_ratio": 1.2148380401035657,
      "fcf_margin_change": 0.06311058803281355
    },
    {
      "date": "2023-01-31T00:00:00",
      "quarter_label": "2023-01 (Q1)",
      "revenue": 510208000,
      "gross_profit": 370720000,
      "operating_income": -157650000,
      "net_income": -152918000,
      "opex": 528370000,
      "cogs": 139488000,
      "rd": 154029000,
      "sga": null,
      "fcf": 73000000,
      "ocf": 76000000,
      "capex": -3000000,
      "gross_margin": 0.726605619668841,
      "op_margin": -0.30899162694430504,
      "fcf_margin": 0.14307890115403912,
      "incr_op_margin_yoy": 0.4463767660169978,
      "rev_growth_yoy": 0.33208359985901337,
      "rev_growth_yoy_accel": -0.03965701836843044,
      "op_leverage_ratio": Infinity,
      "fcf_margin_change": 0.12644833667110417
    },
    {
      "date": "2023-04-30T00:00:00",
      "quarter_label": "2023-04 (Q2)",
      "revenue": 518000000,
      "gross_profit": 376000000,
      "operating_income": -160000000,
      "net_income": -119000000,
      "opex": 536000000,
      "cogs": 142000000,
      "rd": 163000000,
      "sga": null,
      "fcf": 129000000,
      "ocf": 129000000,
      "capex": null,
      "gross_margin": 0.7258687258687259,
      "op_margin": -0.3088803088803089,
      "fcf_margin": 0.24903474903474904,
      "incr_op_margin_yoy": 0.7732516956635648,
      "rev_growth_yoy": 0.2483642331597352,
      "rev_growth_yoy_accel": -0.08371936669927818,
      "op_leverage_ratio": 1.0575850256369113,
      "fcf_margin_change": 0.10595584788070991
    },
    {
      "date": "2023-07-31T00:00:00",
      "quarter_label": "2023-07 (Q3)",
      "revenue": 556000000,
      "gross_profit": 407000000,
      "operating_income": -162000000,
      "net_income": -111000000,
      "opex": 569000000,
      "cogs": 149000000,
      "rd": 172000000,
      "sga": null,
      "fcf": 51000000,
      "ocf": 53000000,
      "capex": -2000000,
      "gross_margin": 0.7320143884892086,
      "op_margin": -0.29136690647482016,
      "fcf_margin": 0.09172661870503597,
      "incr_op_margin_yoy": 0.4420834413060378,
      "rev_growth_yoy": 0.2306139568444048,
      "rev_growth_yoy_accel": -0.017750276315330382,
      "op_leverage_ratio": 1.1915291915291917,
      "fcf_margin_change": -0.15730813032971308
    },
    {
      "date": "2023-10-31T00:00:00",
      "quarter_label": "2023-10 (Q4)",
      "revenue": 584000000,
      "gross_profit": 439000000,
      "operating_income": -111000000,
      "net_income": -81000000,
      "opex": 550000000,
      "cogs": 145000000,
      "rd": 165000000,
      "sga": null,
      "fcf": 153000000,
      "ocf": 156000000,
      "capex": -3000000,
      "gross_margin": 0.7517123287671232,
      "op_margin": -0.19006849315068494,
      "fcf_margin": 0.261986301369863,
      "incr_op_margin_yoy": 0.9285242526078595,
      "rev_growth_yoy": 0.21403120725425223,
      "rev_growth_yoy_accel": -0.016582749590152573,
      "op_leverage_ratio": Infinity,
      "fcf_margin_change": 0.17025968266482705
    },
    {
      "date": "2024-01-31T00:00:00",
      "quarter_label": "2024-01 (Q1)",
      "revenue": 605000000,
      "gross_profit": 460000000,
      "operating_income": -83000000,
      "net_income": -44000000,
      "opex": 543000000,
      "cogs": 145000000,
      "rd": 156000000,
      "sga": null,
      "fcf": 171000000,
      "ocf": 174000000,
      "capex": -3000000,
      "gross_margin": 0.7603305785123967,
      "op_margin": -0.1371900826446281,
      "fcf_margin": 0.28264462809917357,
      "incr_op_margin_yoy": 0.7875137142374884,
      "rev_growth_yoy": 0.1857908931259408,
      "rev_growth_yoy_accel": -0.028240314128311433,
      "op_leverage_ratio": Infinity,
      "fcf_margin_change": 0.02065832672931056
    },
    {
      "date": "2024-04-30T00:00:00",
      "quarter_label": "2024-04 (Q2)",
      "revenue": 617000000,
      "gross_profit": 469000000,
      "operating_income": -47000000,
      "net_income": -40000000,
      "opex": 516000000,
      "cogs": 148000000,
      "rd": 163000000,
      "sga": null,
      "fcf": 218000000,
      "ocf": 219000000,
      "capex": -1000000,
      "gross_margin": 0.7601296596434359,
      "op_margin": -0.07617504051863858,
      "fcf_margin": 0.353322528363047,
      "incr_op_margin_yoy": 1.1414141414141414,
      "rev_growth_yoy": 0.19111969111969113,
      "rev_growth_yoy_accel": 0.005328797993750328,
      "op_leverage_ratio": Infinity,
      "fcf_margin_change": 0.07067790026387344
    },
    {
      "date": "2024-07-31T00:00:00",
      "quarter_label": "2024-07 (Q3)",
      "revenue": 646000000,
      "gross_profit": 491000000,
      "operating_income": -19000000,
      "net_income": 29000000,
      "opex": 510000000,
      "cogs": 155000000,
      "rd": 164000000,
      "sga": null,
      "fcf": 81000000,
      "ocf": 86000000,
      "capex": -5000000,
      "gross_margin": 0.760061919504644,
      "op_margin": -0.029411764705882353,
      "fcf_margin": 0.12538699690402477,
      "incr_op_margin_yoy": 1.5888888888888888,
      "rev_growth_yoy": 0.1618705035971223,
      "rev_growth_yoy_accel": -0.02924918752256883,
      "op_leverage_ratio": Infinity,
      "fcf_margin_change": -0.22793553145902223
    },
    {
      "date": "2024-10-31T00:00:00",
      "quarter_label": "2024-10 (Q4)",
      "revenue": 665000000,
      "gross_profit": 508000000,
      "operating_income": -16000000,
      "net_income": 16000000,
      "opex": 524000000,
      "cogs": 157000000,
      "rd": 158000000,
      "sga": null,
      "fcf": 158000000,
      "ocf": 159000000,
      "capex": -1000000,
      "gross_margin": 0.7639097744360902,
      "op_margin": -0.02406015037593985,
      "fcf_margin": 0.23759398496240602,
      "incr_op_margin_yoy": 1.1728395061728396,
      "rev_growth_yoy": 0.1386986301369863,
      "rev_growth_yoy_accel": -0.023171873460135994,
      "op_leverage_ratio": 1.0714285714285714,
      "fcf_margin_change": 0.11220698805838125
    },
    {
      "date": "2025-01-31T00:00:00",
      "quarter_label": "2025-01 (Q1)",
      "revenue": 682000000,
      "gross_profit": 524000000,
      "operating_income": 8000000,
      "net_income": 23000000,
      "opex": 516000000,
      "cogs": 158000000,
      "rd": 157000000,
      "sga": null,
      "fcf": 285000000,
      "ocf": 286000000,
      "capex": -1000000,
      "gross_margin": 0.7683284457478006,
      "op_margin": 0.011730205278592375,
      "fcf_margin": 0.4178885630498534,
      "incr_op_margin_yoy": 1.1818181818181819,
      "rev_growth_yoy": 0.12727272727272726,
      "rev_growth_yoy_accel": -0.011425902864259041,
      "op_leverage_ratio": Infinity,
      "fcf_margin_change": 0.18029457808744737
    },
    {
      "date": "2025-04-30T00:00:00",
      "quarter_label": "2025-04 (Q2)",
      "revenue": 688000000,
      "gross_profit": 533000000,
      "operating_income": 39000000,
      "net_income": 62000000,
      "opex": 494000000,
      "cogs": 155000000,
      "rd": 154000000,
      "sga": null,
      "fcf": 240000000,
      "ocf": 241000000,
      "capex": -1000000,
      "gross_margin": 0.7747093023255814,
      "op_margin": 0.056686046511627904,
      "fcf_margin": 0.3488372093023256,
      "incr_op_margin_yoy": 1.2112676056338028,
      "rev_growth_yoy": 0.11507293354943274,
      "rev_growth_yoy_accel": -0.012199793723294522,
      "fcf_margin_change": -0.0690513537475278
    },
    {
      "date": "2025-07-31T00:00:00",
      "quarter_label": "2025-07 (Q3)",
      "revenue": 728000000,
      "gross_profit": 560000000,
      "operating_income": 41000000,
      "net_income": 67000000,
      "opex": 519000000,
      "cogs": 168000000,
      "rd": 160000000,
      "sga": null,
      "fcf": 165000000,
      "ocf": 167000000,
      "capex": -2000000,
      "gross_margin": 0.7692307692307693,
      "op_margin": 0.05631868131868132,
      "fcf_margin": 0.22664835164835165,
      "incr_op_margin_yoy": 0.7317073170731707,
      "rev_growth_yoy": 0.12693498452012383,
      "rev_growth_yoy_accel": 0.011862050970691096,
      "op_leverage_ratio": 1.1488372093023256,
      "fcf_margin_change": -0.12218885765397394
    },
    {
      "date": "2025-10-31T00:00:00",
      "quarter_label": "2025-10 (Q4)",
      "revenue": 742000000,
      "gross_profit": 572000000,
      "operating_income": 23000000,
      "net_income": 43000000,
      "opex": 549000000,
      "cogs": 170000000,
      "rd": 160000000,
      "sga": null,
      "fcf": 214000000,
      "ocf": 218000000,
      "capex": -4000000,
      "gross_margin": 0.77088948787062,
      "op_margin": 0.03099730458221024,
      "fcf_margin": 0.2884097035040431,
      "incr_op_margin_yoy": 0.5064935064935064,
      "rev_growth_yoy": 0.11578947368421053,
      "rev_growth_yoy_accel": -0.011145510835913308,
      "op_leverage_ratio": 0.33269230769230773,
      "fcf_margin_change": 0.061761351855691454
    }
  ],
  "signals": [
    {
      "quarter": "2025-10 (Q4)",
      "signal": "FCF MARGIN EXPANSION",
      "detail": "FCF margin: +22.7% -> +28.8% (+6.2%)",
      "severity": "MEDIUM"
    },
    {
      "quarter": "2025-10 (Q4)",
      "signal": "OP MARGIN TURNED POSITIVE (YoY)",
      "detail": "Op margin: -2.4% (year-ago) -> +3.1%",
      "severity": "HIGH"
    },
    {
      "quarter": "2025-07 (Q3)",
      "signal": "OP MARGIN TURNED POSITIVE (YoY)",
      "detail": "Op margin: -2.9% (year-ago) -> +5.6%",
      "severity": "HIGH"
    },
    {
      "quarter": "2025-04 (Q2)",
      "signal": "OP MARGIN TURNED POSITIVE (YoY)",
      "detail": "Op margin: -7.6% (year-ago) -> +5.7%",
      "severity": "HIGH"
    },
    {
      "quarter": "2025-01 (Q1)",
      "signal": "FCF MARGIN EXPANSION",
      "detail": "FCF margin: +23.8% -> +41.8% (+18.0%)",
      "severity": "MEDIUM"
    },
    {
      "quarter": "2025-01 (Q1)",
      "signal": "OP MARGIN TURNED POSITIVE (YoY)",
      "detail": "Op margin: -13.7% (year-ago) -> +1.2%",
      "severity": "HIGH"
    },
    {
      "quarter": "2025-01 (Q1)",
      "signal": "OP MARGIN TURNED POSITIVE (QoQ)",
      "detail": "Op margin: -2.4% -> +1.2%",
      "severity": "HIGH"
    },
    {
      "quarter": "2024-10 (Q4)",
      "signal": "FCF MARGIN EXPANSION",
      "detail": "FCF margin: +12.5% -> +23.8% (+11.2%)",
      "severity": "MEDIUM"
    },
    {
      "quarter": "2024-04 (Q2)",
      "signal": "FCF MARGIN EXPANSION",
      "detail": "FCF margin: +28.3% -> +35.3% (+7.1%)",
      "severity": "MEDIUM"
    },
    {
      "quarter": "2023-10 (Q4)",
      "signal": "FCF MARGIN EXPANSION",
      "detail": "FCF margin: +9.2% -> +26.2% (+17.0%)",
      "severity": "MEDIUM"
    },
    {
      "quarter": "2023-04 (Q2)",
      "signal": "FCF MARGIN EXPANSION",
      "detail": "FCF margin: +14.3% -> +24.9% (+10.6%)",
      "severity": "MEDIUM"
    },
    {
      "quarter": "2023-04 (Q2)",
      "signal": "YoY REVENUE GROWTH DECELERATION",
      "detail": "YoY growth: +24.8% vs prior quarter YoY: +33.2% (decel: -8.4%)",
      "severity": "WARNING"
    },
    {
      "quarter": "2023-01 (Q1)",
      "signal": "FCF MARGIN EXPANSION",
      "detail": "FCF margin: +1.7% -> +14.3% (+12.6%)",
      "severity": "MEDIUM"
    },
    {
      "quarter": "2022-10 (Q4)",
      "signal": "FCF TURNED POSITIVE",
      "detail": "FCF margin: -4.6% -> +1.7%",
      "severity": "HIGH"
    },
    {
      "quarter": "2022-10 (Q4)",
      "signal": "YoY REVENUE GROWTH DECELERATION",
      "detail": "YoY growth: +37.2% vs prior quarter YoY: +43.2% (decel: -6.0%)",
      "severity": "WARNING"
    },
    {
      "quarter": "2022-07 (Q3)",
      "signal": "YoY REVENUE GROWTH DECELERATION",
      "detail": "YoY growth: +43.2% vs prior quarter YoY: +65.3% (decel: -22.1%)",
      "severity": "WARNING"
    },
    {
      "quarter": "2021-10 (Q4)",
      "signal": "FCF TURNED POSITIVE",
      "detail": "FCF margin: -1.1% -> +10.1%",
      "severity": "HIGH"
    },
    {
      "quarter": "2021-04 (Q2)",
      "signal": "FCF MARGIN EXPANSION",
      "detail": "FCF margin: +14.2% -> +21.0% (+6.9%)",
      "severity": "MEDIUM"
    }
  ],
  "data_quality": {
    "n_quarters": 20,
    "coverage": {
      "revenue": [
        20,
        20
      ],
      "gross_profit": [
        20,
        20
      ],
      "op_income": [
        20,
        20
      ],
      "fcf": [
        20,
        20
      ]
    },
    "gaps": [],
    "warnings": []
  },
  "market_cap": null,
  "source": "SEC EDGAR",
  "last_updated": "2026-02-02T20:24:05.885231",
  "sector": "Technology",
  "industry": "Software - Infrastructure"
}