{
  "ticker": "OLED",
  "name": "UNIVERSAL DISPLAY CORPORATION",
  "quarters": [
    {
      "date": "2020-12-31T00:00:00",
      "quarter_label": "2020-12 (Q4)",
      "revenue": 141543000,
      "gross_profit": 114545000,
      "operating_income": 65779000,
      "net_income": 53902000,
      "opex": 48766000,
      "cogs": 26998000,
      "rd": 22186000,
      "sga": 16217000,
      "fcf": 64187000,
      "ocf": 72965000,
      "capex": -8778000,
      "gross_margin": 0.8092593770091068,
      "op_margin": 0.464728033177197,
      "fcf_margin": 0.45348056774266476
    },
    {
      "date": "2021-03-31T00:00:00",
      "quarter_label": "2021-03 (Q1)",
      "revenue": 134000000,
      "gross_profit": 110702000,
      "operating_income": 63558000,
      "net_income": 51687000,
      "opex": 47144000,
      "cogs": 23298000,
      "rd": 23305000,
      "sga": 16404000,
      "fcf": 19558000,
      "ocf": 29496000,
      "capex": -9938000,
      "gross_margin": 0.826134328358209,
      "op_margin": 0.4743134328358209,
      "fcf_margin": 0.145955223880597,
      "fcf_margin_change": -0.30752534386206776
    },
    {
      "date": "2021-06-30T00:00:00",
      "quarter_label": "2021-06 (Q2)",
      "revenue": 129660000,
      "gross_profit": 101691000,
      "operating_income": 49896000,
      "net_income": 40541000,
      "opex": 51795000,
      "cogs": 27969000,
      "rd": 24101000,
      "sga": 20239000,
      "fcf": 18890000,
      "ocf": 29620000,
      "capex": -10730000,
      "gross_margin": 0.784289680703378,
      "op_margin": 0.3848218417399352,
      "fcf_margin": 0.14568872435600802,
      "fcf_margin_change": -0.00026649952458898674
    },
    {
      "date": "2021-09-30T00:00:00",
      "quarter_label": "2021-09 (Q3)",
      "revenue": 143618000,
      "gross_profit": 112137000,
      "operating_income": 57728000,
      "net_income": 46109000,
      "opex": 54409000,
      "cogs": 31481000,
      "rd": 25327000,
      "sga": 20960000,
      "fcf": 66382000,
      "ocf": 75210000,
      "capex": -8828000,
      "gross_margin": 0.7808004567672576,
      "op_margin": 0.40195518667576485,
      "fcf_margin": 0.4622122575164673,
      "op_leverage_ratio": 2.1330421179233876,
      "fcf_margin_change": 0.3165235331604592
    },
    {
      "date": "2021-12-31T00:00:00",
      "quarter_label": "2021-12 (Q4)",
      "revenue": 146247000,
      "gross_profit": 114004000,
      "operating_income": 56462000,
      "net_income": 45876000,
      "opex": 57542000,
      "cogs": 32243000,
      "rd": 26940000,
      "sga": 22769000,
      "fcf": 43114000,
      "ocf": 56779000,
      "capex": -13665000,
      "gross_margin": 0.7795305202841768,
      "op_margin": 0.38607287670858204,
      "fcf_margin": 0.2948026284299849,
      "incr_op_margin_yoy": -1.9806547619047619,
      "rev_growth_yoy": 0.03323371696233653,
      "op_leverage_ratio": 0.317901121950378,
      "fcf_margin_change": -0.16740962908648238
    },
    {
      "date": "2022-03-31T00:00:00",
      "quarter_label": "2022-03 (Q1)",
      "revenue": 150470000,
      "gross_profit": 117307000,
      "operating_income": 62250000,
      "net_income": 49970000,
      "opex": 55057000,
      "cogs": 33163000,
      "rd": 26545000,
      "sga": 21062000,
      "fcf": 41857000,
      "ocf": 52608000,
      "capex": -10751000,
      "gross_margin": 0.7796039077556988,
      "op_margin": 0.4137037283179371,
      "fcf_margin": 0.27817505150528343,
      "incr_op_margin_yoy": -0.07941712204007285,
      "rev_growth_yoy": 0.12291044776119403,
      "rev_growth_yoy_accel": 0.08967673079885749,
      "op_leverage_ratio": Infinity,
      "fcf_margin_change": -0.01662757692470146
    },
    {
      "date": "2022-06-30T00:00:00",
      "quarter_label": "2022-06 (Q2)",
      "revenue": 136561000,
      "gross_profit": 109322000,
      "operating_income": 53314000,
      "net_income": 41502000,
      "opex": 56008000,
      "cogs": 27239000,
      "rd": 28197000,
      "sga": 19869000,
      "fcf": 22937000,
      "ocf": 33522000,
      "capex": -10585000,
      "gross_margin": 0.8005360241943161,
      "op_margin": 0.39040428819355455,
      "fcf_margin": 0.16796157028727088,
      "incr_op_margin_yoy": 0.49529053760324593,
      "rev_growth_yoy": 0.05322381613450563,
      "rev_growth_yoy_accel": -0.0696866316266884,
      "fcf_margin_change": -0.11021348121801255
    },
    {
      "date": "2022-09-30T00:00:00",
      "quarter_label": "2022-09 (Q3)",
      "revenue": 160556000,
      "gross_profit": 123160000,
      "operating_income": 68463000,
      "net_income": 53455000,
      "opex": 54697000,
      "cogs": 37396000,
      "rd": 30414000,
      "sga": 18442000,
      "fcf": 28261000,
      "ocf": 38044000,
      "capex": -9783000,
      "gross_margin": 0.7670843817733376,
      "op_margin": 0.426411968409776,
      "fcf_margin": 0.1760195819527143,
      "incr_op_margin_yoy": 0.6337820285748023,
      "rev_growth_yoy": 0.11793786294197106,
      "rev_growth_yoy_accel": 0.06471404680746543,
      "op_leverage_ratio": Infinity,
      "fcf_margin_change": 0.008058011665443426
    },
    {
      "date": "2022-12-31T00:00:00",
      "quarter_label": "2022-12 (Q4)",
      "revenue": 169032000,
      "gross_profit": 138934000,
      "operating_income": 83083000,
      "net_income": 65134000,
      "opex": 55851000,
      "cogs": 30098000,
      "rd": 31906000,
      "sga": 18513000,
      "fcf": -8737000,
      "ocf": 2641000,
      "capex": -11378000,
      "gross_margin": 0.8219390411283071,
      "op_margin": 0.49152231530124474,
      "fcf_margin": -0.051688437692271286,
      "incr_op_margin_yoy": 1.1683563748079877,
      "rev_growth_yoy": 0.1557980676526698,
      "rev_growth_yoy_accel": 0.03786020471069873,
      "op_leverage_ratio": 2.5022004988470954,
      "fcf_margin_change": -0.2277080196449856
    },
    {
      "date": "2023-03-31T00:00:00",
      "quarter_label": "2023-03 (Q1)",
      "revenue": 130467000,
      "gross_profit": 97497000,
      "operating_income": 45368000,
      "net_income": 39839000,
      "opex": 52129000,
      "cogs": 32970000,
      "rd": 31423000,
      "sga": 15396000,
      "fcf": 38523000,
      "ocf": 47621000,
      "capex": -9098000,
      "gross_margin": 0.7472924187725631,
      "op_margin": 0.34773544267899165,
      "fcf_margin": 0.29527006829313157,
      "incr_op_margin_yoy": 0.8439734039894016,
      "rev_growth_yoy": -0.13293679803283046,
      "rev_growth_yoy_accel": -0.2887348656855002,
      "fcf_margin_change": 0.34695850598540284
    },
    {
      "date": "2023-06-30T00:00:00",
      "quarter_label": "2023-06 (Q2)",
      "revenue": 146565000,
      "gross_profit": 114426000,
      "operating_income": 58639000,
      "net_income": 49678000,
      "opex": 55787000,
      "cogs": 32139000,
      "rd": 32318000,
      "sga": 17077000,
      "fcf": -8399000,
      "ocf": 9777000,
      "capex": -18176000,
      "gross_margin": 0.780718452563709,
      "op_margin": 0.4000886978473715,
      "fcf_margin": -0.05730563231330809,
      "incr_op_margin_yoy": 0.5322870851659336,
      "rev_growth_yoy": 0.07325663988986607,
      "rev_growth_yoy_accel": 0.2061934379226965,
      "op_leverage_ratio": 1.7583565339404907,
      "fcf_margin_change": -0.35257570060643967
    },
    {
      "date": "2023-09-30T00:00:00",
      "quarter_label": "2023-09 (Q3)",
      "revenue": 141077000,
      "gross_profit": 106829000,
      "operating_income": 48436000,
      "net_income": 51516000,
      "opex": 58393000,
      "cogs": 34248000,
      "rd": 33099000,
      "sga": 18084000,
      "fcf": 35375000,
      "ocf": 60309000,
      "capex": -24934000,
      "gross_margin": 0.757238954613438,
      "op_margin": 0.3433302380969258,
      "fcf_margin": 0.25074959064907815,
      "incr_op_margin_yoy": 1.028132861029827,
      "rev_growth_yoy": -0.12132215550960412,
      "rev_growth_yoy_accel": -0.1945787953994702,
      "fcf_margin_change": 0.30805522296238624
    },
    {
      "date": "2023-12-31T00:00:00",
      "quarter_label": "2023-12 (Q4)",
      "revenue": 158320000,
      "gross_profit": 122301000,
      "operating_income": 64746000,
      "net_income": 61978000,
      "opex": 57555000,
      "cogs": 36019000,
      "rd": 33641000,
      "sga": 16830000,
      "fcf": 29486000,
      "ocf": 37070000,
      "capex": -7584000,
      "gross_margin": 0.7724924204143507,
      "op_margin": 0.4089565437089439,
      "fcf_margin": 0.18624305204648814,
      "incr_op_margin_yoy": 1.7118185212845407,
      "rev_growth_yoy": -0.0633726158360547,
      "rev_growth_yoy_accel": 0.05794953967354942,
      "op_leverage_ratio": Infinity,
      "fcf_margin_change": -0.06450653860259001
    },
    {
      "date": "2024-03-31T00:00:00",
      "quarter_label": "2024-03 (Q1)",
      "revenue": 165259000,
      "gross_profit": 128290000,
      "operating_income": 62872000,
      "net_income": 56853000,
      "opex": 65418000,
      "cogs": 36969000,
      "rd": 37985000,
      "sga": 19252000,
      "fcf": 64950000,
      "ocf": 72156000,
      "capex": -7206000,
      "gross_margin": 0.77629660109283,
      "op_margin": 0.38044524050127376,
      "fcf_margin": 0.39301944220889634,
      "incr_op_margin_yoy": 0.5031041618762934,
      "rev_growth_yoy": 0.2666727984854408,
      "rev_growth_yoy_accel": 0.3300454143214955,
      "op_leverage_ratio": 0.32081590340313076,
      "fcf_margin_change": 0.2067763901624082
    },
    {
      "date": "2024-06-30T00:00:00",
      "quarter_label": "2024-06 (Q2)",
      "revenue": 158505000,
      "gross_profit": 120177000,
      "operating_income": 56437000,
      "net_income": 52337000,
      "opex": 63740000,
      "cogs": 38328000,
      "rd": 36826000,
      "sga": 19841000,
      "fcf": 57885000,
      "ocf": 67013000,
      "capex": -9128000,
      "gross_margin": 0.7581905933566765,
      "op_margin": 0.3560581685120343,
      "fcf_margin": 0.3651935270180751,
      "incr_op_margin_yoy": -0.1844221105527638,
      "rev_growth_yoy": 0.08146556135503019,
      "rev_growth_yoy_accel": -0.1852072371304106,
      "fcf_margin_change": -0.027825915190821227
    },
    {
      "date": "2024-09-30T00:00:00",
      "quarter_label": "2024-09 (Q3)",
      "revenue": 161627000,
      "gross_profit": 125815000,
      "operating_income": 67005000,
      "net_income": 66870000,
      "opex": 58810000,
      "cogs": 35812000,
      "rd": 36089000,
      "sga": 15664000,
      "fcf": 66232000,
      "ocf": 79858000,
      "capex": -13626000,
      "gross_margin": 0.7784281091649291,
      "op_margin": 0.4145656356920564,
      "fcf_margin": 0.40978301892629326,
      "incr_op_margin_yoy": 0.9036009732360097,
      "rev_growth_yoy": 0.1456651332251182,
      "rev_growth_yoy_accel": 0.06419957187008801,
      "op_leverage_ratio": Infinity,
      "fcf_margin_change": 0.04458949190821815
    },
    {
      "date": "2024-12-31T00:00:00",
      "quarter_label": "2024-12 (Q4)",
      "revenue": 162293000,
      "gross_profit": 124941000,
      "operating_income": 52489000,
      "net_income": 46019000,
      "opex": 72452000,
      "cogs": 37352000,
      "rd": 46287000,
      "sga": 19529000,
      "fcf": 22036000,
      "ocf": 34713000,
      "capex": -12677000,
      "gross_margin": 0.7698483606809906,
      "op_margin": 0.323421219645949,
      "fcf_margin": 0.1357791155502702,
      "incr_op_margin_yoy": -3.08507425119557,
      "rev_growth_yoy": 0.025094744820616473,
      "rev_growth_yoy_accel": -0.12057038840450174,
      "fcf_margin_change": -0.2740039033760231
    },
    {
      "date": "2025-03-31T00:00:00",
      "quarter_label": "2025-03 (Q1)",
      "revenue": 166277000,
      "gross_profit": 128143000,
      "operating_income": 69664000,
      "net_income": 64444000,
      "opex": 58479000,
      "cogs": 38134000,
      "rd": 34900000,
      "sga": 17014000,
      "fcf": 17503000,
      "ocf": 30562000,
      "capex": -13059000,
      "gross_margin": 0.7706598026185221,
      "op_margin": 0.41896353674891895,
      "fcf_margin": 0.10526410748329594,
      "incr_op_margin_yoy": 6.671905697445973,
      "rev_growth_yoy": 0.006160027593050908,
      "rev_growth_yoy_accel": -0.018934717227565564,
      "op_leverage_ratio": Infinity,
      "fcf_margin_change": -0.030515008066974256
    },
    {
      "date": "2025-06-30T00:00:00",
      "quarter_label": "2025-06 (Q2)",
      "revenue": 171794000,
      "gross_profit": 132591000,
      "operating_income": 68540000,
      "net_income": 67264000,
      "opex": 64051000,
      "cogs": 39203000,
      "rd": 36358000,
      "sga": 20440000,
      "fcf": 37459000,
      "ocf": 51936000,
      "capex": -14477000,
      "gross_margin": 0.771802274817514,
      "op_margin": 0.39896620370909347,
      "fcf_margin": 0.21804603187538563,
      "incr_op_margin_yoy": 0.9107532545714501,
      "rev_growth_yoy": 0.08383962651020473,
      "rev_growth_yoy_accel": 0.07767959891715381,
      "op_leverage_ratio": 0.3482247485288228,
      "fcf_margin_change": 0.11278192439208969
    },
    {
      "date": "2025-09-30T00:00:00",
      "quarter_label": "2025-09 (Q3)",
      "revenue": 139613000,
      "gross_profit": 104122000,
      "operating_income": 43138000,
      "net_income": 44025000,
      "opex": 60984000,
      "cogs": 35491000,
      "rd": 36336000,
      "sga": 18039000,
      "fcf": 84336000,
      "ocf": 97183000,
      "capex": -12847000,
      "gross_margin": 0.7457901484818749,
      "op_margin": 0.3089826878585805,
      "fcf_margin": 0.6040698215782198,
      "incr_op_margin_yoy": 1.0841737076405924,
      "rev_growth_yoy": -0.13620249092045264,
      "rev_growth_yoy_accel": -0.22004211743065738,
      "fcf_margin_change": 0.38602378970283413
    }
  ],
  "signals": [
    {
      "quarter": "2025-09 (Q3)",
      "signal": "FCF MARGIN EXPANSION",
      "detail": "FCF margin: +21.8% -> +60.4% (+38.6%)",
      "severity": "MEDIUM"
    },
    {
      "quarter": "2025-09 (Q3)",
      "signal": "YoY REVENUE GROWTH DECELERATION",
      "detail": "YoY growth: -13.6% vs prior quarter YoY: +8.4% (decel: -22.0%)",
      "severity": "WARNING"
    },
    {
      "quarter": "2025-09 (Q3)",
      "signal": "INCREMENTAL MARGIN (YoY)",
      "detail": "YoY Incr OPM: +108.4% vs year-ago OPM: +41.5%",
      "severity": "HIGH"
    },
    {
      "quarter": "2025-06 (Q2)",
      "signal": "FCF MARGIN EXPANSION",
      "detail": "FCF margin: +10.5% -> +21.8% (+11.3%)",
      "severity": "MEDIUM"
    },
    {
      "quarter": "2025-06 (Q2)",
      "signal": "YoY REVENUE GROWTH ACCELERATION",
      "detail": "YoY growth: +8.4% vs prior quarter YoY: +0.6% (accel: +7.8%)",
      "severity": "MEDIUM"
    },
    {
      "quarter": "2025-06 (Q2)",
      "signal": "INCREMENTAL MARGIN (YoY)",
      "detail": "YoY Incr OPM: +91.1% vs year-ago OPM: +35.6%",
      "severity": "HIGH"
    },
    {
      "quarter": "2025-03 (Q1)",
      "signal": "INCREMENTAL MARGIN (YoY)",
      "detail": "YoY Incr OPM: +667.2% vs year-ago OPM: +38.0%",
      "severity": "HIGH"
    },
    {
      "quarter": "2024-12 (Q4)",
      "signal": "YoY REVENUE GROWTH DECELERATION",
      "detail": "YoY growth: +2.5% vs prior quarter YoY: +14.6% (decel: -12.1%)",
      "severity": "WARNING"
    },
    {
      "quarter": "2024-09 (Q3)",
      "signal": "GROSS MARGIN INFLECTION",
      "detail": "GM: +77.6% -> +75.8% -> +77.8% (reversal +2.0%)",
      "severity": "MEDIUM"
    },
    {
      "quarter": "2024-09 (Q3)",
      "signal": "YoY REVENUE GROWTH ACCELERATION",
      "detail": "YoY growth: +14.6% vs prior quarter YoY: +8.1% (accel: +6.4%)",
      "severity": "MEDIUM"
    },
    {
      "quarter": "2024-09 (Q3)",
      "signal": "INCREMENTAL MARGIN (YoY)",
      "detail": "YoY Incr OPM: +90.4% vs year-ago OPM: +34.3%",
      "severity": "HIGH"
    },
    {
      "quarter": "2024-06 (Q2)",
      "signal": "YoY REVENUE GROWTH DECELERATION",
      "detail": "YoY growth: +8.1% vs prior quarter YoY: +26.7% (decel: -18.5%)",
      "severity": "WARNING"
    },
    {
      "quarter": "2024-03 (Q1)",
      "signal": "FCF MARGIN EXPANSION",
      "detail": "FCF margin: +18.6% -> +39.3% (+20.7%)",
      "severity": "MEDIUM"
    },
    {
      "quarter": "2024-03 (Q1)",
      "signal": "YoY REVENUE GROWTH ACCELERATION",
      "detail": "YoY growth: +26.7% vs prior quarter YoY: -6.3% (accel: +33.0%)",
      "severity": "HIGH"
    },
    {
      "quarter": "2024-03 (Q1)",
      "signal": "INCREMENTAL MARGIN (YoY)",
      "detail": "YoY Incr OPM: +50.3% vs year-ago OPM: +34.8%",
      "severity": "MEDIUM"
    },
    {
      "quarter": "2023-12 (Q4)",
      "signal": "YoY REVENUE GROWTH ACCELERATION",
      "detail": "YoY growth: -6.3% vs prior quarter YoY: -12.1% (accel: +5.8%)",
      "severity": "MEDIUM"
    },
    {
      "quarter": "2023-12 (Q4)",
      "signal": "INCREMENTAL MARGIN (YoY)",
      "detail": "YoY Incr OPM: +171.2% vs year-ago OPM: +49.2%",
      "severity": "HIGH"
    },
    {
      "quarter": "2023-09 (Q3)",
      "signal": "FCF TURNED POSITIVE",
      "detail": "FCF margin: -5.7% -> +25.1%",
      "severity": "HIGH"
    },
    {
      "quarter": "2023-09 (Q3)",
      "signal": "YoY REVENUE GROWTH DECELERATION",
      "detail": "YoY growth: -12.1% vs prior quarter YoY: +7.3% (decel: -19.5%)",
      "severity": "WARNING"
    },
    {
      "quarter": "2023-09 (Q3)",
      "signal": "INCREMENTAL MARGIN (YoY)",
      "detail": "YoY Incr OPM: +102.8% vs year-ago OPM: +42.6%",
      "severity": "HIGH"
    },
    {
      "quarter": "2023-06 (Q2)",
      "signal": "OPERATING LEVERAGE",
      "detail": "Rev growth +12.3% vs OpEx growth +7.0% (leverage: 1.8x)",
      "severity": "MEDIUM"
    },
    {
      "quarter": "2023-06 (Q2)",
      "signal": "GROSS MARGIN INFLECTION",
      "detail": "GM: +82.2% -> +74.7% -> +78.1% (reversal +3.3%)",
      "severity": "MEDIUM"
    },
    {
      "quarter": "2023-06 (Q2)",
      "signal": "YoY REVENUE GROWTH ACCELERATION",
      "detail": "YoY growth: +7.3% vs prior quarter YoY: -13.3% (accel: +20.6%)",
      "severity": "HIGH"
    },
    {
      "quarter": "2023-06 (Q2)",
      "signal": "INCREMENTAL MARGIN (YoY)",
      "detail": "YoY Incr OPM: +53.2% vs year-ago OPM: +39.0%",
      "severity": "MEDIUM"
    },
    {
      "quarter": "2023-03 (Q1)",
      "signal": "FCF TURNED POSITIVE",
      "detail": "FCF margin: -5.2% -> +29.5%",
      "severity": "HIGH"
    },
    {
      "quarter": "2023-03 (Q1)",
      "signal": "YoY REVENUE GROWTH DECELERATION",
      "detail": "YoY growth: -13.3% vs prior quarter YoY: +15.6% (decel: -28.9%)",
      "severity": "WARNING"
    },
    {
      "quarter": "2023-03 (Q1)",
      "signal": "INCREMENTAL MARGIN (YoY)",
      "detail": "YoY Incr OPM: +84.4% vs year-ago OPM: +41.4%",
      "severity": "HIGH"
    },
    {
      "quarter": "2022-12 (Q4)",
      "signal": "OPERATING LEVERAGE",
      "detail": "Rev growth +5.3% vs OpEx growth +2.1% (leverage: 2.5x)",
      "severity": "MEDIUM"
    },
    {
      "quarter": "2022-12 (Q4)",
      "signal": "GROSS MARGIN INFLECTION",
      "detail": "GM: +80.1% -> +76.7% -> +82.2% (reversal +5.5%)",
      "severity": "HIGH"
    },
    {
      "quarter": "2022-12 (Q4)",
      "signal": "INCREMENTAL MARGIN (YoY)",
      "detail": "YoY Incr OPM: +116.8% vs year-ago OPM: +38.6%",
      "severity": "HIGH"
    },
    {
      "quarter": "2022-09 (Q3)",
      "signal": "YoY REVENUE GROWTH ACCELERATION",
      "detail": "YoY growth: +11.8% vs prior quarter YoY: +5.3% (accel: +6.5%)",
      "severity": "MEDIUM"
    },
    {
      "quarter": "2022-09 (Q3)",
      "signal": "INCREMENTAL MARGIN (YoY)",
      "detail": "YoY Incr OPM: +63.4% vs year-ago OPM: +40.2%",
      "severity": "HIGH"
    },
    {
      "quarter": "2022-06 (Q2)",
      "signal": "YoY REVENUE GROWTH DECELERATION",
      "detail": "YoY growth: +5.3% vs prior quarter YoY: +12.3% (decel: -7.0%)",
      "severity": "WARNING"
    },
    {
      "quarter": "2022-06 (Q2)",
      "signal": "INCREMENTAL MARGIN (YoY)",
      "detail": "YoY Incr OPM: +49.5% vs year-ago OPM: +38.5%",
      "severity": "MEDIUM"
    },
    {
      "quarter": "2022-03 (Q1)",
      "signal": "YoY REVENUE GROWTH ACCELERATION",
      "detail": "YoY growth: +12.3% vs prior quarter YoY: +3.3% (accel: +9.0%)",
      "severity": "MEDIUM"
    },
    {
      "quarter": "2021-09 (Q3)",
      "signal": "FCF MARGIN EXPANSION",
      "detail": "FCF margin: +14.6% -> +46.2% (+31.7%)",
      "severity": "MEDIUM"
    },
    {
      "quarter": "2021-09 (Q3)",
      "signal": "OPERATING LEVERAGE",
      "detail": "Rev growth +10.8% vs OpEx growth +5.0% (leverage: 2.1x)",
      "severity": "MEDIUM"
    }
  ],
  "data_quality": {
    "n_quarters": 20,
    "coverage": {
      "revenue": [
        20,
        20
      ],
      "gross_profit": [
        20,
        20
      ],
      "op_income": [
        20,
        20
      ],
      "fcf": [
        20,
        20
      ]
    },
    "gaps": [],
    "warnings": []
  },
  "market_cap": null,
  "source": "SEC EDGAR",
  "last_updated": "2026-02-02T20:59:18.868954"
}