{
  "ticker": "OLLI",
  "name": "Ollie\u2019s Bargain Outlet Holdings, Inc.",
  "quarters": [
    {
      "date": "2021-01-30T00:00:00",
      "quarter_label": "2021-01 (Q1)",
      "revenue": 515763000,
      "gross_profit": 204657000,
      "operating_income": 84709000,
      "net_income": 64660000,
      "opex": 119948000,
      "cogs": 311106000,
      "rd": null,
      "sga": 114190000,
      "fcf": 120723000,
      "ocf": 125340000,
      "capex": -4617000,
      "gross_margin": 0.3968043461822581,
      "op_margin": 0.1642401645717122,
      "fcf_margin": 0.2340668097556436
    },
    {
      "date": "2021-05-01T00:00:00",
      "quarter_label": "2021-05 (Q2)",
      "revenue": 452492000,
      "gross_profit": 182610000,
      "operating_income": 71221000,
      "net_income": 55220000,
      "opex": 111389000,
      "cogs": 269882000,
      "rd": null,
      "sga": 104370000,
      "fcf": 30660000,
      "ocf": 40123000,
      "capex": -9463000,
      "gross_margin": 0.40356514590313197,
      "op_margin": 0.15739725785207254,
      "fcf_margin": 0.06775810401067864,
      "fcf_margin_change": -0.16630870574496495
    },
    {
      "date": "2021-07-31T00:00:00",
      "quarter_label": "2021-07 (Q3)",
      "revenue": 415881000,
      "gross_profit": 163035000,
      "operating_income": 45706000,
      "net_income": 34323000,
      "opex": 117329000,
      "cogs": 252846000,
      "rd": null,
      "sga": 110119000,
      "fcf": -6517000,
      "ocf": 1723000,
      "capex": -8240000,
      "gross_margin": 0.3920231989439287,
      "op_margin": 0.10990163051449814,
      "fcf_margin": -0.01567034800820427,
      "fcf_margin_change": -0.08342845201888291
    },
    {
      "date": "2021-10-30T00:00:00",
      "quarter_label": "2021-10 (Q4)",
      "revenue": 383487000,
      "gross_profit": 152560000,
      "operating_income": 30213000,
      "net_income": 23185000,
      "opex": 122347000,
      "cogs": 230927000,
      "rd": null,
      "sga": 114048000,
      "fcf": -51070000,
      "ocf": -39155000,
      "capex": -11915000,
      "gross_margin": 0.397823133509089,
      "op_margin": 0.07878493925478569,
      "fcf_margin": -0.13317270207334278,
      "fcf_margin_change": -0.11750235406513851
    },
    {
      "date": "2022-01-29T00:00:00",
      "quarter_label": "2022-01 (Q1)",
      "revenue": 501135000,
      "gross_profit": 183041000,
      "operating_income": 57452000,
      "net_income": 44727000,
      "opex": 125589000,
      "cogs": 318094000,
      "rd": null,
      "sga": 119078000,
      "fcf": 36971000,
      "ocf": 42342000,
      "capex": -5371000,
      "gross_margin": 0.3652528759715446,
      "op_margin": 0.11464375866782404,
      "fcf_margin": 0.07377453181278498,
      "incr_op_margin_yoy": 1.863344271260596,
      "rev_growth_yoy": -0.02836186387933993,
      "op_leverage_ratio": 11.577484724747153,
      "fcf_margin_change": 0.20694723388612776
    },
    {
      "date": "2022-04-30T00:00:00",
      "quarter_label": "2022-04 (Q2)",
      "revenue": 406666000,
      "gross_profit": 141325000,
      "operating_income": 17145000,
      "net_income": 12523000,
      "opex": 124180000,
      "cogs": 265341000,
      "rd": null,
      "sga": 116273000,
      "fcf": -41184000,
      "ocf": -31516000,
      "capex": -9668000,
      "gross_margin": 0.3475210615099369,
      "op_margin": 0.04215990518017242,
      "fcf_margin": -0.10127229716770028,
      "incr_op_margin_yoy": 1.1800288046087375,
      "rev_growth_yoy": -0.10127471866905935,
      "rev_growth_yoy_accel": -0.07291285478971943,
      "fcf_margin_change": -0.17504682898048526
    },
    {
      "date": "2022-07-30T00:00:00",
      "quarter_label": "2022-07 (Q3)",
      "revenue": 452482000,
      "gross_profit": 143610000,
      "operating_income": 16545000,
      "net_income": 14097000,
      "opex": 127065000,
      "cogs": 308872000,
      "rd": null,
      "sga": 118466000,
      "fcf": 21487000,
      "ocf": 35471000,
      "capex": -13984000,
      "gross_margin": 0.31738279091764976,
      "op_margin": 0.03656499043055857,
      "fcf_margin": 0.047486971857444056,
      "incr_op_margin_yoy": -0.7967268653861916,
      "rev_growth_yoy": 0.08800834854201081,
      "rev_growth_yoy_accel": 0.18928306721107016,
      "op_leverage_ratio": 4.8493680202441904,
      "fcf_margin_change": 0.14875926902514433
    },
    {
      "date": "2022-10-29T00:00:00",
      "quarter_label": "2022-10 (Q4)",
      "revenue": 418072000,
      "gross_profit": 164676000,
      "operating_income": 29532000,
      "net_income": 23082000,
      "opex": 135144000,
      "cogs": 253396000,
      "rd": null,
      "sga": 124810000,
      "fcf": -18261000,
      "ocf": -2976000,
      "capex": -15285000,
      "gross_margin": 0.39389387473927934,
      "op_margin": 0.0706385502975564,
      "fcf_margin": -0.043679079201668615,
      "incr_op_margin_yoy": -0.019690617319647247,
      "rev_growth_yoy": 0.09018558647359623,
      "rev_growth_yoy_accel": 0.0021772379315854185,
      "fcf_margin_change": -0.09116605105911267
    },
    {
      "date": "2023-01-28T00:00:00",
      "quarter_label": "2023-01 (Q1)",
      "revenue": 549789000,
      "gross_profit": 206483000,
      "operating_income": 67696000,
      "net_income": 53088000,
      "opex": 138787000,
      "cogs": 343306000,
      "rd": null,
      "sga": 131020000,
      "fcf": 100637000,
      "ocf": 113367000,
      "capex": -12730000,
      "gross_margin": 0.3755677177971913,
      "op_margin": 0.12313087384432937,
      "fcf_margin": 0.18304658696336232,
      "incr_op_margin_yoy": 0.2105479508365191,
      "rev_growth_yoy": 0.09708761112275135,
      "rev_growth_yoy_accel": 0.006902024649155125,
      "op_leverage_ratio": 11.687680913941922,
      "fcf_margin_change": 0.22672566616503093
    },
    {
      "date": "2023-04-29T00:00:00",
      "quarter_label": "2023-04 (Q2)",
      "revenue": 459154000,
      "gross_profit": 178571000,
      "operating_income": 38539000,
      "net_income": 30980000,
      "opex": 140032000,
      "cogs": 280583000,
      "rd": null,
      "sga": 130268000,
      "fcf": 16862000,
      "ocf": 35872000,
      "capex": -19010000,
      "gross_margin": 0.38891308798355234,
      "op_margin": 0.0839348018311939,
      "fcf_margin": 0.03672406207938948,
      "incr_op_margin_yoy": 0.4075979271452522,
      "rev_growth_yoy": 0.12906906404764598,
      "rev_growth_yoy_accel": 0.03198145292489463,
      "fcf_margin_change": -0.14632252488397285
    },
    {
      "date": "2023-07-29T00:00:00",
      "quarter_label": "2023-07 (Q3)",
      "revenue": 514509000,
      "gross_profit": 196684000,
      "operating_income": 52537000,
      "net_income": 42181000,
      "opex": 144147000,
      "cogs": 317825000,
      "rd": null,
      "sga": 134623000,
      "fcf": 47663000,
      "ocf": 73893000,
      "capex": -26230000,
      "gross_margin": 0.3822751399878331,
      "op_margin": 0.10211094460932656,
      "fcf_margin": 0.09263783529539814,
      "incr_op_margin_yoy": 0.5802634336659842,
      "rev_growth_yoy": 0.13708169606746787,
      "rev_growth_yoy_accel": 0.008012632019821886,
      "op_leverage_ratio": 4.102569387597522,
      "fcf_margin_change": 0.055913773216008655
    },
    {
      "date": "2023-10-28T00:00:00",
      "quarter_label": "2023-10 (Q4)",
      "revenue": 480050000,
      "gross_profit": 194111000,
      "operating_income": 39069000,
      "net_income": 31803000,
      "opex": 155042000,
      "cogs": 285939000,
      "rd": null,
      "sga": 141684000,
      "fcf": -35039000,
      "ocf": 1096000,
      "capex": -36135000,
      "gross_margin": 0.40435579627122176,
      "op_margin": 0.08138527236746172,
      "fcf_margin": -0.07299031350900947,
      "incr_op_margin_yoy": 0.15387718222595115,
      "rev_growth_yoy": 0.14824719187125662,
      "rev_growth_yoy_accel": 0.011165495803788755,
      "fcf_margin_change": -0.16562814880440763
    },
    {
      "date": "2024-02-03T00:00:00",
      "quarter_label": "2024-02 (Q1)",
      "revenue": 648949000,
      "gross_profit": 262999000,
      "operating_income": 97654000,
      "net_income": 76475000,
      "opex": 165345000,
      "cogs": 385950000,
      "rd": null,
      "sga": 156097000,
      "fcf": 100607000,
      "ocf": 143636000,
      "capex": -43029000,
      "gross_margin": 0.4052691351708686,
      "op_margin": 0.15048023804644126,
      "fcf_margin": 0.15503067267227472,
      "incr_op_margin_yoy": 0.30211778943122225,
      "rev_growth_yoy": 0.1803601017845028,
      "rev_growth_yoy_accel": 0.03211290991324617,
      "op_leverage_ratio": 5.294516016385632,
      "fcf_margin_change": 0.2280209861812842
    },
    {
      "date": "2024-05-04T00:00:00",
      "quarter_label": "2024-05 (Q2)",
      "revenue": 508818000,
      "gross_profit": 209358000,
      "operating_income": 56497000,
      "net_income": 46342000,
      "opex": 152861000,
      "cogs": 299460000,
      "rd": null,
      "sga": 142419000,
      "fcf": 13319000,
      "ocf": 40184000,
      "capex": -26865000,
      "gross_margin": 0.4114595002535288,
      "op_margin": 0.1110357731055112,
      "fcf_margin": 0.026176353823960632,
      "incr_op_margin_yoy": 0.36158988402061853,
      "rev_growth_yoy": 0.10816414536299368,
      "rev_growth_yoy_accel": -0.07219595642150911,
      "fcf_margin_change": -0.12885431884831408
    },
    {
      "date": "2024-08-03T00:00:00",
      "quarter_label": "2024-08 (Q3)",
      "revenue": 578375000,
      "gross_profit": 219031000,
      "operating_income": 60759000,
      "net_income": 48982000,
      "opex": 158272000,
      "cogs": 359344000,
      "rd": null,
      "sga": 145673000,
      "fcf": 5586000,
      "ocf": 43875000,
      "capex": -38289000,
      "gross_margin": 0.37870066998054897,
      "op_margin": 0.10505122109358116,
      "fcf_margin": 0.009658093797276853,
      "incr_op_margin_yoy": 0.1287382958068456,
      "rev_growth_yoy": 0.1241299957823867,
      "rev_growth_yoy_accel": 0.015965850419393024,
      "op_leverage_ratio": 3.861869005587629,
      "fcf_margin_change": -0.01651826002668378
    },
    {
      "date": "2024-11-02T00:00:00",
      "quarter_label": "2024-11 (Q4)",
      "revenue": 517428000,
      "gross_profit": 214459000,
      "operating_income": 44522000,
      "net_income": 35884000,
      "opex": 169937000,
      "cogs": 302969000,
      "rd": null,
      "sga": 154467000,
      "fcf": -35381000,
      "ocf": -4365000,
      "capex": -31016000,
      "gross_margin": 0.41447119212721384,
      "op_margin": 0.08604482169499911,
      "fcf_margin": -0.06837859566934916,
      "incr_op_margin_yoy": 0.14588795548183423,
      "rev_growth_yoy": 0.07786272263305906,
      "rev_growth_yoy_accel": -0.046267273149327645,
      "fcf_margin_change": -0.07803668946662601
    },
    {
      "date": "2025-02-01T00:00:00",
      "quarter_label": "2025-02 (Q1)",
      "revenue": 667084000,
      "gross_profit": 271604000,
      "operating_income": 87725000,
      "net_income": 68554000,
      "opex": 183879000,
      "cogs": 395480000,
      "rd": null,
      "sga": 169847000,
      "fcf": 123376000,
      "ocf": 147760000,
      "capex": -24384000,
      "gross_margin": 0.40715112339675363,
      "op_margin": 0.13150517775872303,
      "fcf_margin": 0.18494822241276962,
      "incr_op_margin_yoy": -0.5475048249241797,
      "rev_growth_yoy": 0.027945185214862802,
      "rev_growth_yoy_accel": -0.04991753741819625,
      "op_leverage_ratio": 3.525389247841309,
      "fcf_margin_change": 0.25332681808211877
    },
    {
      "date": "2025-05-03T00:00:00",
      "quarter_label": "2025-05 (Q2)",
      "revenue": 576767000,
      "gross_profit": 237031000,
      "operating_income": 56186000,
      "net_income": 47560000,
      "opex": 180845000,
      "cogs": 339736000,
      "rd": null,
      "sga": 164832000,
      "fcf": 1962000,
      "ocf": 28702000,
      "capex": -26740000,
      "gross_margin": 0.4109649130411414,
      "op_margin": 0.09741542078516975,
      "fcf_margin": 0.0034017202787260713,
      "incr_op_margin_yoy": -0.004576962133364729,
      "rev_growth_yoy": 0.1335428385002103,
      "rev_growth_yoy_accel": 0.10559765328534748,
      "fcf_margin_change": -0.18154650213404355
    },
    {
      "date": "2025-08-02T00:00:00",
      "quarter_label": "2025-08 (Q3)",
      "revenue": 679556000,
      "gross_profit": 271338000,
      "operating_income": 76974000,
      "net_income": 61310000,
      "opex": 194364000,
      "cogs": 408218000,
      "rd": null,
      "sga": 175476000,
      "fcf": 54296000,
      "ocf": 80712000,
      "capex": -26416000,
      "gross_margin": 0.39928718163035865,
      "op_margin": 0.11327101813537074,
      "fcf_margin": 0.07989922831966755,
      "incr_op_margin_yoy": 0.16025736057164883,
      "rev_growth_yoy": 0.1749401339961098,
      "rev_growth_yoy_accel": 0.041397295495899517,
      "op_leverage_ratio": 2.384010559915605,
      "fcf_margin_change": 0.07649750804094148
    },
    {
      "date": "2025-11-01T00:00:00",
      "quarter_label": "2025-11 (Q4)",
      "revenue": 613619000,
      "gross_profit": 253654000,
      "operating_income": 55414000,
      "net_income": 46172000,
      "opex": 198240000,
      "cogs": 359965000,
      "rd": null,
      "sga": 180273000,
      "fcf": -25974000,
      "ocf": 4758000,
      "capex": -30732000,
      "gross_margin": 0.41337377102078,
      "op_margin": 0.09030685164572805,
      "fcf_margin": -0.042329197759521785,
      "incr_op_margin_yoy": 0.11323304675073552,
      "rev_growth_yoy": 0.1859021931553762,
      "rev_growth_yoy_accel": 0.010962059159266402,
      "fcf_margin_change": -0.12222842607918932
    }
  ],
  "signals": [
    {
      "quarter": "2025-08 (Q3)",
      "signal": "FCF MARGIN EXPANSION",
      "detail": "FCF margin: +0.3% -> +8.0% (+7.6%)",
      "severity": "MEDIUM"
    },
    {
      "quarter": "2025-08 (Q3)",
      "signal": "OPERATING LEVERAGE",
      "detail": "Rev growth +17.8% vs OpEx growth +7.5% (leverage: 2.4x)",
      "severity": "MEDIUM"
    },
    {
      "quarter": "2025-05 (Q2)",
      "signal": "YoY REVENUE GROWTH ACCELERATION",
      "detail": "YoY growth: +13.4% vs prior quarter YoY: +2.8% (accel: +10.6%)",
      "severity": "MEDIUM"
    },
    {
      "quarter": "2025-02 (Q1)",
      "signal": "FCF TURNED POSITIVE",
      "detail": "FCF margin: -6.8% -> +18.5%",
      "severity": "HIGH"
    },
    {
      "quarter": "2025-02 (Q1)",
      "signal": "OPERATING LEVERAGE",
      "detail": "Rev growth +28.9% vs OpEx growth +8.2% (leverage: 3.5x)",
      "severity": "MEDIUM"
    },
    {
      "quarter": "2024-11 (Q4)",
      "signal": "GROSS MARGIN INFLECTION",
      "detail": "GM: +41.1% -> +37.9% -> +41.4% (reversal +3.6%)",
      "severity": "MEDIUM"
    },
    {
      "quarter": "2024-08 (Q3)",
      "signal": "OPERATING LEVERAGE",
      "detail": "Rev growth +13.7% vs OpEx growth +3.5% (leverage: 3.9x)",
      "severity": "MEDIUM"
    },
    {
      "quarter": "2024-05 (Q2)",
      "signal": "YoY REVENUE GROWTH DECELERATION",
      "detail": "YoY growth: +10.8% vs prior quarter YoY: +18.0% (decel: -7.2%)",
      "severity": "WARNING"
    },
    {
      "quarter": "2024-05 (Q2)",
      "signal": "INCREMENTAL MARGIN (YoY)",
      "detail": "YoY Incr OPM: +36.2% vs year-ago OPM: +8.4%",
      "severity": "HIGH"
    },
    {
      "quarter": "2024-02 (Q1)",
      "signal": "FCF TURNED POSITIVE",
      "detail": "FCF margin: -7.3% -> +15.5%",
      "severity": "HIGH"
    },
    {
      "quarter": "2024-02 (Q1)",
      "signal": "OPERATING LEVERAGE",
      "detail": "Rev growth +35.2% vs OpEx growth +6.6% (leverage: 5.3x)",
      "severity": "MEDIUM"
    },
    {
      "quarter": "2024-02 (Q1)",
      "signal": "INCREMENTAL MARGIN (YoY)",
      "detail": "YoY Incr OPM: +30.2% vs year-ago OPM: +12.3%",
      "severity": "MEDIUM"
    },
    {
      "quarter": "2023-10 (Q4)",
      "signal": "GROSS MARGIN INFLECTION",
      "detail": "GM: +38.9% -> +38.2% -> +40.4% (reversal +2.2%)",
      "severity": "MEDIUM"
    },
    {
      "quarter": "2023-07 (Q3)",
      "signal": "FCF MARGIN EXPANSION",
      "detail": "FCF margin: +3.7% -> +9.3% (+5.6%)",
      "severity": "MEDIUM"
    },
    {
      "quarter": "2023-07 (Q3)",
      "signal": "OPERATING LEVERAGE",
      "detail": "Rev growth +12.1% vs OpEx growth +2.9% (leverage: 4.1x)",
      "severity": "MEDIUM"
    },
    {
      "quarter": "2023-07 (Q3)",
      "signal": "INCREMENTAL MARGIN (YoY)",
      "detail": "YoY Incr OPM: +58.0% vs year-ago OPM: +3.7%",
      "severity": "HIGH"
    },
    {
      "quarter": "2023-04 (Q2)",
      "signal": "INCREMENTAL MARGIN (YoY)",
      "detail": "YoY Incr OPM: +40.8% vs year-ago OPM: +4.2%",
      "severity": "HIGH"
    },
    {
      "quarter": "2023-01 (Q1)",
      "signal": "FCF TURNED POSITIVE",
      "detail": "FCF margin: -4.4% -> +18.3%",
      "severity": "HIGH"
    },
    {
      "quarter": "2023-01 (Q1)",
      "signal": "OPERATING LEVERAGE",
      "detail": "Rev growth +31.5% vs OpEx growth +2.7% (leverage: 11.7x)",
      "severity": "MEDIUM"
    },
    {
      "quarter": "2022-10 (Q4)",
      "signal": "GROSS MARGIN INFLECTION",
      "detail": "GM: +34.8% -> +31.7% -> +39.4% (reversal +7.7%)",
      "severity": "HIGH"
    },
    {
      "quarter": "2022-07 (Q3)",
      "signal": "FCF TURNED POSITIVE",
      "detail": "FCF margin: -10.1% -> +4.7%",
      "severity": "HIGH"
    },
    {
      "quarter": "2022-07 (Q3)",
      "signal": "OPERATING LEVERAGE",
      "detail": "Rev growth +11.3% vs OpEx growth +2.3% (leverage: 4.8x)",
      "severity": "MEDIUM"
    },
    {
      "quarter": "2022-07 (Q3)",
      "signal": "YoY REVENUE GROWTH ACCELERATION",
      "detail": "YoY growth: +8.8% vs prior quarter YoY: -10.1% (accel: +18.9%)",
      "severity": "HIGH"
    },
    {
      "quarter": "2022-04 (Q2)",
      "signal": "YoY REVENUE GROWTH DECELERATION",
      "detail": "YoY growth: -10.1% vs prior quarter YoY: -2.8% (decel: -7.3%)",
      "severity": "WARNING"
    },
    {
      "quarter": "2022-04 (Q2)",
      "signal": "INCREMENTAL MARGIN (YoY)",
      "detail": "YoY Incr OPM: +118.0% vs year-ago OPM: +15.7%",
      "severity": "HIGH"
    },
    {
      "quarter": "2022-01 (Q1)",
      "signal": "FCF TURNED POSITIVE",
      "detail": "FCF margin: -13.3% -> +7.4%",
      "severity": "HIGH"
    },
    {
      "quarter": "2022-01 (Q1)",
      "signal": "OPERATING LEVERAGE",
      "detail": "Rev growth +30.7% vs OpEx growth +2.6% (leverage: 11.6x)",
      "severity": "MEDIUM"
    },
    {
      "quarter": "2022-01 (Q1)",
      "signal": "INCREMENTAL MARGIN (YoY)",
      "detail": "YoY Incr OPM: +186.3% vs year-ago OPM: +16.4%",
      "severity": "HIGH"
    }
  ],
  "data_quality": {
    "n_quarters": 20,
    "coverage": {
      "revenue": [
        20,
        20
      ],
      "gross_profit": [
        20,
        20
      ],
      "op_income": [
        20,
        20
      ],
      "fcf": [
        20,
        20
      ]
    },
    "gaps": [],
    "warnings": []
  },
  "market_cap": null,
  "source": "SEC EDGAR",
  "last_updated": "2026-02-02T20:51:59.575324"
}