{
  "ticker": "OLN",
  "name": "OLIN CORPORATION",
  "quarters": [
    {
      "date": "2020-12-31T00:00:00",
      "quarter_label": "2020-12 (Q4)",
      "revenue": 1654100000,
      "gross_profit": 196800000,
      "operating_income": 80400000,
      "net_income": -33000000,
      "opex": 116400000,
      "cogs": 1457300000,
      "rd": null,
      "sga": 112900000,
      "fcf": 52100000,
      "ocf": 127700000,
      "capex": -75600000,
      "gross_margin": 0.11897708723777281,
      "op_margin": 0.04860649295689499,
      "fcf_margin": 0.03149749108276404
    },
    {
      "date": "2021-03-31T00:00:00",
      "quarter_label": "2021-03 (Q1)",
      "revenue": 1918800000,
      "gross_profit": 495000000,
      "operating_income": 381200000,
      "net_income": 243600000,
      "opex": 113800000,
      "cogs": 1423800000,
      "rd": null,
      "sga": 106900000,
      "fcf": 218600000,
      "ocf": 269800000,
      "capex": -51200000,
      "gross_margin": 0.2579737335834897,
      "op_margin": 0.1986658328121743,
      "fcf_margin": 0.113925370022931,
      "op_leverage_ratio": Infinity,
      "fcf_margin_change": 0.08242787894016695
    },
    {
      "date": "2021-06-30T00:00:00",
      "quarter_label": "2021-06 (Q2)",
      "revenue": 2221300000,
      "gross_profit": 509100000,
      "operating_income": 395000000,
      "net_income": 355800000,
      "opex": 114100000,
      "cogs": 1712200000,
      "rd": null,
      "sga": 100600000,
      "fcf": 402600000,
      "ocf": 437800000,
      "capex": -35200000,
      "gross_margin": 0.22919011389726737,
      "op_margin": 0.1778237968757034,
      "fcf_margin": 0.18124521676495745,
      "op_leverage_ratio": 59.80213327774304,
      "fcf_margin_change": 0.06731984674202644
    },
    {
      "date": "2021-09-30T00:00:00",
      "quarter_label": "2021-09 (Q3)",
      "revenue": 2340100000,
      "gross_profit": 660300000,
      "operating_income": 549000000,
      "net_income": 390700000,
      "opex": 111300000,
      "cogs": 1679800000,
      "rd": null,
      "sga": 107200000,
      "fcf": 494700000,
      "ocf": 544100000,
      "capex": -49400000,
      "gross_margin": 0.28216742874236145,
      "op_margin": 0.23460535874535277,
      "fcf_margin": 0.21140122216999274,
      "op_leverage_ratio": Infinity,
      "fcf_margin_change": 0.030156005405035297
    },
    {
      "date": "2021-12-31T00:00:00",
      "quarter_label": "2021-12 (Q4)",
      "revenue": 2430400000,
      "gross_profit": 629800000,
      "operating_income": 525600000,
      "net_income": 306600000,
      "opex": 104200000,
      "cogs": 1800600000,
      "rd": null,
      "sga": 102200000,
      "fcf": 424500000,
      "ocf": 489300000,
      "capex": -64800000,
      "gross_margin": 0.25913429888084266,
      "op_margin": 0.2162606978275181,
      "fcf_margin": 0.17466260697827518,
      "incr_op_margin_yoy": 0.5734896302975654,
      "rev_growth_yoy": 0.4693186627168853,
      "op_leverage_ratio": Infinity,
      "fcf_margin_change": -0.03673861519171756
    },
    {
      "date": "2022-03-31T00:00:00",
      "quarter_label": "2022-03 (Q1)",
      "revenue": 2461400000,
      "gross_profit": 653900000,
      "operating_income": 546500000,
      "net_income": 393000000,
      "opex": 107400000,
      "cogs": 1807500000,
      "rd": null,
      "sga": 104300000,
      "fcf": 306200000,
      "ocf": 353500000,
      "capex": -47300000,
      "gross_margin": 0.26566181847728937,
      "op_margin": 0.22202811408141707,
      "fcf_margin": 0.12440074754204924,
      "incr_op_margin_yoy": 0.30464430519719865,
      "rev_growth_yoy": 0.28278090473212425,
      "rev_growth_yoy_accel": -0.18653775798476108,
      "op_leverage_ratio": 0.4153380102040817,
      "fcf_margin_change": -0.050261859436225936
    },
    {
      "date": "2022-06-30T00:00:00",
      "quarter_label": "2022-06 (Q2)",
      "revenue": 2616100000,
      "gross_profit": 664700000,
      "operating_income": 565400000,
      "net_income": 422100000,
      "opex": 99300000,
      "cogs": 1951400000,
      "rd": null,
      "sga": 99000000,
      "fcf": 549100000,
      "ocf": 605700000,
      "capex": -56600000,
      "gross_margin": 0.2540805015098811,
      "op_margin": 0.2161232368793242,
      "fcf_margin": 0.20989258820381484,
      "incr_op_margin_yoy": 0.4316109422492401,
      "rev_growth_yoy": 0.17773375951019674,
      "rev_growth_yoy_accel": -0.10504714522192751,
      "op_leverage_ratio": Infinity,
      "fcf_margin_change": 0.0854918406617656
    },
    {
      "date": "2022-09-30T00:00:00",
      "quarter_label": "2022-09 (Q3)",
      "revenue": 2321700000,
      "gross_profit": 480800000,
      "operating_income": 393500000,
      "net_income": 315200000,
      "opex": 87300000,
      "cogs": 1840900000,
      "rd": null,
      "sga": 92700000,
      "fcf": 486000000,
      "ocf": 550500000,
      "capex": -64500000,
      "gross_margin": 0.20708963259680407,
      "op_margin": 0.1694878752638153,
      "fcf_margin": 0.20932937071973123,
      "incr_op_margin_yoy": 8.451086956521738,
      "rev_growth_yoy": -0.0078629118413743,
      "rev_growth_yoy_accel": -0.18559667135157104,
      "fcf_margin_change": -0.0005632174840836113
    },
    {
      "date": "2022-12-31T00:00:00",
      "quarter_label": "2022-12 (Q4)",
      "revenue": 1977000000,
      "gross_profit": 382500000,
      "operating_income": 273600000,
      "net_income": 196600000,
      "opex": 108900000,
      "cogs": 1594500000,
      "rd": null,
      "sga": 97900000,
      "fcf": 343700000,
      "ocf": 412200000,
      "capex": -68500000,
      "gross_margin": 0.19347496206373294,
      "op_margin": 0.13839150227617603,
      "fcf_margin": 0.17384926656550329,
      "incr_op_margin_yoy": 0.5558006175562418,
      "rev_growth_yoy": -0.18655365371955235,
      "rev_growth_yoy_accel": -0.17869074187817804,
      "fcf_margin_change": -0.03548010415422795
    },
    {
      "date": "2023-03-31T00:00:00",
      "quarter_label": "2023-03 (Q1)",
      "revenue": 1844300000,
      "gross_profit": 402600000,
      "operating_income": 230400000,
      "net_income": 154000000,
      "opex": 172200000,
      "cogs": 1441700000,
      "rd": null,
      "sga": 111800000,
      "fcf": -23900000,
      "ocf": 37500000,
      "capex": -61400000,
      "gross_margin": 0.21829420376294528,
      "op_margin": 0.12492544596866019,
      "fcf_margin": -0.012958846174700429,
      "incr_op_margin_yoy": 0.5122346459244855,
      "rev_growth_yoy": -0.25071097749248394,
      "rev_growth_yoy_accel": -0.0641573237729316,
      "fcf_margin_change": -0.1868081127402037
    },
    {
      "date": "2023-06-30T00:00:00",
      "quarter_label": "2023-06 (Q2)",
      "revenue": 1702700000,
      "gross_profit": 310100000,
      "operating_income": 216700000,
      "net_income": 144700000,
      "opex": 93400000,
      "cogs": 1392600000,
      "rd": null,
      "sga": 101200000,
      "fcf": 238100000,
      "ocf": 305500000,
      "capex": -67400000,
      "gross_margin": 0.1821225113055735,
      "op_margin": 0.12726845598167616,
      "fcf_margin": 0.13983672989957127,
      "incr_op_margin_yoy": 0.3817604554412087,
      "rev_growth_yoy": -0.3491456748595237,
      "rev_growth_yoy_accel": -0.09843469736703975,
      "fcf_margin_change": 0.1527955760742717
    },
    {
      "date": "2023-09-30T00:00:00",
      "quarter_label": "2023-09 (Q3)",
      "revenue": 1671400000,
      "gross_profit": 269100000,
      "operating_income": 166000000,
      "net_income": 104500000,
      "opex": 103100000,
      "cogs": 1402300000,
      "rd": null,
      "sga": 90900000,
      "fcf": 170500000,
      "ocf": 214700000,
      "capex": -44200000,
      "gross_margin": 0.161002752183798,
      "op_margin": 0.09931793705875314,
      "fcf_margin": 0.10201029077420126,
      "incr_op_margin_yoy": 0.34983853606027987,
      "rev_growth_yoy": -0.28009648102683377,
      "rev_growth_yoy_accel": 0.06904919383268993,
      "fcf_margin_change": -0.03782643912537001
    },
    {
      "date": "2023-12-31T00:00:00",
      "quarter_label": "2023-12 (Q4)",
      "revenue": 1614600000,
      "gross_profit": 183700000,
      "operating_income": 99000000,
      "net_income": 48800000,
      "opex": 84700000,
      "cogs": 1430900000,
      "rd": null,
      "sga": 102800000,
      "fcf": 353600000,
      "ocf": 416600000,
      "capex": -63000000,
      "gross_margin": 0.11377430942648334,
      "op_margin": 0.06131549609810479,
      "fcf_margin": 0.21900161030595813,
      "incr_op_margin_yoy": 0.4817880794701987,
      "rev_growth_yoy": -0.18330804248861912,
      "rev_growth_yoy_accel": 0.09678843853821464,
      "fcf_margin_change": 0.11699131953175687
    },
    {
      "date": "2024-03-31T00:00:00",
      "quarter_label": "2024-03 (Q1)",
      "revenue": 1635300000,
      "gross_profit": 207300000,
      "operating_income": 97300000,
      "net_income": 47800000,
      "opex": 110000000,
      "cogs": 1428000000,
      "rd": null,
      "sga": 101900000,
      "fcf": 36700000,
      "ocf": 81000000,
      "capex": -44300000,
      "gross_margin": 0.12676573105852137,
      "op_margin": 0.05949978597199291,
      "fcf_margin": 0.02244236531523268,
      "incr_op_margin_yoy": 0.6368421052631579,
      "rev_growth_yoy": -0.11332212763650165,
      "rev_growth_yoy_accel": 0.06998591485211747,
      "op_leverage_ratio": 0.04292084726867335,
      "fcf_margin_change": -0.19655924499072547
    },
    {
      "date": "2024-06-30T00:00:00",
      "quarter_label": "2024-06 (Q2)",
      "revenue": 1644000000,
      "gross_profit": 237800000,
      "operating_income": 136400000,
      "net_income": null,
      "opex": 101400000,
      "cogs": 1406200000,
      "rd": null,
      "sga": 94600000,
      "fcf": 34100000,
      "ocf": 90600000,
      "capex": -56500000,
      "gross_margin": 0.14464720194647201,
      "op_margin": 0.0829683698296837,
      "fcf_margin": 0.020742092457420924,
      "incr_op_margin_yoy": 1.3679727427597956,
      "rev_growth_yoy": -0.034474657896282374,
      "rev_growth_yoy_accel": 0.07884746974021928,
      "fcf_margin_change": -0.0017002728578117549
    },
    {
      "date": "2024-09-30T00:00:00",
      "quarter_label": "2024-09 (Q3)",
      "revenue": 1589500000,
      "gross_profit": 134500000,
      "operating_income": 15500000,
      "net_income": null,
      "opex": 119000000,
      "cogs": 1455000000,
      "rd": null,
      "sga": 111700000,
      "fcf": 146600000,
      "ocf": 189900000,
      "capex": -43300000,
      "gross_margin": 0.08461780434098773,
      "op_margin": 0.009751494180559924,
      "fcf_margin": 0.09223026108839258,
      "incr_op_margin_yoy": 1.8376068376068375,
      "rev_growth_yoy": -0.04900083762115592,
      "rev_growth_yoy_accel": -0.014526179724873543,
      "fcf_margin_change": 0.07148816863097165
    },
    {
      "date": "2024-12-31T00:00:00",
      "quarter_label": "2024-12 (Q4)",
      "revenue": 1671300000,
      "gross_profit": 157900000,
      "operating_income": 47300000,
      "net_income": 10100000,
      "opex": 110600000,
      "cogs": 1513400000,
      "rd": null,
      "sga": 100300000,
      "fcf": 90700000,
      "ocf": 141700000,
      "capex": -51000000,
      "gross_margin": 0.0944773529587746,
      "op_margin": 0.02830132232393945,
      "fcf_margin": 0.05426913181355831,
      "incr_op_margin_yoy": -0.9118165784832452,
      "rev_growth_yoy": 0.03511705685618729,
      "rev_growth_yoy_accel": 0.0841178944773432,
      "op_leverage_ratio": Infinity,
      "fcf_margin_change": -0.03796112927483427
    },
    {
      "date": "2025-03-31T00:00:00",
      "quarter_label": "2025-03 (Q1)",
      "revenue": 1644200000,
      "gross_profit": 148700000,
      "operating_income": 43700000,
      "net_income": 1200000,
      "opex": 105000000,
      "cogs": 1495500000,
      "rd": null,
      "sga": 101000000,
      "fcf": -147400000,
      "ocf": -86000000,
      "capex": -61400000,
      "gross_margin": 0.09043911932854884,
      "op_margin": 0.026578275149008637,
      "fcf_margin": -0.08964846125775452,
      "incr_op_margin_yoy": -6.022471910112359,
      "rev_growth_yoy": 0.0054424264660918485,
      "rev_growth_yoy_accel": -0.02967463039009544,
      "fcf_margin_change": -0.14391759307131283
    },
    {
      "date": "2025-06-30T00:00:00",
      "quarter_label": "2025-06 (Q2)",
      "revenue": 1758300000,
      "gross_profit": 138100000,
      "operating_income": 35300000,
      "net_income": null,
      "opex": 102800000,
      "cogs": 1620200000,
      "rd": null,
      "sga": 95200000,
      "fcf": 212300000,
      "ocf": 212300000,
      "capex": null,
      "gross_margin": 0.07854177330375932,
      "op_margin": 0.02007620997554456,
      "fcf_margin": 0.1207416254336575,
      "incr_op_margin_yoy": -0.884514435695538,
      "rev_growth_yoy": 0.06952554744525548,
      "rev_growth_yoy_accel": 0.06408312097916363,
      "op_leverage_ratio": Infinity,
      "fcf_margin_change": 0.21039008669141201
    },
    {
      "date": "2025-09-30T00:00:00",
      "quarter_label": "2025-09 (Q3)",
      "revenue": 1713200000,
      "gross_profit": 183400000,
      "operating_income": 82800000,
      "net_income": null,
      "opex": 100600000,
      "cogs": 1529800000,
      "rd": null,
      "sga": 98100000,
      "fcf": 26700000,
      "ocf": 26700000,
      "capex": null,
      "gross_margin": 0.1070511323838431,
      "op_margin": 0.04833060938594443,
      "fcf_margin": 0.015584870417931357,
      "incr_op_margin_yoy": 0.5440582053354891,
      "rev_growth_yoy": 0.0778232148474363,
      "rev_growth_yoy_accel": 0.008297667402180825,
      "fcf_margin_change": -0.10515675501572615
    }
  ],
  "signals": [
    {
      "quarter": "2025-09 (Q3)",
      "signal": "GROSS MARGIN INFLECTION",
      "detail": "GM: +9.0% -> +7.9% -> +10.7% (reversal +2.9%)",
      "severity": "MEDIUM"
    },
    {
      "quarter": "2025-09 (Q3)",
      "signal": "INCREMENTAL MARGIN (YoY)",
      "detail": "YoY Incr OPM: +54.4% vs year-ago OPM: +1.0%",
      "severity": "HIGH"
    },
    {
      "quarter": "2025-06 (Q2)",
      "signal": "FCF TURNED POSITIVE",
      "detail": "FCF margin: -9.0% -> +12.1%",
      "severity": "HIGH"
    },
    {
      "quarter": "2025-06 (Q2)",
      "signal": "YoY REVENUE GROWTH ACCELERATION",
      "detail": "YoY growth: +7.0% vs prior quarter YoY: +0.5% (accel: +6.4%)",
      "severity": "MEDIUM"
    },
    {
      "quarter": "2024-12 (Q4)",
      "signal": "YoY REVENUE GROWTH ACCELERATION",
      "detail": "YoY growth: +3.5% vs prior quarter YoY: -4.9% (accel: +8.4%)",
      "severity": "MEDIUM"
    },
    {
      "quarter": "2024-09 (Q3)",
      "signal": "FCF MARGIN EXPANSION",
      "detail": "FCF margin: +2.1% -> +9.2% (+7.1%)",
      "severity": "MEDIUM"
    },
    {
      "quarter": "2024-09 (Q3)",
      "signal": "INCREMENTAL MARGIN (YoY)",
      "detail": "YoY Incr OPM: +183.8% vs year-ago OPM: +9.9%",
      "severity": "HIGH"
    },
    {
      "quarter": "2024-06 (Q2)",
      "signal": "YoY REVENUE GROWTH ACCELERATION",
      "detail": "YoY growth: -3.4% vs prior quarter YoY: -11.3% (accel: +7.9%)",
      "severity": "MEDIUM"
    },
    {
      "quarter": "2024-06 (Q2)",
      "signal": "INCREMENTAL MARGIN (YoY)",
      "detail": "YoY Incr OPM: +136.8% vs year-ago OPM: +12.7%",
      "severity": "HIGH"
    },
    {
      "quarter": "2024-03 (Q1)",
      "signal": "YoY REVENUE GROWTH ACCELERATION",
      "detail": "YoY growth: -11.3% vs prior quarter YoY: -18.3% (accel: +7.0%)",
      "severity": "MEDIUM"
    },
    {
      "quarter": "2024-03 (Q1)",
      "signal": "INCREMENTAL MARGIN (YoY)",
      "detail": "YoY Incr OPM: +63.7% vs year-ago OPM: +12.5%",
      "severity": "HIGH"
    },
    {
      "quarter": "2023-12 (Q4)",
      "signal": "FCF MARGIN EXPANSION",
      "detail": "FCF margin: +10.2% -> +21.9% (+11.7%)",
      "severity": "MEDIUM"
    },
    {
      "quarter": "2023-12 (Q4)",
      "signal": "YoY REVENUE GROWTH ACCELERATION",
      "detail": "YoY growth: -18.3% vs prior quarter YoY: -28.0% (accel: +9.7%)",
      "severity": "MEDIUM"
    },
    {
      "quarter": "2023-12 (Q4)",
      "signal": "INCREMENTAL MARGIN (YoY)",
      "detail": "YoY Incr OPM: +48.2% vs year-ago OPM: +13.8%",
      "severity": "HIGH"
    },
    {
      "quarter": "2023-09 (Q3)",
      "signal": "YoY REVENUE GROWTH ACCELERATION",
      "detail": "YoY growth: -28.0% vs prior quarter YoY: -34.9% (accel: +6.9%)",
      "severity": "MEDIUM"
    },
    {
      "quarter": "2023-09 (Q3)",
      "signal": "INCREMENTAL MARGIN (YoY)",
      "detail": "YoY Incr OPM: +35.0% vs year-ago OPM: +16.9%",
      "severity": "MEDIUM"
    },
    {
      "quarter": "2023-06 (Q2)",
      "signal": "FCF TURNED POSITIVE",
      "detail": "FCF margin: -1.3% -> +14.0%",
      "severity": "HIGH"
    },
    {
      "quarter": "2023-06 (Q2)",
      "signal": "YoY REVENUE GROWTH DECELERATION",
      "detail": "YoY growth: -34.9% vs prior quarter YoY: -25.1% (decel: -9.8%)",
      "severity": "WARNING"
    },
    {
      "quarter": "2023-06 (Q2)",
      "signal": "INCREMENTAL MARGIN (YoY)",
      "detail": "YoY Incr OPM: +38.2% vs year-ago OPM: +21.6%",
      "severity": "MEDIUM"
    },
    {
      "quarter": "2023-03 (Q1)",
      "signal": "GROSS MARGIN INFLECTION",
      "detail": "GM: +20.7% -> +19.3% -> +21.8% (reversal +2.5%)",
      "severity": "MEDIUM"
    },
    {
      "quarter": "2023-03 (Q1)",
      "signal": "YoY REVENUE GROWTH DECELERATION",
      "detail": "YoY growth: -25.1% vs prior quarter YoY: -18.7% (decel: -6.4%)",
      "severity": "WARNING"
    },
    {
      "quarter": "2023-03 (Q1)",
      "signal": "INCREMENTAL MARGIN (YoY)",
      "detail": "YoY Incr OPM: +51.2% vs year-ago OPM: +22.2%",
      "severity": "HIGH"
    },
    {
      "quarter": "2022-12 (Q4)",
      "signal": "YoY REVENUE GROWTH DECELERATION",
      "detail": "YoY growth: -18.7% vs prior quarter YoY: -0.8% (decel: -17.9%)",
      "severity": "WARNING"
    },
    {
      "quarter": "2022-12 (Q4)",
      "signal": "INCREMENTAL MARGIN (YoY)",
      "detail": "YoY Incr OPM: +55.6% vs year-ago OPM: +21.6%",
      "severity": "HIGH"
    },
    {
      "quarter": "2022-09 (Q3)",
      "signal": "YoY REVENUE GROWTH DECELERATION",
      "detail": "YoY growth: -0.8% vs prior quarter YoY: +17.8% (decel: -18.6%)",
      "severity": "WARNING"
    },
    {
      "quarter": "2022-09 (Q3)",
      "signal": "INCREMENTAL MARGIN (YoY)",
      "detail": "YoY Incr OPM: +845.1% vs year-ago OPM: +23.5%",
      "severity": "HIGH"
    },
    {
      "quarter": "2022-06 (Q2)",
      "signal": "FCF MARGIN EXPANSION",
      "detail": "FCF margin: +12.4% -> +21.0% (+8.5%)",
      "severity": "MEDIUM"
    },
    {
      "quarter": "2022-06 (Q2)",
      "signal": "YoY REVENUE GROWTH DECELERATION",
      "detail": "YoY growth: +17.8% vs prior quarter YoY: +28.3% (decel: -10.5%)",
      "severity": "WARNING"
    },
    {
      "quarter": "2022-06 (Q2)",
      "signal": "INCREMENTAL MARGIN (YoY)",
      "detail": "YoY Incr OPM: +43.2% vs year-ago OPM: +17.8%",
      "severity": "HIGH"
    },
    {
      "quarter": "2022-03 (Q1)",
      "signal": "YoY REVENUE GROWTH DECELERATION",
      "detail": "YoY growth: +28.3% vs prior quarter YoY: +46.9% (decel: -18.7%)",
      "severity": "WARNING"
    },
    {
      "quarter": "2022-03 (Q1)",
      "signal": "INCREMENTAL MARGIN (YoY)",
      "detail": "YoY Incr OPM: +30.5% vs year-ago OPM: +19.9%",
      "severity": "MEDIUM"
    },
    {
      "quarter": "2021-12 (Q4)",
      "signal": "INCREMENTAL MARGIN (YoY)",
      "detail": "YoY Incr OPM: +57.3% vs year-ago OPM: +4.9%",
      "severity": "HIGH"
    },
    {
      "quarter": "2021-09 (Q3)",
      "signal": "GROSS MARGIN INFLECTION",
      "detail": "GM: +25.8% -> +22.9% -> +28.2% (reversal +5.3%)",
      "severity": "HIGH"
    },
    {
      "quarter": "2021-06 (Q2)",
      "signal": "FCF MARGIN EXPANSION",
      "detail": "FCF margin: +11.4% -> +18.1% (+6.7%)",
      "severity": "MEDIUM"
    },
    {
      "quarter": "2021-06 (Q2)",
      "signal": "OPERATING LEVERAGE",
      "detail": "Rev growth +15.8% vs OpEx growth +0.3% (leverage: 59.8x)",
      "severity": "MEDIUM"
    },
    {
      "quarter": "2021-03 (Q1)",
      "signal": "FCF MARGIN EXPANSION",
      "detail": "FCF margin: +3.1% -> +11.4% (+8.2%)",
      "severity": "MEDIUM"
    }
  ],
  "data_quality": {
    "n_quarters": 20,
    "coverage": {
      "revenue": [
        20,
        20
      ],
      "gross_profit": [
        20,
        20
      ],
      "op_income": [
        20,
        20
      ],
      "fcf": [
        20,
        20
      ]
    },
    "gaps": [],
    "warnings": []
  },
  "market_cap": null,
  "source": "SEC EDGAR",
  "last_updated": "2026-02-02T21:27:59.122924",
  "sector": "Basic Materials",
  "industry": "Chemicals"
}