{
  "ticker": "OLPX",
  "name": "Olaplex Holdings, Inc.",
  "quarters": [
    {
      "date": "2020-12-31T00:00:00",
      "quarter_label": "2020-12 (Q4)",
      "revenue": 93195000,
      "gross_profit": 74335000,
      "operating_income": 50274000,
      "net_income": 33388000,
      "opex": 24061000,
      "cogs": 18860000,
      "rd": null,
      "sga": 13879000,
      "fcf": 44497000,
      "ocf": 44466000,
      "capex": 31000,
      "gross_margin": 0.7976286281452868,
      "op_margin": 0.5394495412844037,
      "fcf_margin": 0.47746123719083644
    },
    {
      "date": "2021-03-31T00:00:00",
      "quarter_label": "2021-03 (Q1)",
      "revenue": 118119000,
      "gross_profit": 93595000,
      "operating_income": 72133000,
      "net_income": 45531000,
      "opex": 21462000,
      "cogs": 24524000,
      "rd": null,
      "sga": 11280000,
      "fcf": 41290000,
      "ocf": 41290000,
      "capex": null,
      "gross_margin": 0.7923788721543528,
      "op_margin": 0.6106807541547083,
      "fcf_margin": 0.34956272911216657,
      "op_leverage_ratio": Infinity,
      "fcf_margin_change": -0.12789850807866987
    },
    {
      "date": "2021-06-30T00:00:00",
      "quarter_label": "2021-06 (Q2)",
      "revenue": 152124000,
      "gross_profit": 120532000,
      "operating_income": 76563000,
      "net_income": 49351000,
      "opex": 43969000,
      "cogs": 31592000,
      "rd": null,
      "sga": 33786000,
      "fcf": 33599000,
      "ocf": 33663000,
      "capex": -64000,
      "gross_margin": 0.7923273119297415,
      "op_margin": 0.5032933659383135,
      "fcf_margin": 0.22086587257763404,
      "op_leverage_ratio": 0.2745210157985475,
      "fcf_margin_change": -0.12869685653453253
    },
    {
      "date": "2021-09-30T00:00:00",
      "quarter_label": "2021-09 (Q3)",
      "revenue": 161624000,
      "gross_profit": 127482000,
      "operating_income": 87043000,
      "net_income": 56591000,
      "opex": 40439000,
      "cogs": 34142000,
      "rd": null,
      "sga": 30257000,
      "fcf": 54577000,
      "ocf": 55372000,
      "capex": -795000,
      "gross_margin": 0.7887566203039152,
      "op_margin": 0.5385524427065287,
      "fcf_margin": 0.3376788100777112,
      "op_leverage_ratio": Infinity,
      "fcf_margin_change": 0.11681293750007718
    },
    {
      "date": "2021-12-31T00:00:00",
      "quarter_label": "2021-12 (Q4)",
      "revenue": 166498000,
      "gross_profit": 132213000,
      "operating_income": 98415000,
      "net_income": 69311000,
      "opex": 33798000,
      "cogs": 34285000,
      "rd": null,
      "sga": 23555000,
      "fcf": 69688000,
      "ocf": 69704000,
      "capex": -16000,
      "gross_margin": 0.794081610589917,
      "op_margin": 0.5910881812394143,
      "fcf_margin": 0.4185515741930834,
      "incr_op_margin_yoy": 0.656739833294681,
      "rev_growth_yoy": 0.7865550726970331,
      "op_leverage_ratio": Infinity,
      "fcf_margin_change": 0.0808727641153722
    },
    {
      "date": "2022-03-31T00:00:00",
      "quarter_label": "2022-03 (Q1)",
      "revenue": 186196000,
      "gross_profit": 141205000,
      "operating_income": 108625000,
      "net_income": 61961000,
      "opex": 32580000,
      "cogs": 44991000,
      "rd": null,
      "sga": 22314000,
      "fcf": 71901000,
      "ocf": 71969000,
      "capex": -68000,
      "gross_margin": 0.7583675266923028,
      "op_margin": 0.5833906206363187,
      "fcf_margin": 0.3861575973705128,
      "incr_op_margin_yoy": 0.5360400722711047,
      "rev_growth_yoy": 0.5763425020530143,
      "rev_growth_yoy_accel": -0.21021257064401877,
      "op_leverage_ratio": Infinity,
      "fcf_margin_change": -0.032393976822570614
    },
    {
      "date": "2022-06-30T00:00:00",
      "quarter_label": "2022-06 (Q2)",
      "revenue": 210903000,
      "gross_profit": 156430000,
      "operating_income": 120024000,
      "net_income": 87715000,
      "opex": 36406000,
      "cogs": 54473000,
      "rd": null,
      "sga": 26111000,
      "fcf": 56077000,
      "ocf": 56084000,
      "capex": -7000,
      "gross_margin": 0.7417153857460539,
      "op_margin": 0.569095745437476,
      "fcf_margin": 0.2658900063062166,
      "incr_op_margin_yoy": 0.7393967233195529,
      "rev_growth_yoy": 0.3863887355052457,
      "rev_growth_yoy_accel": -0.18995376654776858,
      "op_leverage_ratio": 1.1299410397086245,
      "fcf_margin_change": -0.12026759106429619
    },
    {
      "date": "2022-09-30T00:00:00",
      "quarter_label": "2022-09 (Q3)",
      "revenue": 176454000,
      "gross_profit": 129828000,
      "operating_income": 88692000,
      "net_income": 60763000,
      "opex": 41136000,
      "cogs": 46626000,
      "rd": null,
      "sga": 30807000,
      "fcf": 53729000,
      "ocf": 53754000,
      "capex": -25000,
      "gross_margin": 0.7357611615491856,
      "op_margin": 0.502635247713285,
      "fcf_margin": 0.3044929556711664,
      "incr_op_margin_yoy": 0.11119352663519892,
      "rev_growth_yoy": 0.09175617482552097,
      "rev_growth_yoy_accel": -0.29463256067972476,
      "fcf_margin_change": 0.03860294936494979
    },
    {
      "date": "2022-12-31T00:00:00",
      "quarter_label": "2022-12 (Q4)",
      "revenue": 130721000,
      "gross_profit": 92090000,
      "operating_income": 47053000,
      "net_income": 33633000,
      "opex": 45037000,
      "cogs": 38631000,
      "rd": null,
      "sga": 34645000,
      "fcf": 72967000,
      "ocf": 73517000,
      "capex": -550000,
      "gross_margin": 0.7044774749275173,
      "op_margin": 0.3599498167853673,
      "fcf_margin": 0.5581888143450555,
      "incr_op_margin_yoy": 1.4356150599547195,
      "rev_growth_yoy": -0.21487945801150765,
      "rev_growth_yoy_accel": -0.3066356328370286,
      "fcf_margin_change": 0.2536958586738891
    },
    {
      "date": "2023-03-31T00:00:00",
      "quarter_label": "2023-03 (Q1)",
      "revenue": 113787000,
      "gross_profit": 80810000,
      "operating_income": 35563000,
      "net_income": 20964000,
      "opex": 45247000,
      "cogs": 32977000,
      "rd": null,
      "sga": 34924000,
      "fcf": 47982000,
      "ocf": 48089000,
      "capex": -107000,
      "gross_margin": 0.710186576673961,
      "op_margin": 0.3125400968476188,
      "fcf_margin": 0.42168261752221253,
      "incr_op_margin_yoy": 1.0090182159676284,
      "rev_growth_yoy": -0.3888859051751917,
      "rev_growth_yoy_accel": -0.17400644716368407,
      "fcf_margin_change": -0.13650619682284298
    },
    {
      "date": "2023-06-30T00:00:00",
      "quarter_label": "2023-06 (Q2)",
      "revenue": 109241000,
      "gross_profit": 77496000,
      "operating_income": 18759000,
      "net_income": 6156000,
      "opex": 58737000,
      "cogs": 31745000,
      "rd": null,
      "sga": 48413000,
      "fcf": 26977000,
      "ocf": 26998000,
      "capex": -21000,
      "gross_margin": 0.7094039783597733,
      "op_margin": 0.17172124019370016,
      "fcf_margin": 0.24694940544301133,
      "incr_op_margin_yoy": 0.996094902716846,
      "rev_growth_yoy": -0.4820320242006989,
      "rev_growth_yoy_accel": -0.09314611902550718,
      "fcf_margin_change": -0.1747332120792012
    },
    {
      "date": "2023-09-30T00:00:00",
      "quarter_label": "2023-09 (Q3)",
      "revenue": 123555000,
      "gross_profit": 83548000,
      "operating_income": 36737000,
      "net_income": 20366000,
      "opex": 46811000,
      "cogs": 40007000,
      "rd": null,
      "sga": 36433000,
      "fcf": 53299000,
      "ocf": 53410000,
      "capex": -111000,
      "gross_margin": 0.6762008821982113,
      "op_margin": 0.2973331714621019,
      "fcf_margin": 0.43137873821375095,
      "incr_op_margin_yoy": 0.9821546721110039,
      "rev_growth_yoy": -0.2997891801829372,
      "rev_growth_yoy_accel": 0.1822428440177617,
      "op_leverage_ratio": Infinity,
      "fcf_margin_change": 0.1844293327707396
    },
    {
      "date": "2023-12-31T00:00:00",
      "quarter_label": "2023-12 (Q4)",
      "revenue": 111717000,
      "gross_profit": 76778000,
      "operating_income": 17163000,
      "net_income": 14101000,
      "opex": 59615000,
      "cogs": 34939000,
      "rd": null,
      "sga": 49172000,
      "fcf": 48899000,
      "ocf": 49035000,
      "capex": -136000,
      "gross_margin": 0.6872544017472721,
      "op_margin": 0.15362925964714413,
      "fcf_margin": 0.4377041990028375,
      "incr_op_margin_yoy": 1.5728267733108818,
      "rev_growth_yoy": -0.14537832482921642,
      "rev_growth_yoy_accel": 0.1544108553537208,
      "fcf_margin_change": 0.006325460789086579
    },
    {
      "date": "2024-03-31T00:00:00",
      "quarter_label": "2024-03 (Q1)",
      "revenue": 98906000,
      "gross_profit": 71343000,
      "operating_income": 19617000,
      "net_income": 7746000,
      "opex": 51726000,
      "cogs": 27563000,
      "rd": null,
      "sga": 40437000,
      "fcf": 43256000,
      "ocf": 43707000,
      "capex": -451000,
      "gross_margin": 0.721321254524498,
      "op_margin": 0.1983398378258144,
      "fcf_margin": 0.43734454937010897,
      "incr_op_margin_yoy": 1.0715677709831328,
      "rev_growth_yoy": -0.1307794387759586,
      "rev_growth_yoy_accel": 0.01459888605325782,
      "fcf_margin_change": -0.00035964963272855366
    },
    {
      "date": "2024-06-30T00:00:00",
      "quarter_label": "2024-06 (Q2)",
      "revenue": 103943000,
      "gross_profit": 72437000,
      "operating_income": 16278000,
      "net_income": 5779000,
      "opex": 56159000,
      "cogs": 31506000,
      "rd": null,
      "sga": 45423000,
      "fcf": 16134000,
      "ocf": 16242000,
      "capex": -108000,
      "gross_margin": 0.696891565569591,
      "op_margin": 0.15660506238996372,
      "fcf_margin": 0.15521968771345834,
      "incr_op_margin_yoy": 0.4682899207248018,
      "rev_growth_yoy": -0.04849827445739237,
      "rev_growth_yoy_accel": 0.08228116431856623,
      "op_leverage_ratio": 0.5942380771286419,
      "fcf_margin_change": -0.2821248616566506
    },
    {
      "date": "2024-09-30T00:00:00",
      "quarter_label": "2024-09 (Q3)",
      "revenue": 119080000,
      "gross_profit": 81734000,
      "operating_income": 27996000,
      "net_income": 14797000,
      "opex": 53738000,
      "cogs": 37346000,
      "rd": null,
      "sga": 42956000,
      "fcf": 33330000,
      "ocf": 33461000,
      "capex": -131000,
      "gross_margin": 0.6863789049378569,
      "op_margin": 0.2351024521330198,
      "fcf_margin": 0.2798958683238159,
      "incr_op_margin_yoy": 1.953296089385475,
      "rev_growth_yoy": -0.03621868803366922,
      "rev_growth_yoy_accel": 0.012279586423723149,
      "op_leverage_ratio": Infinity,
      "fcf_margin_change": 0.12467618061035757
    },
    {
      "date": "2024-12-31T00:00:00",
      "quarter_label": "2024-12 (Q4)",
      "revenue": 100741000,
      "gross_profit": 66776000,
      "operating_income": 3045000,
      "net_income": -8800000,
      "opex": 63731000,
      "cogs": 33965000,
      "rd": null,
      "sga": 52869000,
      "fcf": 49224000,
      "ocf": 49658000,
      "capex": -434000,
      "gross_margin": 0.6628482941404195,
      "op_margin": 0.030226025153611738,
      "fcf_margin": 0.48861933075907527,
      "incr_op_margin_yoy": 1.2862609329446064,
      "rev_growth_yoy": -0.09824825228031545,
      "rev_growth_yoy_accel": -0.06202956424664623,
      "fcf_margin_change": 0.20872346243525935
    },
    {
      "date": "2025-03-31T00:00:00",
      "quarter_label": "2025-03 (Q1)",
      "revenue": 96978000,
      "gross_profit": 67356000,
      "operating_income": 8476000,
      "net_income": 465000,
      "opex": 58880000,
      "cogs": 29622000,
      "rd": null,
      "sga": 47987000,
      "fcf": -2965000,
      "ocf": -2917000,
      "capex": -48000,
      "gross_margin": 0.6945492792179669,
      "op_margin": 0.08740126626657592,
      "fcf_margin": -0.030573944605993112,
      "incr_op_margin_yoy": 5.778526970954357,
      "rev_growth_yoy": -0.0194932562230805,
      "rev_growth_yoy_accel": 0.07875499605723495,
      "fcf_margin_change": -0.5191932753650684
    },
    {
      "date": "2025-06-30T00:00:00",
      "quarter_label": "2025-06 (Q2)",
      "revenue": 106284000,
      "gross_profit": 75635000,
      "operating_income": -1204000,
      "net_income": -7742000,
      "opex": 76839000,
      "cogs": 30649000,
      "rd": null,
      "sga": 65909000,
      "fcf": 20801000,
      "ocf": 20904000,
      "capex": -103000,
      "gross_margin": 0.7116311015769071,
      "op_margin": -0.011328139701177976,
      "fcf_margin": 0.19571148997026833,
      "incr_op_margin_yoy": -7.467748825288338,
      "rev_growth_yoy": 0.02252195915068836,
      "rev_growth_yoy_accel": 0.04201521537376886,
      "op_leverage_ratio": 0.31461213923523834,
      "fcf_margin_change": 0.22628543457626143
    },
    {
      "date": "2025-09-30T00:00:00",
      "quarter_label": "2025-09 (Q3)",
      "revenue": 114579000,
      "gross_profit": 79198000,
      "operating_income": 4183000,
      "net_income": 11127000,
      "opex": 75015000,
      "cogs": 35381000,
      "rd": null,
      "sga": 64110000,
      "fcf": 7931000,
      "ocf": 8002000,
      "capex": -71000,
      "gross_margin": 0.6912086857102959,
      "op_margin": 0.036507562467816966,
      "fcf_margin": 0.06921861772227023,
      "incr_op_margin_yoy": 5.290602088424794,
      "rev_growth_yoy": -0.03779811891165603,
      "rev_growth_yoy_accel": -0.060320078062344386,
      "op_leverage_ratio": Infinity,
      "fcf_margin_change": -0.1264928722479981
    }
  ],
  "signals": [
    {
      "quarter": "2025-09 (Q3)",
      "signal": "YoY REVENUE GROWTH DECELERATION",
      "detail": "YoY growth: -3.8% vs prior quarter YoY: +2.3% (decel: -6.0%)",
      "severity": "WARNING"
    },
    {
      "quarter": "2025-09 (Q3)",
      "signal": "INCREMENTAL MARGIN (YoY)",
      "detail": "YoY Incr OPM: +529.1% vs year-ago OPM: +23.5%",
      "severity": "HIGH"
    },
    {
      "quarter": "2025-09 (Q3)",
      "signal": "OP MARGIN TURNED POSITIVE (QoQ)",
      "detail": "Op margin: -1.1% -> +3.7%",
      "severity": "HIGH"
    },
    {
      "quarter": "2025-06 (Q2)",
      "signal": "FCF TURNED POSITIVE",
      "detail": "FCF margin: -3.1% -> +19.6%",
      "severity": "HIGH"
    },
    {
      "quarter": "2025-03 (Q1)",
      "signal": "GROSS MARGIN INFLECTION",
      "detail": "GM: +68.6% -> +66.3% -> +69.5% (reversal +3.2%)",
      "severity": "MEDIUM"
    },
    {
      "quarter": "2025-03 (Q1)",
      "signal": "YoY REVENUE GROWTH ACCELERATION",
      "detail": "YoY growth: -1.9% vs prior quarter YoY: -9.8% (accel: +7.9%)",
      "severity": "MEDIUM"
    },
    {
      "quarter": "2025-03 (Q1)",
      "signal": "INCREMENTAL MARGIN (YoY)",
      "detail": "YoY Incr OPM: +577.9% vs year-ago OPM: +19.8%",
      "severity": "HIGH"
    },
    {
      "quarter": "2024-12 (Q4)",
      "signal": "FCF MARGIN EXPANSION",
      "detail": "FCF margin: +28.0% -> +48.9% (+20.9%)",
      "severity": "MEDIUM"
    },
    {
      "quarter": "2024-12 (Q4)",
      "signal": "YoY REVENUE GROWTH DECELERATION",
      "detail": "YoY growth: -9.8% vs prior quarter YoY: -3.6% (decel: -6.2%)",
      "severity": "WARNING"
    },
    {
      "quarter": "2024-12 (Q4)",
      "signal": "INCREMENTAL MARGIN (YoY)",
      "detail": "YoY Incr OPM: +128.6% vs year-ago OPM: +15.4%",
      "severity": "HIGH"
    },
    {
      "quarter": "2024-09 (Q3)",
      "signal": "FCF MARGIN EXPANSION",
      "detail": "FCF margin: +15.5% -> +28.0% (+12.5%)",
      "severity": "MEDIUM"
    },
    {
      "quarter": "2024-09 (Q3)",
      "signal": "INCREMENTAL MARGIN (YoY)",
      "detail": "YoY Incr OPM: +195.3% vs year-ago OPM: +29.7%",
      "severity": "HIGH"
    },
    {
      "quarter": "2024-06 (Q2)",
      "signal": "YoY REVENUE GROWTH ACCELERATION",
      "detail": "YoY growth: -4.8% vs prior quarter YoY: -13.1% (accel: +8.2%)",
      "severity": "MEDIUM"
    },
    {
      "quarter": "2024-06 (Q2)",
      "signal": "INCREMENTAL MARGIN (YoY)",
      "detail": "YoY Incr OPM: +46.8% vs year-ago OPM: +17.2%",
      "severity": "HIGH"
    },
    {
      "quarter": "2024-03 (Q1)",
      "signal": "INCREMENTAL MARGIN (YoY)",
      "detail": "YoY Incr OPM: +107.2% vs year-ago OPM: +31.3%",
      "severity": "HIGH"
    },
    {
      "quarter": "2023-12 (Q4)",
      "signal": "YoY REVENUE GROWTH ACCELERATION",
      "detail": "YoY growth: -14.5% vs prior quarter YoY: -30.0% (accel: +15.4%)",
      "severity": "HIGH"
    },
    {
      "quarter": "2023-12 (Q4)",
      "signal": "INCREMENTAL MARGIN (YoY)",
      "detail": "YoY Incr OPM: +157.3% vs year-ago OPM: +36.0%",
      "severity": "HIGH"
    },
    {
      "quarter": "2023-09 (Q3)",
      "signal": "FCF MARGIN EXPANSION",
      "detail": "FCF margin: +24.7% -> +43.1% (+18.4%)",
      "severity": "MEDIUM"
    },
    {
      "quarter": "2023-09 (Q3)",
      "signal": "YoY REVENUE GROWTH ACCELERATION",
      "detail": "YoY growth: -30.0% vs prior quarter YoY: -48.2% (accel: +18.2%)",
      "severity": "HIGH"
    },
    {
      "quarter": "2023-09 (Q3)",
      "signal": "INCREMENTAL MARGIN (YoY)",
      "detail": "YoY Incr OPM: +98.2% vs year-ago OPM: +50.3%",
      "severity": "HIGH"
    },
    {
      "quarter": "2023-06 (Q2)",
      "signal": "YoY REVENUE GROWTH DECELERATION",
      "detail": "YoY growth: -48.2% vs prior quarter YoY: -38.9% (decel: -9.3%)",
      "severity": "WARNING"
    },
    {
      "quarter": "2023-06 (Q2)",
      "signal": "INCREMENTAL MARGIN (YoY)",
      "detail": "YoY Incr OPM: +99.6% vs year-ago OPM: +56.9%",
      "severity": "HIGH"
    },
    {
      "quarter": "2023-03 (Q1)",
      "signal": "YoY REVENUE GROWTH DECELERATION",
      "detail": "YoY growth: -38.9% vs prior quarter YoY: -21.5% (decel: -17.4%)",
      "severity": "WARNING"
    },
    {
      "quarter": "2023-03 (Q1)",
      "signal": "INCREMENTAL MARGIN (YoY)",
      "detail": "YoY Incr OPM: +100.9% vs year-ago OPM: +58.3%",
      "severity": "HIGH"
    },
    {
      "quarter": "2022-12 (Q4)",
      "signal": "FCF MARGIN EXPANSION",
      "detail": "FCF margin: +30.4% -> +55.8% (+25.4%)",
      "severity": "MEDIUM"
    },
    {
      "quarter": "2022-12 (Q4)",
      "signal": "YoY REVENUE GROWTH DECELERATION",
      "detail": "YoY growth: -21.5% vs prior quarter YoY: +9.2% (decel: -30.7%)",
      "severity": "WARNING"
    },
    {
      "quarter": "2022-12 (Q4)",
      "signal": "INCREMENTAL MARGIN (YoY)",
      "detail": "YoY Incr OPM: +143.6% vs year-ago OPM: +59.1%",
      "severity": "HIGH"
    },
    {
      "quarter": "2022-09 (Q3)",
      "signal": "YoY REVENUE GROWTH DECELERATION",
      "detail": "YoY growth: +9.2% vs prior quarter YoY: +38.6% (decel: -29.5%)",
      "severity": "WARNING"
    },
    {
      "quarter": "2022-06 (Q2)",
      "signal": "YoY REVENUE GROWTH DECELERATION",
      "detail": "YoY growth: +38.6% vs prior quarter YoY: +57.6% (decel: -19.0%)",
      "severity": "WARNING"
    },
    {
      "quarter": "2022-06 (Q2)",
      "signal": "INCREMENTAL MARGIN (YoY)",
      "detail": "YoY Incr OPM: +73.9% vs year-ago OPM: +50.3%",
      "severity": "HIGH"
    },
    {
      "quarter": "2022-03 (Q1)",
      "signal": "YoY REVENUE GROWTH DECELERATION",
      "detail": "YoY growth: +57.6% vs prior quarter YoY: +78.7% (decel: -21.0%)",
      "severity": "WARNING"
    },
    {
      "quarter": "2021-12 (Q4)",
      "signal": "FCF MARGIN EXPANSION",
      "detail": "FCF margin: +33.8% -> +41.9% (+8.1%)",
      "severity": "MEDIUM"
    },
    {
      "quarter": "2021-12 (Q4)",
      "signal": "INCREMENTAL MARGIN (YoY)",
      "detail": "YoY Incr OPM: +65.7% vs year-ago OPM: +53.9%",
      "severity": "MEDIUM"
    },
    {
      "quarter": "2021-09 (Q3)",
      "signal": "FCF MARGIN EXPANSION",
      "detail": "FCF margin: +22.1% -> +33.8% (+11.7%)",
      "severity": "MEDIUM"
    }
  ],
  "data_quality": {
    "n_quarters": 20,
    "coverage": {
      "revenue": [
        20,
        20
      ],
      "gross_profit": [
        20,
        20
      ],
      "op_income": [
        20,
        20
      ],
      "fcf": [
        20,
        20
      ]
    },
    "gaps": [],
    "warnings": []
  },
  "market_cap": null,
  "source": "SEC EDGAR",
  "last_updated": "2026-02-02T21:59:27.641869"
}