{
  "ticker": "OM",
  "name": "Outset Medical, Inc.",
  "sector": "Healthcare",
  "industry": "Medical Devices",
  "quarters": [
    {
      "date": "2021-03-31T00:00:00",
      "quarter_label": "2021-03 (Q1)",
      "revenue": 22916000,
      "gross_profit": 289000,
      "operating_income": -29676000,
      "net_income": -30025000,
      "opex": 29965000,
      "cogs": 22627000,
      "rd": 7570000,
      "sga": null,
      "fcf": -39535000,
      "ocf": -38616000,
      "capex": -919000,
      "gross_margin": 0.012611275964391691,
      "op_margin": -1.294990399720719,
      "fcf_margin": -1.7252138244021644
    },
    {
      "date": "2021-06-30T00:00:00",
      "quarter_label": "2021-06 (Q2)",
      "revenue": 25216000,
      "gross_profit": 1052000,
      "operating_income": -29906000,
      "net_income": -30208000,
      "opex": 30958000,
      "cogs": 24164000,
      "rd": 8032000,
      "sga": null,
      "fcf": -31688000,
      "ocf": -30841000,
      "capex": -847000,
      "gross_margin": 0.04171954314720812,
      "op_margin": -1.1859930203045685,
      "fcf_margin": -1.2566624365482233,
      "op_leverage_ratio": 3.028684646601969,
      "fcf_margin_change": 0.4685513878539411
    },
    {
      "date": "2021-09-30T00:00:00",
      "quarter_label": "2021-09 (Q3)",
      "revenue": 26318000,
      "gross_profit": 2946000,
      "operating_income": -30138000,
      "net_income": -30470000,
      "opex": 33084000,
      "cogs": 23372000,
      "rd": 9729000,
      "sga": null,
      "fcf": -28622000,
      "ocf": -28131000,
      "capex": -491000,
      "gross_margin": 0.11193859715783874,
      "op_margin": -1.145147807584163,
      "fcf_margin": -1.087544646249715,
      "op_leverage_ratio": 0.6363778198136678,
      "fcf_margin_change": 0.16911779029850837
    },
    {
      "date": "2021-12-31T00:00:00",
      "quarter_label": "2021-12 (Q4)",
      "revenue": 28152000,
      "gross_profit": 3321000,
      "operating_income": -40799000,
      "net_income": -41232000,
      "opex": 44120000,
      "cogs": 24831000,
      "rd": 11410000,
      "sga": null,
      "fcf": -33527000,
      "ocf": -32676000,
      "capex": -851000,
      "gross_margin": 0.11796675191815857,
      "op_margin": -1.4492398408638818,
      "fcf_margin": -1.1909278204035236,
      "op_leverage_ratio": 0.20890689256042325,
      "fcf_margin_change": -0.10338317415380871
    },
    {
      "date": "2022-03-31T00:00:00",
      "quarter_label": "2022-03 (Q1)",
      "revenue": 30550000,
      "gross_profit": 4442000,
      "operating_income": -36475000,
      "net_income": -36892000,
      "opex": 40917000,
      "cogs": 26108000,
      "rd": 10831000,
      "sga": null,
      "fcf": -39813000,
      "ocf": -38335000,
      "capex": -1478000,
      "gross_margin": 0.14540098199672669,
      "op_margin": -1.1939443535188217,
      "fcf_margin": -1.3032078559738134,
      "incr_op_margin_yoy": -0.8906209064710505,
      "rev_growth_yoy": 0.3331296910455577,
      "op_leverage_ratio": null,
      "fcf_margin_change": -0.11228003557028976
    },
    {
      "date": "2022-06-30T00:00:00",
      "quarter_label": "2022-06 (Q2)",
      "revenue": 25057000,
      "gross_profit": 3782000,
      "operating_income": -43721000,
      "net_income": -43839000,
      "opex": 47503000,
      "cogs": 21275000,
      "rd": 13521000,
      "sga": null,
      "fcf": -40572000,
      "ocf": -38575000,
      "capex": -1997000,
      "gross_margin": 0.150935866225007,
      "op_margin": -1.7448617152891408,
      "fcf_margin": -1.619188250788203,
      "rev_growth_yoy": -0.006305520304568528,
      "rev_growth_yoy_accel": -0.3394352113501262,
      "fcf_margin_change": -0.31598039481438955
    },
    {
      "date": "2022-09-30T00:00:00",
      "quarter_label": "2022-09 (Q3)",
      "revenue": 27761000,
      "gross_profit": 4336000,
      "operating_income": -40999000,
      "net_income": -40781000,
      "opex": 45335000,
      "cogs": 23425000,
      "rd": 13059000,
      "sga": null,
      "fcf": -37053000,
      "ocf": -34312000,
      "capex": -2741000,
      "gross_margin": 0.1561903389647347,
      "op_margin": -1.476856021036706,
      "fcf_margin": -1.3347141673570837,
      "incr_op_margin_yoy": -7.526680526680527,
      "rev_growth_yoy": 0.054829394330876205,
      "rev_growth_yoy_accel": 0.06113491463544473,
      "op_leverage_ratio": null,
      "fcf_margin_change": 0.28447408343111924
    },
    {
      "date": "2022-12-31T00:00:00",
      "quarter_label": "2022-12 (Q4)",
      "revenue": 32007000,
      "gross_profit": 5273000,
      "operating_income": -39824000,
      "net_income": -41444000,
      "opex": 45097000,
      "cogs": 26734000,
      "rd": 11444000,
      "sga": null,
      "fcf": -36616000,
      "ocf": -34507000,
      "capex": -2109000,
      "gross_margin": 0.16474521198487832,
      "op_margin": -1.2442278251632455,
      "fcf_margin": -1.1439997500546755,
      "incr_op_margin_yoy": 0.2529182879377432,
      "rev_growth_yoy": 0.13693520886615515,
      "rev_growth_yoy_accel": 0.08210581453527895,
      "op_leverage_ratio": null,
      "fcf_margin_change": 0.19071441730240823
    },
    {
      "date": "2023-03-31T00:00:00",
      "quarter_label": "2023-03 (Q1)",
      "revenue": 33467000,
      "gross_profit": 6428000,
      "operating_income": -43485000,
      "net_income": -43971000,
      "opex": 49913000,
      "cogs": 27039000,
      "rd": 13793000,
      "sga": null,
      "fcf": -45566000,
      "ocf": -44756000,
      "capex": -810000,
      "gross_margin": 0.1920698001015926,
      "op_margin": -1.299339648011474,
      "fcf_margin": -1.3615203035826335,
      "incr_op_margin_yoy": -2.4031539252656837,
      "rev_growth_yoy": 0.09548281505728315,
      "rev_growth_yoy_accel": -0.041452393808872,
      "op_leverage_ratio": 0.4271388360125126,
      "fcf_margin_change": -0.21752055352795807
    },
    {
      "date": "2023-06-30T00:00:00",
      "quarter_label": "2023-06 (Q2)",
      "revenue": 36040000,
      "gross_profit": 7703000,
      "operating_income": -43478000,
      "net_income": -44046000,
      "opex": 51181000,
      "cogs": 28337000,
      "rd": 14906000,
      "sga": null,
      "fcf": -28971000,
      "ocf": -28176000,
      "capex": -795000,
      "gross_margin": 0.21373473917869035,
      "op_margin": -1.2063817980022198,
      "fcf_margin": -0.8038568257491676,
      "incr_op_margin_yoy": 0.02212510243102977,
      "rev_growth_yoy": 0.43832062896595764,
      "rev_growth_yoy_accel": 0.3428378139086745,
      "op_leverage_ratio": 3.0263379416363723,
      "fcf_margin_change": 0.5576634778334659
    },
    {
      "date": "2023-09-30T00:00:00",
      "quarter_label": "2023-09 (Q3)",
      "revenue": 30362000,
      "gross_profit": 7157000,
      "operating_income": -45454000,
      "net_income": -46180000,
      "opex": 52611000,
      "cogs": 23205000,
      "rd": 16076000,
      "sga": null,
      "fcf": -34781000,
      "ocf": -33999000,
      "capex": -782000,
      "gross_margin": 0.23572228443449048,
      "op_margin": -1.4970687043014295,
      "fcf_margin": -1.1455437718200383,
      "incr_op_margin_yoy": -1.71280276816609,
      "rev_growth_yoy": 0.09369259032455603,
      "rev_growth_yoy_accel": -0.3446280386414016,
      "fcf_margin_change": -0.3416869460708707
    },
    {
      "date": "2023-12-31T00:00:00",
      "quarter_label": "2023-12 (Q4)",
      "revenue": 30507000,
      "gross_profit": 7712000,
      "operating_income": -37353000,
      "net_income": -38600000,
      "opex": 45065000,
      "cogs": 22795000,
      "rd": 12532000,
      "sga": null,
      "fcf": -25495000,
      "ocf": -24442000,
      "capex": -1053000,
      "gross_margin": 0.2527944406201855,
      "op_margin": -1.2244075130297964,
      "fcf_margin": -0.8357098370865703,
      "incr_op_margin_yoy": -1.6473333333333333,
      "rev_growth_yoy": -0.046864748336301436,
      "rev_growth_yoy_accel": -0.14055733866085746,
      "fcf_margin_change": 0.309833934733468
    },
    {
      "date": "2024-03-31T00:00:00",
      "quarter_label": "2024-03 (Q1)",
      "revenue": 28168000,
      "gross_profit": 8215000,
      "operating_income": -36912000,
      "net_income": -39944000,
      "opex": 45127000,
      "cogs": 19953000,
      "rd": 12635000,
      "sga": null,
      "fcf": -46266000,
      "ocf": -45912000,
      "capex": -354000,
      "gross_margin": 0.2916429991479693,
      "op_margin": -1.3104231752343085,
      "fcf_margin": -1.6425021300766827,
      "incr_op_margin_yoy": -1.2404227212681638,
      "rev_growth_yoy": -0.15833507634386113,
      "rev_growth_yoy_accel": -0.11147032800755968,
      "fcf_margin_change": -0.8067922929901123
    },
    {
      "date": "2024-06-30T00:00:00",
      "quarter_label": "2024-06 (Q2)",
      "revenue": 27388000,
      "gross_profit": 9782000,
      "operating_income": -30764000,
      "net_income": -34454000,
      "opex": 40546000,
      "cogs": 17606000,
      "rd": 9734000,
      "sga": null,
      "fcf": -33455000,
      "ocf": -33335000,
      "capex": -120000,
      "gross_margin": 0.35716372133781216,
      "op_margin": -1.1232656637943625,
      "fcf_margin": -1.2215203738863736,
      "incr_op_margin_yoy": -1.469486823855756,
      "rev_growth_yoy": -0.24006659267480576,
      "rev_growth_yoy_accel": -0.08173151633094464,
      "fcf_margin_change": 0.4209817561903091
    },
    {
      "date": "2024-09-30T00:00:00",
      "quarter_label": "2024-09 (Q3)",
      "revenue": 28666000,
      "gross_profit": 9820000,
      "operating_income": -23839000,
      "net_income": -27940000,
      "opex": 33659000,
      "cogs": 18846000,
      "rd": 8139000,
      "sga": null,
      "fcf": -20963000,
      "ocf": -20568000,
      "capex": -395000,
      "gross_margin": 0.342566106188516,
      "op_margin": -0.8316123630782111,
      "fcf_margin": -0.731284448475546,
      "incr_op_margin_yoy": -12.744693396226415,
      "rev_growth_yoy": -0.05585929780646861,
      "rev_growth_yoy_accel": 0.18420729486833715,
      "op_leverage_ratio": null,
      "fcf_margin_change": 0.4902359254108276
    },
    {
      "date": "2024-12-31T00:00:00",
      "quarter_label": "2024-12 (Q4)",
      "revenue": 29467000,
      "gross_profit": 10747000,
      "operating_income": -21860000,
      "net_income": -25638000,
      "opex": 32607000,
      "cogs": 18720000,
      "rd": 7889000,
      "sga": null,
      "fcf": -16531000,
      "ocf": -16488000,
      "capex": -43000,
      "gross_margin": 0.36471306885668714,
      "op_margin": -0.7418468116876505,
      "fcf_margin": -0.56100044117148,
      "incr_op_margin_yoy": -14.897115384615384,
      "rev_growth_yoy": -0.0340905365981578,
      "rev_growth_yoy_accel": 0.02176876120831081,
      "op_leverage_ratio": null,
      "fcf_margin_change": 0.170284007304066
    },
    {
      "date": "2025-03-31T00:00:00",
      "quarter_label": "2025-03 (Q1)",
      "revenue": 29752000,
      "gross_profit": 11066000,
      "operating_income": -16399000,
      "net_income": -25783000,
      "opex": 27465000,
      "cogs": 18686000,
      "rd": 5515000,
      "sga": null,
      "fcf": -25786000,
      "ocf": -25663000,
      "capex": -123000,
      "gross_margin": 0.3719413820919602,
      "op_margin": -0.5511898359774133,
      "fcf_margin": -0.8666980371067491,
      "incr_op_margin_yoy": 12.950126262626263,
      "rev_growth_yoy": 0.0562340244248793,
      "rev_growth_yoy_accel": 0.0903245610230371,
      "fcf_margin_change": -0.30569759593526913
    },
    {
      "date": "2025-06-30T00:00:00",
      "quarter_label": "2025-06 (Q2)",
      "revenue": 31419000,
      "gross_profit": 11867000,
      "operating_income": -16865000,
      "net_income": -18541000,
      "opex": 28732000,
      "cogs": 19552000,
      "rd": 5289000,
      "sga": null,
      "fcf": -5115000,
      "ocf": -4823000,
      "capex": -292000,
      "gross_margin": 0.3777013908781311,
      "op_margin": -0.5367771093924059,
      "fcf_margin": -0.16279957987205193,
      "incr_op_margin_yoy": 3.4480277846688168,
      "rev_growth_yoy": 0.14718124726157442,
      "rev_growth_yoy_accel": 0.09094722283669512,
      "op_leverage_ratio": 1.214569645242025,
      "fcf_margin_change": 0.7038984572346971
    },
    {
      "date": "2025-09-30T00:00:00",
      "quarter_label": "2025-09 (Q3)",
      "revenue": 29431000,
      "gross_profit": 11590000,
      "operating_income": -15813000,
      "net_income": -17838000,
      "opex": 27403000,
      "cogs": 17841000,
      "rd": 5376000,
      "sga": null,
      "fcf": -6480000,
      "ocf": -6320000,
      "capex": -160000,
      "gross_margin": 0.3938024531956101,
      "op_margin": -0.5372906119397913,
      "fcf_margin": -0.22017600489280012,
      "rev_growth_yoy": 0.026686667131793764,
      "rev_growth_yoy_accel": -0.12049458012978065,
      "fcf_margin_change": -0.05737642502074819
    },
    {
      "date": "2025-12-31T00:00:00",
      "quarter_label": "2025-12 (Q4)",
      "revenue": 28874000,
      "gross_profit": 12231000,
      "operating_income": -17629000,
      "net_income": -19491000,
      "opex": 29860000,
      "cogs": 16643000,
      "rd": 5055000,
      "sga": null,
      "fcf": -9744000,
      "ocf": -9521000,
      "capex": -223000,
      "gross_margin": 0.42359908568262106,
      "op_margin": -0.6105492830920551,
      "fcf_margin": -0.33746623259679986,
      "rev_growth_yoy": -0.020124206739742762,
      "rev_growth_yoy_accel": -0.046810873871536526,
      "fcf_margin_change": -0.11729022770399974
    }
  ],
  "signals": [
    {
      "quarter": "2025-09 (Q3)",
      "signal": "YoY REVENUE GROWTH DECELERATION",
      "detail": "YoY growth: +2.7% vs prior quarter YoY: +14.7% (decel: -12.0%)",
      "severity": "WARNING"
    },
    {
      "quarter": "2025-06 (Q2)",
      "signal": "FCF MARGIN EXPANSION",
      "detail": "FCF margin: -86.7% -> -16.3% (+70.4%)",
      "severity": "MEDIUM"
    },
    {
      "quarter": "2025-06 (Q2)",
      "signal": "YoY REVENUE GROWTH ACCELERATION",
      "detail": "YoY growth: +14.7% vs prior quarter YoY: +5.6% (accel: +9.1%)",
      "severity": "MEDIUM"
    },
    {
      "quarter": "2025-03 (Q1)",
      "signal": "YoY REVENUE GROWTH ACCELERATION",
      "detail": "YoY growth: +5.6% vs prior quarter YoY: -3.4% (accel: +9.0%)",
      "severity": "MEDIUM"
    },
    {
      "quarter": "2024-12 (Q4)",
      "signal": "FCF MARGIN EXPANSION",
      "detail": "FCF margin: -73.1% -> -56.1% (+17.0%)",
      "severity": "MEDIUM"
    },
    {
      "quarter": "2024-12 (Q4)",
      "signal": "GROSS MARGIN INFLECTION",
      "detail": "GM: +35.7% -> +34.3% -> +36.5% (reversal +2.2%)",
      "severity": "MEDIUM"
    },
    {
      "quarter": "2024-09 (Q3)",
      "signal": "FCF MARGIN EXPANSION",
      "detail": "FCF margin: -122.2% -> -73.1% (+49.0%)",
      "severity": "MEDIUM"
    },
    {
      "quarter": "2024-09 (Q3)",
      "signal": "YoY REVENUE GROWTH ACCELERATION",
      "detail": "YoY growth: -5.6% vs prior quarter YoY: -24.0% (accel: +18.4%)",
      "severity": "HIGH"
    },
    {
      "quarter": "2024-06 (Q2)",
      "signal": "FCF MARGIN EXPANSION",
      "detail": "FCF margin: -164.3% -> -122.2% (+42.1%)",
      "severity": "MEDIUM"
    },
    {
      "quarter": "2024-06 (Q2)",
      "signal": "YoY REVENUE GROWTH DECELERATION",
      "detail": "YoY growth: -24.0% vs prior quarter YoY: -15.8% (decel: -8.2%)",
      "severity": "WARNING"
    },
    {
      "quarter": "2024-03 (Q1)",
      "signal": "YoY REVENUE GROWTH DECELERATION",
      "detail": "YoY growth: -15.8% vs prior quarter YoY: -4.7% (decel: -11.1%)",
      "severity": "WARNING"
    },
    {
      "quarter": "2023-12 (Q4)",
      "signal": "FCF MARGIN EXPANSION",
      "detail": "FCF margin: -114.6% -> -83.6% (+31.0%)",
      "severity": "MEDIUM"
    },
    {
      "quarter": "2023-12 (Q4)",
      "signal": "YoY REVENUE GROWTH DECELERATION",
      "detail": "YoY growth: -4.7% vs prior quarter YoY: +9.4% (decel: -14.1%)",
      "severity": "WARNING"
    },
    {
      "quarter": "2023-09 (Q3)",
      "signal": "YoY REVENUE GROWTH DECELERATION",
      "detail": "YoY growth: +9.4% vs prior quarter YoY: +43.8% (decel: -34.5%)",
      "severity": "WARNING"
    },
    {
      "quarter": "2023-06 (Q2)",
      "signal": "FCF MARGIN EXPANSION",
      "detail": "FCF margin: -136.2% -> -80.4% (+55.8%)",
      "severity": "MEDIUM"
    },
    {
      "quarter": "2023-06 (Q2)",
      "signal": "OPERATING LEVERAGE",
      "detail": "Rev growth +7.7% vs OpEx growth +2.5% (leverage: 3.0x)",
      "severity": "MEDIUM"
    },
    {
      "quarter": "2023-06 (Q2)",
      "signal": "YoY REVENUE GROWTH ACCELERATION",
      "detail": "YoY growth: +43.8% vs prior quarter YoY: +9.5% (accel: +34.3%)",
      "severity": "HIGH"
    },
    {
      "quarter": "2022-12 (Q4)",
      "signal": "FCF MARGIN EXPANSION",
      "detail": "FCF margin: -133.5% -> -114.4% (+19.1%)",
      "severity": "MEDIUM"
    },
    {
      "quarter": "2022-12 (Q4)",
      "signal": "YoY REVENUE GROWTH ACCELERATION",
      "detail": "YoY growth: +13.7% vs prior quarter YoY: +5.5% (accel: +8.2%)",
      "severity": "MEDIUM"
    },
    {
      "quarter": "2022-09 (Q3)",
      "signal": "FCF MARGIN EXPANSION",
      "detail": "FCF margin: -161.9% -> -133.5% (+28.4%)",
      "severity": "MEDIUM"
    },
    {
      "quarter": "2022-09 (Q3)",
      "signal": "YoY REVENUE GROWTH ACCELERATION",
      "detail": "YoY growth: +5.5% vs prior quarter YoY: -0.6% (accel: +6.1%)",
      "severity": "MEDIUM"
    },
    {
      "quarter": "2022-06 (Q2)",
      "signal": "YoY REVENUE GROWTH DECELERATION",
      "detail": "YoY growth: -0.6% vs prior quarter YoY: +33.3% (decel: -33.9%)",
      "severity": "WARNING"
    },
    {
      "quarter": "2021-09 (Q3)",
      "signal": "FCF MARGIN EXPANSION",
      "detail": "FCF margin: -125.7% -> -108.8% (+16.9%)",
      "severity": "MEDIUM"
    },
    {
      "quarter": "2021-06 (Q2)",
      "signal": "FCF MARGIN EXPANSION",
      "detail": "FCF margin: -172.5% -> -125.7% (+46.9%)",
      "severity": "MEDIUM"
    },
    {
      "quarter": "2021-06 (Q2)",
      "signal": "OPERATING LEVERAGE",
      "detail": "Rev growth +10.0% vs OpEx growth +3.3% (leverage: 3.0x)",
      "severity": "MEDIUM"
    }
  ],
  "data_quality": {
    "n_quarters": 20,
    "coverage": {
      "revenue": [
        20,
        20
      ],
      "gross_profit": [
        20,
        20
      ],
      "op_income": [
        20,
        20
      ],
      "fcf": [
        20,
        20
      ]
    },
    "gaps": [],
    "warnings": []
  },
  "market_cap": null,
  "source": "SEC EDGAR",
  "last_updated": "2026-02-24T10:42:31.519358"
}