{
  "ticker": "OMC",
  "name": "OMNICOM GROUP INC.",
  "quarters": [
    {
      "date": "2020-12-31T00:00:00",
      "quarter_label": "2020-12 (Q4)",
      "revenue": 3757000000,
      "gross_profit": 769800000,
      "operating_income": 614700000,
      "net_income": 398100000,
      "opex": 3142300000,
      "cogs": 2987200000,
      "rd": null,
      "sga": 101300000,
      "fcf": 2360600000,
      "ocf": 2386000000,
      "capex": -25400000,
      "gross_margin": 0.204897524620708,
      "op_margin": 0.1636145861059356,
      "fcf_margin": 0.6283204684588768
    },
    {
      "date": "2021-03-31T00:00:00",
      "quarter_label": "2021-03 (Q1)",
      "revenue": 3426900000,
      "gross_profit": 590300000,
      "operating_income": 465400000,
      "net_income": 287800000,
      "opex": 2961500000,
      "cogs": 2836600000,
      "rd": null,
      "sga": 71600000,
      "fcf": -473300000,
      "ocf": -460900000,
      "capex": -12400000,
      "gross_margin": 0.17225480755201494,
      "op_margin": 0.1358078730047565,
      "fcf_margin": -0.13811316350053984,
      "fcf_margin_change": -0.7664336319594166
    },
    {
      "date": "2021-06-30T00:00:00",
      "quarter_label": "2021-06 (Q2)",
      "revenue": 3571600000,
      "gross_profit": 725100000,
      "operating_income": 568400000,
      "net_income": 348200000,
      "opex": 3003200000,
      "cogs": 2846500000,
      "rd": null,
      "sga": 103200000,
      "fcf": 154700000,
      "ocf": 165200000,
      "capex": -10500000,
      "gross_margin": 0.20301825512375407,
      "op_margin": 0.1591443610706686,
      "fcf_margin": 0.04331392093179527,
      "op_leverage_ratio": 2.9987674047053177,
      "fcf_margin_change": 0.18142708443233513
    },
    {
      "date": "2021-09-30T00:00:00",
      "quarter_label": "2021-09 (Q3)",
      "revenue": 3435000000,
      "gross_profit": 687700000,
      "operating_income": 541600000,
      "net_income": 355600000,
      "opex": 2893400000,
      "cogs": 2747300000,
      "rd": null,
      "sga": 95000000,
      "fcf": 514600000,
      "ocf": 534300000,
      "capex": -19700000,
      "gross_margin": 0.2002037845705968,
      "op_margin": 0.15767103347889375,
      "fcf_margin": 0.14981077147016011,
      "fcf_margin_change": 0.10649685053836484
    },
    {
      "date": "2021-12-31T00:00:00",
      "quarter_label": "2021-12 (Q4)",
      "revenue": 3855800000,
      "gross_profit": 786500000,
      "operating_income": 622500000,
      "net_income": 416200000,
      "opex": 3233300000,
      "cogs": 3069300000,
      "rd": null,
      "sga": 109800000,
      "fcf": 1083600000,
      "ocf": 1706800000,
      "capex": -623200000,
      "gross_margin": 0.20397842211732975,
      "op_margin": 0.16144509569998444,
      "fcf_margin": 0.2810311738160693,
      "incr_op_margin_yoy": 0.07894736842105263,
      "rev_growth_yoy": 0.02629757785467128,
      "op_leverage_ratio": 1.0428126775877655,
      "fcf_margin_change": 0.13122040234590918
    },
    {
      "date": "2022-03-31T00:00:00",
      "quarter_label": "2022-03 (Q1)",
      "revenue": 3410300000,
      "gross_profit": 504900000,
      "operating_income": 353000000,
      "net_income": 173800000,
      "opex": 3057300000,
      "cogs": 2905400000,
      "rd": null,
      "sga": 96700000,
      "fcf": -567700000,
      "ocf": -544500000,
      "capex": -23200000,
      "gross_margin": 0.14805149107116675,
      "op_margin": 0.1035099551359118,
      "fcf_margin": -0.16646629328798052,
      "incr_op_margin_yoy": 6.771084337349397,
      "rev_growth_yoy": -0.004844028130380227,
      "rev_growth_yoy_accel": -0.03114160598505151,
      "fcf_margin_change": -0.4474974671040498
    },
    {
      "date": "2022-06-30T00:00:00",
      "quarter_label": "2022-06 (Q2)",
      "revenue": 3567200000,
      "gross_profit": 708200000,
      "operating_income": 541600000,
      "net_income": 348400000,
      "opex": 3025600000,
      "cogs": 2859000000,
      "rd": null,
      "sga": 110900000,
      "fcf": -214700000,
      "ocf": -195400000,
      "capex": -19300000,
      "gross_margin": 0.19853106077595872,
      "op_margin": 0.15182776407266202,
      "fcf_margin": -0.06018726171787396,
      "incr_op_margin_yoy": 6.090909090909091,
      "rev_growth_yoy": -0.0012319408668383918,
      "rev_growth_yoy_accel": 0.003612087263541835,
      "op_leverage_ratio": Infinity,
      "fcf_margin_change": 0.10627903157010656
    },
    {
      "date": "2022-09-30T00:00:00",
      "quarter_label": "2022-09 (Q3)",
      "revenue": 3443400000,
      "gross_profit": 686300000,
      "operating_income": 546000000,
      "net_income": 364500000,
      "opex": 2897400000,
      "cogs": 2757100000,
      "rd": null,
      "sga": 86400000,
      "fcf": 466200000,
      "ocf": 489300000,
      "capex": -23100000,
      "gross_margin": 0.19930882267526281,
      "op_margin": 0.1585642097926468,
      "fcf_margin": 0.1353894406691061,
      "incr_op_margin_yoy": 0.5238095238095238,
      "rev_growth_yoy": 0.002445414847161572,
      "rev_growth_yoy_accel": 0.003677355713999964,
      "fcf_margin_change": 0.19557670238698005
    },
    {
      "date": "2022-12-31T00:00:00",
      "quarter_label": "2022-12 (Q4)",
      "revenue": 3868200000,
      "gross_profit": 781800000,
      "operating_income": 642700000,
      "net_income": 429800000,
      "opex": 3225500000,
      "cogs": 3086400000,
      "rd": null,
      "sga": 84500000,
      "fcf": 1164500000,
      "ocf": 1177100000,
      "capex": -12600000,
      "gross_margin": 0.20210950829843338,
      "op_margin": 0.16614963031901142,
      "fcf_margin": 0.30104441342226357,
      "incr_op_margin_yoy": 1.6290322580645162,
      "rev_growth_yoy": 0.003215934436433425,
      "rev_growth_yoy_accel": 0.000770519589271853,
      "op_leverage_ratio": 1.089429819201718,
      "fcf_margin_change": 0.16565497275315746
    },
    {
      "date": "2023-03-31T00:00:00",
      "quarter_label": "2023-03 (Q1)",
      "revenue": 3443300000,
      "gross_profit": 489600000,
      "operating_income": 346500000,
      "net_income": 227500000,
      "opex": 3096800000,
      "cogs": 2953700000,
      "rd": null,
      "sga": 89200000,
      "fcf": -545200000,
      "ocf": -522100000,
      "capex": -23100000,
      "gross_margin": 0.14218917898527575,
      "op_margin": 0.10063020939215288,
      "fcf_margin": -0.15833647953997618,
      "incr_op_margin_yoy": -0.19696969696969696,
      "rev_growth_yoy": 0.009676568043867108,
      "rev_growth_yoy_accel": 0.006460633607433683,
      "fcf_margin_change": -0.4593808929622397
    },
    {
      "date": "2023-06-30T00:00:00",
      "quarter_label": "2023-06 (Q2)",
      "revenue": 3609900000,
      "gross_profit": 700900000,
      "operating_income": 550700000,
      "net_income": 366300000,
      "opex": 3059200000,
      "cogs": 2909000000,
      "rd": null,
      "sga": 99100000,
      "fcf": -279400000,
      "ocf": -262500000,
      "capex": -16900000,
      "gross_margin": 0.1941605030610266,
      "op_margin": 0.1525527022909222,
      "fcf_margin": -0.07739826587994127,
      "incr_op_margin_yoy": 0.21311475409836064,
      "rev_growth_yoy": 0.011970172684458399,
      "rev_growth_yoy_accel": 0.0022936046405912913,
      "op_leverage_ratio": Infinity,
      "fcf_margin_change": 0.08093821366003491
    },
    {
      "date": "2023-09-30T00:00:00",
      "quarter_label": "2023-09 (Q3)",
      "revenue": 3578100000,
      "gross_profit": 703000000,
      "operating_income": 560800000,
      "net_income": 371900000,
      "opex": 3017300000,
      "cogs": 2875100000,
      "rd": null,
      "sga": 89800000,
      "fcf": 381300000,
      "ocf": 405500000,
      "capex": -24200000,
      "gross_margin": 0.19647298845756128,
      "op_margin": 0.1567312260697018,
      "fcf_margin": 0.10656493669824767,
      "incr_op_margin_yoy": 0.10987379361544172,
      "rev_growth_yoy": 0.03911831329499913,
      "rev_growth_yoy_accel": 0.02714814061054073,
      "fcf_margin_change": 0.18396320257818893
    },
    {
      "date": "2023-12-31T00:00:00",
      "quarter_label": "2023-12 (Q4)",
      "revenue": 4060900000,
      "gross_profit": 816000000,
      "operating_income": 646700000,
      "net_income": 425700000,
      "opex": 3414200000,
      "cogs": 3244900000,
      "rd": null,
      "sga": 115600000,
      "fcf": 1786800000,
      "ocf": 1801000000,
      "capex": -14200000,
      "gross_margin": 0.20094067817478883,
      "op_margin": 0.1592504124701421,
      "fcf_margin": 0.4400009850033244,
      "incr_op_margin_yoy": 0.02075765438505449,
      "rev_growth_yoy": 0.04981645209658239,
      "rev_growth_yoy_accel": 0.010698138801583261,
      "op_leverage_ratio": 1.0257751676834164,
      "fcf_margin_change": 0.3334360483050767
    },
    {
      "date": "2024-03-31T00:00:00",
      "quarter_label": "2024-03 (Q1)",
      "revenue": 3630500000,
      "gross_profit": 623800000,
      "operating_income": 478900000,
      "net_income": 318600000,
      "opex": 3151600000,
      "cogs": 3006700000,
      "rd": null,
      "sga": 85300000,
      "fcf": -641600000,
      "ocf": -618500000,
      "capex": -23100000,
      "gross_margin": 0.1718220630767112,
      "op_margin": 0.1319102052058945,
      "fcf_margin": -0.1767249690125327,
      "incr_op_margin_yoy": 0.7072649572649573,
      "rev_growth_yoy": 0.054366450788487786,
      "rev_growth_yoy_accel": 0.004549998691905394,
      "fcf_margin_change": -0.6167259540158572
    },
    {
      "date": "2024-06-30T00:00:00",
      "quarter_label": "2024-06 (Q2)",
      "revenue": 3853800000,
      "gross_profit": 681700000,
      "operating_income": 510300000,
      "net_income": 328100000,
      "opex": 3343500000,
      "cogs": 3172100000,
      "rd": null,
      "sga": 111000000,
      "fcf": -180900000,
      "ocf": -141700000,
      "capex": -39200000,
      "gross_margin": 0.17689034200010378,
      "op_margin": 0.1324147594581971,
      "fcf_margin": -0.046940681924334426,
      "incr_op_margin_yoy": -0.16564165641656417,
      "rev_growth_yoy": 0.06756419845425081,
      "rev_growth_yoy_accel": 0.013197747665763024,
      "op_leverage_ratio": 1.0101326272929847,
      "fcf_margin_change": 0.12978428708819828
    },
    {
      "date": "2024-09-30T00:00:00",
      "quarter_label": "2024-09 (Q3)",
      "revenue": 3882600000,
      "gross_profit": 761000000,
      "operating_income": 600100000,
      "net_income": 385900000,
      "opex": 3282500000,
      "cogs": 3121600000,
      "rd": null,
      "sga": 99500000,
      "fcf": 537400000,
      "ocf": 568700000,
      "capex": -31300000,
      "gross_margin": 0.19600267861742132,
      "op_margin": 0.15456137639725956,
      "fcf_margin": 0.13841240405913563,
      "incr_op_margin_yoy": 0.129064039408867,
      "rev_growth_yoy": 0.08510103127358096,
      "rev_growth_yoy_accel": 0.017536832819330148,
      "fcf_margin_change": 0.18535308598347006
    },
    {
      "date": "2024-12-31T00:00:00",
      "quarter_label": "2024-12 (Q4)",
      "revenue": 4322200000,
      "gross_profit": 857900000,
      "operating_income": 685300000,
      "net_income": 448000000,
      "opex": 3636900000,
      "cogs": 3464300000,
      "rd": null,
      "sga": 112300000,
      "fcf": 1878000000,
      "ocf": 1925000000,
      "capex": -47000000,
      "gross_margin": 0.19848688168062562,
      "op_margin": 0.15855351441395585,
      "fcf_margin": 0.4345009485909953,
      "incr_op_margin_yoy": 0.14772292384232683,
      "rev_growth_yoy": 0.06434534216552981,
      "rev_growth_yoy_accel": -0.020755689108051145,
      "op_leverage_ratio": 1.0486874123469658,
      "fcf_margin_change": 0.2960885445318597
    },
    {
      "date": "2025-03-31T00:00:00",
      "quarter_label": "2025-03 (Q1)",
      "revenue": 3690400000,
      "gross_profit": 629500000,
      "operating_income": 452600000,
      "net_income": 287700000,
      "opex": 3237800000,
      "cogs": 3060900000,
      "rd": null,
      "sga": 117900000,
      "fcf": -816300000,
      "ocf": -786800000,
      "capex": -29500000,
      "gross_margin": 0.17057771515282896,
      "op_margin": 0.12264253197485367,
      "fcf_margin": -0.22119553435941902,
      "incr_op_margin_yoy": -0.43906510851419034,
      "rev_growth_yoy": 0.01649910480650048,
      "rev_growth_yoy_accel": -0.047846237359029334,
      "fcf_margin_change": -0.6556964829504144
    },
    {
      "date": "2025-06-30T00:00:00",
      "quarter_label": "2025-06 (Q2)",
      "revenue": 4015600000,
      "gross_profit": 668300000,
      "operating_income": 439200000,
      "net_income": 257600000,
      "opex": 3576400000,
      "cogs": 3347300000,
      "rd": null,
      "sga": 170400000,
      "fcf": 168000000,
      "ocf": 210100000,
      "capex": -42100000,
      "gross_margin": 0.16642593883852974,
      "op_margin": 0.1093734435700767,
      "fcf_margin": 0.041836836338280704,
      "incr_op_margin_yoy": -0.4394313967861557,
      "rev_growth_yoy": 0.04198453474492708,
      "rev_growth_yoy_accel": 0.0254854299384266,
      "op_leverage_ratio": 0.8426362923856396,
      "fcf_margin_change": 0.26303237069769975
    },
    {
      "date": "2025-09-30T00:00:00",
      "quarter_label": "2025-09 (Q3)",
      "revenue": 4037100000,
      "gross_profit": 754300000,
      "operating_income": 530100000,
      "net_income": 341300000,
      "opex": 3507000000,
      "cogs": 3282800000,
      "rd": null,
      "sga": 163500000,
      "fcf": 438400000,
      "ocf": 477500000,
      "capex": -39100000,
      "gross_margin": 0.186842040078274,
      "op_margin": 0.13130712640261574,
      "fcf_margin": 0.10859280176364222,
      "incr_op_margin_yoy": -0.45307443365695793,
      "rev_growth_yoy": 0.03979292226858291,
      "rev_growth_yoy_accel": -0.002191612476344175,
      "fcf_margin_change": 0.06675596542536152
    }
  ],
  "signals": [
    {
      "quarter": "2025-09 (Q3)",
      "signal": "FCF MARGIN EXPANSION",
      "detail": "FCF margin: +4.2% -> +10.9% (+6.7%)",
      "severity": "MEDIUM"
    },
    {
      "quarter": "2025-09 (Q3)",
      "signal": "GROSS MARGIN INFLECTION",
      "detail": "GM: +17.1% -> +16.6% -> +18.7% (reversal +2.0%)",
      "severity": "MEDIUM"
    },
    {
      "quarter": "2025-06 (Q2)",
      "signal": "FCF TURNED POSITIVE",
      "detail": "FCF margin: -22.1% -> +4.2%",
      "severity": "HIGH"
    },
    {
      "quarter": "2024-12 (Q4)",
      "signal": "FCF MARGIN EXPANSION",
      "detail": "FCF margin: +13.8% -> +43.5% (+29.6%)",
      "severity": "MEDIUM"
    },
    {
      "quarter": "2024-09 (Q3)",
      "signal": "FCF TURNED POSITIVE",
      "detail": "FCF margin: -4.7% -> +13.8%",
      "severity": "HIGH"
    },
    {
      "quarter": "2024-06 (Q2)",
      "signal": "FCF MARGIN EXPANSION",
      "detail": "FCF margin: -17.7% -> -4.7% (+13.0%)",
      "severity": "MEDIUM"
    },
    {
      "quarter": "2024-03 (Q1)",
      "signal": "INCREMENTAL MARGIN (YoY)",
      "detail": "YoY Incr OPM: +70.7% vs year-ago OPM: +10.1%",
      "severity": "HIGH"
    },
    {
      "quarter": "2023-12 (Q4)",
      "signal": "FCF MARGIN EXPANSION",
      "detail": "FCF margin: +10.7% -> +44.0% (+33.3%)",
      "severity": "MEDIUM"
    },
    {
      "quarter": "2023-09 (Q3)",
      "signal": "FCF TURNED POSITIVE",
      "detail": "FCF margin: -7.7% -> +10.7%",
      "severity": "HIGH"
    },
    {
      "quarter": "2023-06 (Q2)",
      "signal": "FCF MARGIN EXPANSION",
      "detail": "FCF margin: -15.8% -> -7.7% (+8.1%)",
      "severity": "MEDIUM"
    },
    {
      "quarter": "2023-06 (Q2)",
      "signal": "GROSS MARGIN INFLECTION",
      "detail": "GM: +20.2% -> +14.2% -> +19.4% (reversal +5.2%)",
      "severity": "HIGH"
    },
    {
      "quarter": "2022-12 (Q4)",
      "signal": "FCF MARGIN EXPANSION",
      "detail": "FCF margin: +13.5% -> +30.1% (+16.6%)",
      "severity": "MEDIUM"
    },
    {
      "quarter": "2022-12 (Q4)",
      "signal": "INCREMENTAL MARGIN (YoY)",
      "detail": "YoY Incr OPM: +162.9% vs year-ago OPM: +16.1%",
      "severity": "HIGH"
    },
    {
      "quarter": "2022-09 (Q3)",
      "signal": "FCF TURNED POSITIVE",
      "detail": "FCF margin: -6.0% -> +13.5%",
      "severity": "HIGH"
    },
    {
      "quarter": "2022-09 (Q3)",
      "signal": "INCREMENTAL MARGIN (YoY)",
      "detail": "YoY Incr OPM: +52.4% vs year-ago OPM: +15.8%",
      "severity": "HIGH"
    },
    {
      "quarter": "2022-06 (Q2)",
      "signal": "FCF MARGIN EXPANSION",
      "detail": "FCF margin: -16.6% -> -6.0% (+10.6%)",
      "severity": "MEDIUM"
    },
    {
      "quarter": "2022-06 (Q2)",
      "signal": "GROSS MARGIN INFLECTION",
      "detail": "GM: +20.4% -> +14.8% -> +19.9% (reversal +5.0%)",
      "severity": "HIGH"
    },
    {
      "quarter": "2022-06 (Q2)",
      "signal": "INCREMENTAL MARGIN (YoY)",
      "detail": "YoY Incr OPM: +609.1% vs year-ago OPM: +15.9%",
      "severity": "HIGH"
    },
    {
      "quarter": "2022-03 (Q1)",
      "signal": "INCREMENTAL MARGIN (YoY)",
      "detail": "YoY Incr OPM: +677.1% vs year-ago OPM: +13.6%",
      "severity": "HIGH"
    },
    {
      "quarter": "2021-12 (Q4)",
      "signal": "FCF MARGIN EXPANSION",
      "detail": "FCF margin: +15.0% -> +28.1% (+13.1%)",
      "severity": "MEDIUM"
    },
    {
      "quarter": "2021-09 (Q3)",
      "signal": "FCF MARGIN EXPANSION",
      "detail": "FCF margin: +4.3% -> +15.0% (+10.6%)",
      "severity": "MEDIUM"
    },
    {
      "quarter": "2021-06 (Q2)",
      "signal": "FCF TURNED POSITIVE",
      "detail": "FCF margin: -13.8% -> +4.3%",
      "severity": "HIGH"
    },
    {
      "quarter": "2021-06 (Q2)",
      "signal": "OPERATING LEVERAGE",
      "detail": "Rev growth +4.2% vs OpEx growth +1.4% (leverage: 3.0x)",
      "severity": "MEDIUM"
    },
    {
      "quarter": "2021-06 (Q2)",
      "signal": "GROSS MARGIN INFLECTION",
      "detail": "GM: +20.5% -> +17.2% -> +20.3% (reversal +3.1%)",
      "severity": "MEDIUM"
    }
  ],
  "data_quality": {
    "n_quarters": 20,
    "coverage": {
      "revenue": [
        20,
        20
      ],
      "gross_profit": [
        20,
        20
      ],
      "op_income": [
        20,
        20
      ],
      "fcf": [
        20,
        20
      ]
    },
    "gaps": [],
    "warnings": []
  },
  "market_cap": null,
  "source": "SEC EDGAR",
  "last_updated": "2026-02-02T20:13:43.427110"
}