{
  "ticker": "OMCL",
  "name": "OMNICELL,\u00a0INC",
  "quarters": [
    {
      "date": "2020-12-31T00:00:00",
      "quarter_label": "2020-12 (Q4)",
      "revenue": 249202000,
      "gross_profit": 123654000,
      "operating_income": 20214000,
      "net_income": 16377000,
      "opex": 103440000,
      "cogs": 125548000,
      "rd": 15482000,
      "sga": 87958000,
      "fcf": 70871000,
      "ocf": 76448000,
      "capex": -5577000,
      "gross_margin": 0.4961998699849921,
      "op_margin": 0.08111491882087624,
      "fcf_margin": 0.2843917785571544
    },
    {
      "date": "2021-03-31T00:00:00",
      "quarter_label": "2021-03 (Q1)",
      "revenue": 251843000,
      "gross_profit": 122283000,
      "operating_income": 19610000,
      "net_income": 14127000,
      "opex": 102673000,
      "cogs": 129560000,
      "rd": 16080000,
      "sga": 86593000,
      "fcf": 52326000,
      "ocf": 57415000,
      "capex": -5089000,
      "gross_margin": 0.4855525069189932,
      "op_margin": 0.07786597205401778,
      "fcf_margin": 0.20777230258534088,
      "op_leverage_ratio": Infinity,
      "fcf_margin_change": -0.07661947597181354
    },
    {
      "date": "2021-06-30T00:00:00",
      "quarter_label": "2021-06 (Q2)",
      "revenue": 272739000,
      "gross_profit": 136298000,
      "operating_income": 28916000,
      "net_income": 20424000,
      "opex": 107382000,
      "cogs": 136441000,
      "rd": 18213000,
      "sga": 89169000,
      "fcf": 65795000,
      "ocf": 71773000,
      "capex": -5978000,
      "gross_margin": 0.4997378446060153,
      "op_margin": 0.10602077444003241,
      "fcf_margin": 0.24123796010104898,
      "op_leverage_ratio": 1.8090927654573212,
      "fcf_margin_change": 0.0334656575157081
    },
    {
      "date": "2021-09-30T00:00:00",
      "quarter_label": "2021-09 (Q3)",
      "revenue": 296402000,
      "gross_profit": 146779000,
      "operating_income": 29392000,
      "net_income": 29317000,
      "opex": 117387000,
      "cogs": 149623000,
      "rd": 19477000,
      "sga": 97910000,
      "fcf": 36164000,
      "ocf": 42989000,
      "capex": -6825000,
      "gross_margin": 0.4952024615218521,
      "op_margin": 0.09916262373398291,
      "fcf_margin": 0.12200997294215289,
      "op_leverage_ratio": 0.9311871095789758,
      "fcf_margin_change": -0.11922798715889608
    },
    {
      "date": "2021-12-31T00:00:00",
      "quarter_label": "2021-12 (Q4)",
      "revenue": 311034000,
      "gross_profit": 149293000,
      "operating_income": 11589000,
      "net_income": 13981000,
      "opex": 137704000,
      "cogs": 161741000,
      "rd": 21946000,
      "sga": 115758000,
      "fcf": 48557000,
      "ocf": 59632000,
      "capex": -11075000,
      "gross_margin": 0.47998932592578303,
      "op_margin": 0.03725959219892359,
      "fcf_margin": 0.15611476558832796,
      "incr_op_margin_yoy": -0.13949087850950964,
      "rev_growth_yoy": 0.24811999903692586,
      "op_leverage_ratio": 0.2852219769903087,
      "fcf_margin_change": 0.03410479264617507
    },
    {
      "date": "2022-03-31T00:00:00",
      "quarter_label": "2022-03 (Q1)",
      "revenue": 318828000,
      "gross_profit": 150047000,
      "operating_income": 5084000,
      "net_income": 8213000,
      "opex": 144963000,
      "cogs": 168781000,
      "rd": 25030000,
      "sga": 119933000,
      "fcf": -27485000,
      "ocf": -15996000,
      "capex": -11489000,
      "gross_margin": 0.47062052266425786,
      "op_margin": 0.015945901865582698,
      "fcf_margin": -0.08620635577803706,
      "incr_op_margin_yoy": -0.21685451966858252,
      "rev_growth_yoy": 0.2659792013278114,
      "rev_growth_yoy_accel": 0.01785920229088553,
      "op_leverage_ratio": 0.4753596286908862,
      "fcf_margin_change": -0.24232112136636502
    },
    {
      "date": "2022-06-30T00:00:00",
      "quarter_label": "2022-06 (Q2)",
      "revenue": 331386000,
      "gross_profit": 158092000,
      "operating_income": 12485000,
      "net_income": 9069000,
      "opex": 145607000,
      "cogs": 173294000,
      "rd": 26355000,
      "sga": 119252000,
      "fcf": -19161000,
      "ocf": -9551000,
      "capex": -9610000,
      "gross_margin": 0.477063002058023,
      "op_margin": 0.037675097922060675,
      "fcf_margin": -0.057820789049627924,
      "incr_op_margin_yoy": -0.28016778351833854,
      "rev_growth_yoy": 0.21502975372059002,
      "rev_growth_yoy_accel": -0.050949447607221365,
      "op_leverage_ratio": 8.866155105574164,
      "fcf_margin_change": 0.02838556672840914
    },
    {
      "date": "2022-09-30T00:00:00",
      "quarter_label": "2022-09 (Q3)",
      "revenue": 348059000,
      "gross_profit": 159095000,
      "operating_income": 18465000,
      "net_income": 16774000,
      "opex": 140630000,
      "cogs": 188964000,
      "rd": 25171000,
      "sga": 115459000,
      "fcf": 8413000,
      "ocf": 21175000,
      "capex": -12762000,
      "gross_margin": 0.4570920447395413,
      "op_margin": 0.053051350489428516,
      "fcf_margin": 0.02417118936731991,
      "incr_op_margin_yoy": -0.2115298991424202,
      "rev_growth_yoy": 0.1742802005384579,
      "rev_growth_yoy_accel": -0.04074955318213211,
      "op_leverage_ratio": Infinity,
      "fcf_margin_change": 0.08199197841694783
    },
    {
      "date": "2022-12-31T00:00:00",
      "quarter_label": "2022-12 (Q4)",
      "revenue": 297674000,
      "gross_profit": 121753000,
      "operating_income": -38357000,
      "net_income": -28408000,
      "opex": 160110000,
      "cogs": 175921000,
      "rd": 28413000,
      "sga": 131697000,
      "fcf": 68478000,
      "ocf": 82153000,
      "capex": -13675000,
      "gross_margin": 0.4090145595517244,
      "op_margin": -0.12885572807836762,
      "fcf_margin": 0.23004360474881919,
      "incr_op_margin_yoy": 3.7384730538922155,
      "rev_growth_yoy": -0.042953503475504286,
      "rev_growth_yoy_accel": -0.2172337040139622,
      "fcf_margin_change": 0.20587241538149928
    },
    {
      "date": "2023-03-31T00:00:00",
      "quarter_label": "2023-03 (Q1)",
      "revenue": 290629000,
      "gross_profit": 125029000,
      "operating_income": -22963000,
      "net_income": -15000000,
      "opex": 147992000,
      "cogs": 165600000,
      "rd": 22878000,
      "sga": 125114000,
      "fcf": 2629000,
      "ocf": 12770000,
      "capex": -10141000,
      "gross_margin": 0.43020139077655706,
      "op_margin": -0.0790113856497459,
      "fcf_margin": 0.00904589700270792,
      "incr_op_margin_yoy": 0.9946097379339693,
      "rev_growth_yoy": -0.08844580777096114,
      "rev_growth_yoy_accel": -0.04549230429545686,
      "fcf_margin_change": -0.22099770774611127
    },
    {
      "date": "2023-06-30T00:00:00",
      "quarter_label": "2023-06 (Q2)",
      "revenue": 298973000,
      "gross_profit": 134443000,
      "operating_income": 7748000,
      "net_income": 3451000,
      "opex": 126695000,
      "cogs": 164530000,
      "rd": 23137000,
      "sga": 103558000,
      "fcf": 61272000,
      "ocf": 72903000,
      "capex": -11631000,
      "gross_margin": 0.44968274727149277,
      "op_margin": 0.02591538366340773,
      "fcf_margin": 0.20494158335368076,
      "incr_op_margin_yoy": 0.1461450652515966,
      "rev_growth_yoy": -0.09781040840590731,
      "rev_growth_yoy_accel": -0.009364600634946166,
      "op_leverage_ratio": Infinity,
      "fcf_margin_change": 0.19589568635097285
    },
    {
      "date": "2023-09-30T00:00:00",
      "quarter_label": "2023-09 (Q3)",
      "revenue": 298663000,
      "gross_profit": 131964000,
      "operating_income": 3712000,
      "net_income": 5553000,
      "opex": 128252000,
      "cogs": 166699000,
      "rd": 24281000,
      "sga": 103971000,
      "fcf": 46375000,
      "ocf": 57007000,
      "capex": -10632000,
      "gross_margin": 0.4418491744876332,
      "op_margin": 0.012428724013352842,
      "fcf_margin": 0.15527534378212232,
      "incr_op_margin_yoy": 0.2986679083326585,
      "rev_growth_yoy": -0.14191846784596865,
      "rev_growth_yoy_accel": -0.04410805944006134,
      "fcf_margin_change": -0.04966623957155844
    },
    {
      "date": "2023-12-31T00:00:00",
      "quarter_label": "2023-12 (Q4)",
      "revenue": 258847000,
      "gross_profit": 105404000,
      "operating_income": -23365000,
      "net_income": -14375000,
      "opex": 128769000,
      "cogs": 153443000,
      "rd": 26819000,
      "sga": 101950000,
      "fcf": 29344000,
      "ocf": 38414000,
      "capex": -9070000,
      "gross_margin": 0.4072058011103084,
      "op_margin": -0.09026567818054682,
      "fcf_margin": 0.11336426537684424,
      "incr_op_margin_yoy": -0.38612305869626806,
      "rev_growth_yoy": -0.13043463654870766,
      "rev_growth_yoy_accel": 0.011483831297260993,
      "fcf_margin_change": -0.04191107840527808
    },
    {
      "date": "2024-03-31T00:00:00",
      "quarter_label": "2024-03 (Q1)",
      "revenue": 246151000,
      "gross_profit": 92623000,
      "operating_income": -21847000,
      "net_income": -15676000,
      "opex": 114470000,
      "cogs": 153528000,
      "rd": 22056000,
      "sga": 92414000,
      "fcf": 40996000,
      "ocf": 49953000,
      "capex": -8957000,
      "gross_margin": 0.37628528829864594,
      "op_margin": -0.0887544637234868,
      "fcf_margin": 0.16654817571328168,
      "incr_op_margin_yoy": -0.02509105625252934,
      "rev_growth_yoy": -0.1530404742816443,
      "rev_growth_yoy_accel": -0.022605837732936646,
      "fcf_margin_change": 0.053183910336437434
    },
    {
      "date": "2024-06-30T00:00:00",
      "quarter_label": "2024-06 (Q2)",
      "revenue": 276788000,
      "gross_profit": 114351000,
      "operating_income": 3224000,
      "net_income": 3735000,
      "opex": 111127000,
      "cogs": 162437000,
      "rd": 21102000,
      "sga": 90025000,
      "fcf": 49149000,
      "ocf": 58700000,
      "capex": -9551000,
      "gross_margin": 0.4131356850730523,
      "op_margin": 0.011647903810858852,
      "fcf_margin": 0.1775691142679596,
      "incr_op_margin_yoy": 0.20392156862745098,
      "rev_growth_yoy": -0.07420402511263559,
      "rev_growth_yoy_accel": 0.07883644916900871,
      "op_leverage_ratio": Infinity,
      "fcf_margin_change": 0.011020938554677923
    },
    {
      "date": "2024-09-30T00:00:00",
      "quarter_label": "2024-09 (Q3)",
      "revenue": 282420000,
      "gross_profit": 122268000,
      "operating_income": 6564000,
      "net_income": 8630000,
      "opex": 115704000,
      "cogs": 160152000,
      "rd": 21214000,
      "sga": 94490000,
      "fcf": 13886000,
      "ocf": 22754000,
      "capex": -8868000,
      "gross_margin": 0.43292967920118974,
      "op_margin": 0.023241980029742936,
      "fcf_margin": 0.04916790595566886,
      "incr_op_margin_yoy": -0.1755833282029182,
      "rev_growth_yoy": -0.05438571232459327,
      "rev_growth_yoy_accel": 0.019818312788042317,
      "op_leverage_ratio": 0.4940308464209468,
      "fcf_margin_change": -0.12840120831229074
    },
    {
      "date": "2024-12-31T00:00:00",
      "quarter_label": "2024-12 (Q4)",
      "revenue": 306879000,
      "gross_profit": 141761000,
      "operating_income": 12396000,
      "net_income": 15842000,
      "opex": 129365000,
      "cogs": 165118000,
      "rd": 26040000,
      "sga": 103325000,
      "fcf": 47228000,
      "ocf": 56315000,
      "capex": -9087000,
      "gross_margin": 0.46194428422928907,
      "op_margin": 0.04039377083475898,
      "fcf_margin": 0.15389779033430115,
      "incr_op_margin_yoy": 0.7445244836775483,
      "rev_growth_yoy": 0.18556135477714636,
      "rev_growth_yoy_accel": 0.23994706710173963,
      "op_leverage_ratio": 0.7335152209965901,
      "fcf_margin_change": 0.10472988437863229
    },
    {
      "date": "2025-03-31T00:00:00",
      "quarter_label": "2025-03 (Q1)",
      "revenue": 269668000,
      "gross_profit": 110936000,
      "operating_income": -11619000,
      "net_income": -7023000,
      "opex": 122555000,
      "cogs": 158732000,
      "rd": 20526000,
      "sga": 102029000,
      "fcf": 14752000,
      "ocf": 25924000,
      "capex": -11172000,
      "gross_margin": 0.41137991901152526,
      "op_margin": -0.043086313541094975,
      "fcf_margin": 0.05470430306895887,
      "incr_op_margin_yoy": 0.4349194199940469,
      "rev_growth_yoy": 0.09553891716872977,
      "rev_growth_yoy_accel": -0.09002243760841659,
      "fcf_margin_change": -0.09919348726534227
    },
    {
      "date": "2025-06-30T00:00:00",
      "quarter_label": "2025-06 (Q2)",
      "revenue": 290562000,
      "gross_profit": 127678000,
      "operating_income": 8120000,
      "net_income": 5639000,
      "opex": 119558000,
      "cogs": 162884000,
      "rd": 21573000,
      "sga": 97985000,
      "fcf": 30974000,
      "ocf": 42755000,
      "capex": -11781000,
      "gross_margin": 0.43941740489121084,
      "op_margin": 0.027945842883790723,
      "fcf_margin": 0.106600312497849,
      "incr_op_margin_yoy": 0.3554523014374909,
      "rev_growth_yoy": 0.04976371808026359,
      "rev_growth_yoy_accel": -0.045775199088466174,
      "op_leverage_ratio": Infinity,
      "fcf_margin_change": 0.05189600942889013
    },
    {
      "date": "2025-09-30T00:00:00",
      "quarter_label": "2025-09 (Q3)",
      "revenue": 310631000,
      "gross_profit": 134503000,
      "operating_income": 8244000,
      "net_income": 5462000,
      "opex": 126259000,
      "cogs": 176128000,
      "rd": 24021000,
      "sga": 102238000,
      "fcf": 18514000,
      "ocf": 28267000,
      "capex": -9753000,
      "gross_margin": 0.4329992821064221,
      "op_margin": 0.026539527606710214,
      "fcf_margin": 0.059601263235156826,
      "incr_op_margin_yoy": 0.059551238878451665,
      "rev_growth_yoy": 0.0998902344026627,
      "rev_growth_yoy_accel": 0.05012651632239911,
      "op_leverage_ratio": 1.2323269329841686,
      "fcf_margin_change": -0.046999049262692175
    }
  ],
  "signals": [
    {
      "quarter": "2025-09 (Q3)",
      "signal": "YoY REVENUE GROWTH ACCELERATION",
      "detail": "YoY growth: +10.0% vs prior quarter YoY: +5.0% (accel: +5.0%)",
      "severity": "MEDIUM"
    },
    {
      "quarter": "2025-06 (Q2)",
      "signal": "FCF MARGIN EXPANSION",
      "detail": "FCF margin: +5.5% -> +10.7% (+5.2%)",
      "severity": "MEDIUM"
    },
    {
      "quarter": "2025-06 (Q2)",
      "signal": "GROSS MARGIN INFLECTION",
      "detail": "GM: +46.2% -> +41.1% -> +43.9% (reversal +2.8%)",
      "severity": "MEDIUM"
    },
    {
      "quarter": "2025-06 (Q2)",
      "signal": "INCREMENTAL MARGIN (YoY)",
      "detail": "YoY Incr OPM: +35.5% vs year-ago OPM: +1.2%",
      "severity": "HIGH"
    },
    {
      "quarter": "2025-06 (Q2)",
      "signal": "OP MARGIN TURNED POSITIVE (QoQ)",
      "detail": "Op margin: -4.3% -> +2.8%",
      "severity": "HIGH"
    },
    {
      "quarter": "2025-03 (Q1)",
      "signal": "YoY REVENUE GROWTH DECELERATION",
      "detail": "YoY growth: +9.6% vs prior quarter YoY: +18.6% (decel: -9.0%)",
      "severity": "WARNING"
    },
    {
      "quarter": "2024-12 (Q4)",
      "signal": "FCF MARGIN EXPANSION",
      "detail": "FCF margin: +4.9% -> +15.4% (+10.5%)",
      "severity": "MEDIUM"
    },
    {
      "quarter": "2024-12 (Q4)",
      "signal": "YoY REVENUE GROWTH ACCELERATION",
      "detail": "YoY growth: +18.6% vs prior quarter YoY: -5.4% (accel: +24.0%)",
      "severity": "HIGH"
    },
    {
      "quarter": "2024-12 (Q4)",
      "signal": "OP MARGIN TURNED POSITIVE (YoY)",
      "detail": "Op margin: -9.0% (year-ago) -> +4.0%",
      "severity": "HIGH"
    },
    {
      "quarter": "2024-06 (Q2)",
      "signal": "GROSS MARGIN INFLECTION",
      "detail": "GM: +40.7% -> +37.6% -> +41.3% (reversal +3.7%)",
      "severity": "MEDIUM"
    },
    {
      "quarter": "2024-06 (Q2)",
      "signal": "YoY REVENUE GROWTH ACCELERATION",
      "detail": "YoY growth: -7.4% vs prior quarter YoY: -15.3% (accel: +7.9%)",
      "severity": "MEDIUM"
    },
    {
      "quarter": "2024-06 (Q2)",
      "signal": "INCREMENTAL MARGIN (YoY)",
      "detail": "YoY Incr OPM: +20.4% vs year-ago OPM: +2.6%",
      "severity": "MEDIUM"
    },
    {
      "quarter": "2024-06 (Q2)",
      "signal": "OP MARGIN TURNED POSITIVE (QoQ)",
      "detail": "Op margin: -8.9% -> +1.2%",
      "severity": "HIGH"
    },
    {
      "quarter": "2024-03 (Q1)",
      "signal": "FCF MARGIN EXPANSION",
      "detail": "FCF margin: +11.3% -> +16.7% (+5.3%)",
      "severity": "MEDIUM"
    },
    {
      "quarter": "2023-09 (Q3)",
      "signal": "INCREMENTAL MARGIN (YoY)",
      "detail": "YoY Incr OPM: +29.9% vs year-ago OPM: +5.3%",
      "severity": "HIGH"
    },
    {
      "quarter": "2023-06 (Q2)",
      "signal": "FCF MARGIN EXPANSION",
      "detail": "FCF margin: +0.9% -> +20.5% (+19.6%)",
      "severity": "MEDIUM"
    },
    {
      "quarter": "2023-06 (Q2)",
      "signal": "INCREMENTAL MARGIN (YoY)",
      "detail": "YoY Incr OPM: +14.6% vs year-ago OPM: +3.8%",
      "severity": "MEDIUM"
    },
    {
      "quarter": "2023-06 (Q2)",
      "signal": "OP MARGIN TURNED POSITIVE (QoQ)",
      "detail": "Op margin: -7.9% -> +2.6%",
      "severity": "HIGH"
    },
    {
      "quarter": "2023-03 (Q1)",
      "signal": "GROSS MARGIN INFLECTION",
      "detail": "GM: +45.7% -> +40.9% -> +43.0% (reversal +2.1%)",
      "severity": "MEDIUM"
    },
    {
      "quarter": "2022-12 (Q4)",
      "signal": "FCF MARGIN EXPANSION",
      "detail": "FCF margin: +2.4% -> +23.0% (+20.6%)",
      "severity": "MEDIUM"
    },
    {
      "quarter": "2022-12 (Q4)",
      "signal": "YoY REVENUE GROWTH DECELERATION",
      "detail": "YoY growth: -4.3% vs prior quarter YoY: +17.4% (decel: -21.7%)",
      "severity": "WARNING"
    },
    {
      "quarter": "2022-09 (Q3)",
      "signal": "FCF TURNED POSITIVE",
      "detail": "FCF margin: -5.8% -> +2.4%",
      "severity": "HIGH"
    },
    {
      "quarter": "2022-06 (Q2)",
      "signal": "OPERATING LEVERAGE",
      "detail": "Rev growth +3.9% vs OpEx growth +0.4% (leverage: 8.9x)",
      "severity": "MEDIUM"
    },
    {
      "quarter": "2022-06 (Q2)",
      "signal": "YoY REVENUE GROWTH DECELERATION",
      "detail": "YoY growth: +21.5% vs prior quarter YoY: +26.6% (decel: -5.1%)",
      "severity": "WARNING"
    },
    {
      "quarter": "2021-06 (Q2)",
      "signal": "OPERATING LEVERAGE",
      "detail": "Rev growth +8.3% vs OpEx growth +4.6% (leverage: 1.8x)",
      "severity": "MEDIUM"
    }
  ],
  "data_quality": {
    "n_quarters": 20,
    "coverage": {
      "revenue": [
        20,
        20
      ],
      "gross_profit": [
        20,
        20
      ],
      "op_income": [
        20,
        20
      ],
      "fcf": [
        20,
        20
      ]
    },
    "gaps": [],
    "warnings": []
  },
  "market_cap": null,
  "source": "SEC EDGAR",
  "last_updated": "2026-02-02T21:32:08.652328"
}