{
  "ticker": "OMQS",
  "name": "OMNIQ CORP.",
  "quarters": [
    {
      "date": "2020-12-31T00:00:00",
      "quarter_label": "2020-12 (Q4)",
      "revenue": 12900000,
      "gross_profit": 2493000,
      "operating_income": -2612000,
      "net_income": -2858000,
      "opex": 5105000,
      "cogs": 10407000,
      "rd": 545000,
      "sga": 3964000,
      "fcf": -1915000,
      "ocf": -1916000,
      "capex": 1000,
      "gross_margin": 0.19325581395348837,
      "op_margin": -0.20248062015503876,
      "fcf_margin": -0.14844961240310078
    },
    {
      "date": "2021-03-31T00:00:00",
      "quarter_label": "2021-03 (Q1)",
      "revenue": 19751000,
      "gross_profit": 2636000,
      "operating_income": -2864000,
      "net_income": -3343000,
      "opex": 5500000,
      "cogs": 17115000,
      "rd": 494000,
      "sga": 4438000,
      "fcf": 2507000,
      "ocf": 2509000,
      "capex": -2000,
      "gross_margin": 0.13346159688117057,
      "op_margin": -0.1450053161865222,
      "fcf_margin": 0.12693028201103743,
      "op_leverage_ratio": 6.863772936905113,
      "fcf_margin_change": 0.27537989441413824
    },
    {
      "date": "2021-06-30T00:00:00",
      "quarter_label": "2021-06 (Q2)",
      "revenue": 13119000,
      "gross_profit": 3299000,
      "operating_income": -1842000,
      "net_income": -2510000,
      "opex": 5141000,
      "cogs": 9820000,
      "rd": 468000,
      "sga": 4109000,
      "fcf": 1737000,
      "ocf": 1741000,
      "capex": -4000,
      "gross_margin": 0.2514673374495007,
      "op_margin": -0.1404070432197576,
      "fcf_margin": 0.1324033844042991,
      "fcf_margin_change": 0.005473102393261681
    },
    {
      "date": "2021-09-30T00:00:00",
      "quarter_label": "2021-09 (Q3)",
      "revenue": 20513000,
      "gross_profit": 4671000,
      "operating_income": -4214000,
      "net_income": -5242000,
      "opex": 8885000,
      "cogs": 15842000,
      "rd": 474000,
      "sga": 6801000,
      "fcf": -7012000,
      "ocf": -6042000,
      "capex": -970000,
      "gross_margin": 0.22770925754399648,
      "op_margin": -0.20543070248135328,
      "fcf_margin": -0.3418320089699215,
      "op_leverage_ratio": 0.7739100349007736,
      "fcf_margin_change": -0.4742353933742206
    },
    {
      "date": "2021-12-31T00:00:00",
      "quarter_label": "2021-12 (Q4)",
      "revenue": 24868000,
      "gross_profit": 6064000,
      "operating_income": -1558000,
      "net_income": -2267000,
      "opex": 7622000,
      "cogs": 18804000,
      "rd": 436000,
      "sga": 6517000,
      "fcf": -706000,
      "ocf": -1383000,
      "capex": 677000,
      "gross_margin": 0.2438475148785588,
      "op_margin": -0.06265079620395689,
      "fcf_margin": -0.028389898664950942,
      "incr_op_margin_yoy": 0.08806818181818182,
      "rev_growth_yoy": 0.9277519379844962,
      "op_leverage_ratio": Infinity,
      "fcf_margin_change": 0.31344211030497054
    },
    {
      "date": "2022-03-31T00:00:00",
      "quarter_label": "2022-03 (Q1)",
      "revenue": 26322000,
      "gross_profit": 6128000,
      "operating_income": -1409000,
      "net_income": -2636000,
      "opex": 7537000,
      "cogs": 20194000,
      "rd": 523000,
      "sga": 6476000,
      "fcf": -816000,
      "ocf": -775000,
      "capex": -41000,
      "gross_margin": 0.23280905706253324,
      "op_margin": -0.05352936706937163,
      "fcf_margin": -0.031000683838614086,
      "incr_op_margin_yoy": 0.2214274844011566,
      "rev_growth_yoy": 0.33269201559414713,
      "rev_growth_yoy_accel": -0.595059922390349,
      "op_leverage_ratio": Infinity,
      "fcf_margin_change": -0.0026107851736631438
    },
    {
      "date": "2022-06-30T00:00:00",
      "quarter_label": "2022-06 (Q2)",
      "revenue": 24209000,
      "gross_profit": 5987000,
      "operating_income": -2017000,
      "net_income": -3186000,
      "opex": 8004000,
      "cogs": 18222000,
      "rd": 468000,
      "sga": 7072000,
      "fcf": 2273000,
      "ocf": 2312000,
      "capex": -39000,
      "gross_margin": 0.24730472138460902,
      "op_margin": -0.08331612210334999,
      "fcf_margin": 0.0938907018051138,
      "incr_op_margin_yoy": -0.015779981965734897,
      "rev_growth_yoy": 0.8453388215565211,
      "rev_growth_yoy_accel": 0.5126468059623739,
      "fcf_margin_change": 0.12489138564372788
    },
    {
      "date": "2022-09-30T00:00:00",
      "quarter_label": "2022-09 (Q3)",
      "revenue": 27008000,
      "gross_profit": 5976000,
      "operating_income": -2658000,
      "net_income": -3810000,
      "opex": 8634000,
      "cogs": 21032000,
      "rd": 445000,
      "sga": 7624000,
      "fcf": -3688000,
      "ocf": -3538000,
      "capex": -150000,
      "gross_margin": 0.22126777251184834,
      "op_margin": -0.09841528436018958,
      "fcf_margin": -0.1365521327014218,
      "incr_op_margin_yoy": 0.23956889915319476,
      "rev_growth_yoy": 0.31662847950080436,
      "rev_growth_yoy_accel": -0.5287103420557167,
      "op_leverage_ratio": 1.4689011760679322,
      "fcf_margin_change": -0.2304428345065356
    },
    {
      "date": "2022-12-31T00:00:00",
      "quarter_label": "2022-12 (Q4)",
      "revenue": 25006000,
      "gross_profit": 4014000,
      "operating_income": -3466000,
      "net_income": -4048000,
      "opex": 7480000,
      "cogs": 20992000,
      "rd": 390000,
      "sga": 6534000,
      "fcf": 2983000,
      "ocf": 3204000,
      "capex": -221000,
      "gross_margin": 0.16052147484603696,
      "op_margin": -0.1386067343837479,
      "fcf_margin": 0.11929137007118291,
      "rev_growth_yoy": 0.00554930030561364,
      "rev_growth_yoy_accel": -0.31107917919519074,
      "fcf_margin_change": 0.2558435027726047
    },
    {
      "date": "2023-03-31T00:00:00",
      "quarter_label": "2023-03 (Q1)",
      "revenue": 27821000,
      "gross_profit": 5722000,
      "operating_income": -2011000,
      "net_income": -3507000,
      "opex": 7733000,
      "cogs": 22099000,
      "rd": 423000,
      "sga": 6766000,
      "fcf": -1630000,
      "ocf": -1289000,
      "capex": -341000,
      "gross_margin": 0.20567197440782142,
      "op_margin": -0.07228352683224902,
      "fcf_margin": -0.058588835771539484,
      "incr_op_margin_yoy": -0.4016010673782522,
      "rev_growth_yoy": 0.05694856013980701,
      "rev_growth_yoy_accel": 0.05139925983419337,
      "op_leverage_ratio": 3.328244699532982,
      "fcf_margin_change": -0.1778802058427224
    },
    {
      "date": "2023-06-30T00:00:00",
      "quarter_label": "2023-06 (Q2)",
      "revenue": 20446000,
      "gross_profit": 3886000,
      "operating_income": -2506000,
      "net_income": -3866000,
      "opex": 6392000,
      "cogs": 16560000,
      "rd": 559000,
      "sga": 5315000,
      "fcf": 522000,
      "ocf": 522000,
      "capex": null,
      "gross_margin": 0.19006162574586716,
      "op_margin": -0.12256676122468943,
      "fcf_margin": 0.02553066614496723,
      "incr_op_margin_yoy": 0.1299495083709806,
      "rev_growth_yoy": -0.15543806022553597,
      "rev_growth_yoy_accel": -0.21238662036534298,
      "fcf_margin_change": 0.08411950191650672
    },
    {
      "date": "2023-09-30T00:00:00",
      "quarter_label": "2023-09 (Q3)",
      "revenue": 17480000,
      "gross_profit": 4009000,
      "operating_income": -2622000,
      "net_income": -4305000,
      "opex": 6631000,
      "cogs": 13471000,
      "rd": 482000,
      "sga": 5585000,
      "fcf": -1884000,
      "ocf": -1884000,
      "capex": null,
      "gross_margin": 0.22934782608695653,
      "op_margin": -0.15,
      "fcf_margin": -0.10778032036613272,
      "incr_op_margin_yoy": -0.003778337531486146,
      "rev_growth_yoy": -0.3527843601895735,
      "rev_growth_yoy_accel": -0.19734629996403752,
      "fcf_margin_change": -0.13331098651109996
    },
    {
      "date": "2023-12-31T00:00:00",
      "quarter_label": "2023-12 (Q4)",
      "revenue": 15445000,
      "gross_profit": 2091000,
      "operating_income": -19057000,
      "net_income": -17753000,
      "opex": 21148000,
      "cogs": 13354000,
      "rd": 690000,
      "sga": 5293000,
      "fcf": 2821000,
      "ocf": 2821000,
      "capex": null,
      "gross_margin": 0.13538361929426998,
      "op_margin": -1.2338620912916802,
      "fcf_margin": 0.18264810618323082,
      "incr_op_margin_yoy": 1.630687166614371,
      "rev_growth_yoy": -0.38234823642325844,
      "rev_growth_yoy_accel": -0.02956387623368495,
      "fcf_margin_change": 0.2904284265493635
    },
    {
      "date": "2024-03-31T00:00:00",
      "quarter_label": "2024-03 (Q1)",
      "revenue": 18317000,
      "gross_profit": 5058000,
      "operating_income": -1259000,
      "net_income": -2098000,
      "opex": 6317000,
      "cogs": 13259000,
      "rd": 405000,
      "sga": 5565000,
      "fcf": -671000,
      "ocf": -623000,
      "capex": -48000,
      "gross_margin": 0.2761369219850412,
      "op_margin": -0.068733962985205,
      "fcf_margin": -0.03663263634874706,
      "incr_op_margin_yoy": -0.07912457912457913,
      "rev_growth_yoy": -0.34161245102620325,
      "rev_growth_yoy_accel": 0.04073578539705519,
      "op_leverage_ratio": Infinity,
      "fcf_margin_change": -0.21928074253197788
    },
    {
      "date": "2024-06-30T00:00:00",
      "quarter_label": "2024-06 (Q2)",
      "revenue": 19057000,
      "gross_profit": 4883000,
      "operating_income": -923000,
      "net_income": -3045000,
      "opex": 5806000,
      "cogs": 14174000,
      "rd": 462000,
      "sga": 5025000,
      "fcf": -3081000,
      "ocf": -3048000,
      "capex": -33000,
      "gross_margin": 0.25623130608175476,
      "op_margin": -0.04843364642913365,
      "fcf_margin": -0.16167287610851655,
      "incr_op_margin_yoy": -1.1396688264938806,
      "rev_growth_yoy": -0.06793504842022889,
      "rev_growth_yoy_accel": 0.27367740260597434,
      "op_leverage_ratio": Infinity,
      "fcf_margin_change": -0.1250402397597695
    },
    {
      "date": "2024-09-30T00:00:00",
      "quarter_label": "2024-09 (Q3)",
      "revenue": 18549000,
      "gross_profit": 3950000,
      "operating_income": -984000,
      "net_income": -1599000,
      "opex": 4934000,
      "cogs": 14599000,
      "rd": 261000,
      "sga": 4355000,
      "fcf": 3901000,
      "ocf": 3901000,
      "capex": null,
      "gross_margin": 0.2129494851474473,
      "op_margin": -0.05304868186964257,
      "fcf_margin": 0.2103078333063777,
      "incr_op_margin_yoy": 1.5322731524789523,
      "rev_growth_yoy": 0.061155606407322656,
      "rev_growth_yoy_accel": 0.12909065482755155,
      "fcf_margin_change": 0.37198070941489425
    },
    {
      "date": "2024-12-31T00:00:00",
      "quarter_label": "2024-12 (Q4)",
      "revenue": 17077000,
      "gross_profit": 1464000,
      "operating_income": -3747000,
      "net_income": null,
      "opex": 5211000,
      "cogs": 57580000,
      "rd": 369000,
      "sga": 4547000,
      "fcf": 2138000,
      "ocf": 2138000,
      "capex": null,
      "gross_margin": 0.08572934356151549,
      "op_margin": -0.2194179305498624,
      "fcf_margin": 0.12519763424489078,
      "incr_op_margin_yoy": 9.381127450980392,
      "rev_growth_yoy": 0.10566526383943024,
      "rev_growth_yoy_accel": 0.04450965743210759,
      "fcf_margin_change": -0.08511019906148692
    },
    {
      "date": "2025-03-31T00:00:00",
      "quarter_label": "2025-03 (Q1)",
      "revenue": 19903000,
      "gross_profit": 5141000,
      "operating_income": -690000,
      "net_income": -2089000,
      "opex": 5831000,
      "cogs": 14762000,
      "rd": 507000,
      "sga": 5064000,
      "fcf": 987000,
      "ocf": 1018000,
      "capex": -31000,
      "gross_margin": 0.25830276842687033,
      "op_margin": -0.03466814048133447,
      "fcf_margin": 0.0495905139928654,
      "incr_op_margin_yoy": 0.3587641866330391,
      "rev_growth_yoy": 0.08658623136976579,
      "rev_growth_yoy_accel": -0.019079032469664456,
      "op_leverage_ratio": 1.3908809623205707,
      "fcf_margin_change": -0.07560712025202537
    },
    {
      "date": "2025-06-30T00:00:00",
      "quarter_label": "2025-06 (Q2)",
      "revenue": 7802000,
      "gross_profit": 1981000,
      "operating_income": -484000,
      "net_income": 2051000,
      "opex": 2465000,
      "cogs": 5821000,
      "rd": 556000,
      "sga": 1431000,
      "fcf": 5010000,
      "ocf": 5054000,
      "capex": -44000,
      "gross_margin": 0.2539092540374263,
      "op_margin": -0.06203537554473212,
      "fcf_margin": 0.6421430402460907,
      "incr_op_margin_yoy": -0.03900488671701466,
      "rev_growth_yoy": -0.5905966311591541,
      "rev_growth_yoy_accel": -0.6771828625289198,
      "fcf_margin_change": 0.5925525262532253
    },
    {
      "date": "2025-09-30T00:00:00",
      "quarter_label": "2025-09 (Q3)",
      "revenue": 8826000,
      "gross_profit": 2959000,
      "operating_income": -591000,
      "net_income": -747000,
      "opex": 3550000,
      "cogs": 5867000,
      "rd": 436000,
      "sga": 2852000,
      "fcf": -640000,
      "ocf": -640000,
      "capex": null,
      "gross_margin": 0.3352594606843417,
      "op_margin": -0.06696125084976207,
      "fcf_margin": -0.07251302968502153,
      "incr_op_margin_yoy": -0.040419623572971304,
      "rev_growth_yoy": -0.5241792010350962,
      "rev_growth_yoy_accel": 0.06641743012405787,
      "op_leverage_ratio": 0.2981818439558804,
      "fcf_margin_change": -0.7146560699311122
    }
  ],
  "signals": [
    {
      "quarter": "2025-09 (Q3)",
      "signal": "GROSS MARGIN INFLECTION",
      "detail": "GM: +25.8% -> +25.4% -> +33.5% (reversal +8.1%)",
      "severity": "HIGH"
    },
    {
      "quarter": "2025-09 (Q3)",
      "signal": "YoY REVENUE GROWTH ACCELERATION",
      "detail": "YoY growth: -52.4% vs prior quarter YoY: -59.1% (accel: +6.6%)",
      "severity": "MEDIUM"
    },
    {
      "quarter": "2025-06 (Q2)",
      "signal": "FCF MARGIN EXPANSION",
      "detail": "FCF margin: +5.0% -> +64.2% (+59.3%)",
      "severity": "MEDIUM"
    },
    {
      "quarter": "2025-06 (Q2)",
      "signal": "YoY REVENUE GROWTH DECELERATION",
      "detail": "YoY growth: -59.1% vs prior quarter YoY: +8.7% (decel: -67.7%)",
      "severity": "WARNING"
    },
    {
      "quarter": "2025-03 (Q1)",
      "signal": "GROSS MARGIN INFLECTION",
      "detail": "GM: +21.3% -> +8.6% -> +25.8% (reversal +17.3%)",
      "severity": "HIGH"
    },
    {
      "quarter": "2024-09 (Q3)",
      "signal": "FCF TURNED POSITIVE",
      "detail": "FCF margin: -16.2% -> +21.0%",
      "severity": "HIGH"
    },
    {
      "quarter": "2024-09 (Q3)",
      "signal": "YoY REVENUE GROWTH ACCELERATION",
      "detail": "YoY growth: +6.1% vs prior quarter YoY: -6.8% (accel: +12.9%)",
      "severity": "MEDIUM"
    },
    {
      "quarter": "2024-06 (Q2)",
      "signal": "YoY REVENUE GROWTH ACCELERATION",
      "detail": "YoY growth: -6.8% vs prior quarter YoY: -34.2% (accel: +27.4%)",
      "severity": "HIGH"
    },
    {
      "quarter": "2024-03 (Q1)",
      "signal": "GROSS MARGIN INFLECTION",
      "detail": "GM: +22.9% -> +13.5% -> +27.6% (reversal +14.1%)",
      "severity": "HIGH"
    },
    {
      "quarter": "2023-12 (Q4)",
      "signal": "FCF TURNED POSITIVE",
      "detail": "FCF margin: -10.8% -> +18.3%",
      "severity": "HIGH"
    },
    {
      "quarter": "2023-09 (Q3)",
      "signal": "GROSS MARGIN INFLECTION",
      "detail": "GM: +20.6% -> +19.0% -> +22.9% (reversal +3.9%)",
      "severity": "MEDIUM"
    },
    {
      "quarter": "2023-09 (Q3)",
      "signal": "YoY REVENUE GROWTH DECELERATION",
      "detail": "YoY growth: -35.3% vs prior quarter YoY: -15.5% (decel: -19.7%)",
      "severity": "WARNING"
    },
    {
      "quarter": "2023-06 (Q2)",
      "signal": "FCF TURNED POSITIVE",
      "detail": "FCF margin: -5.9% -> +2.6%",
      "severity": "HIGH"
    },
    {
      "quarter": "2023-06 (Q2)",
      "signal": "YoY REVENUE GROWTH DECELERATION",
      "detail": "YoY growth: -15.5% vs prior quarter YoY: +5.7% (decel: -21.2%)",
      "severity": "WARNING"
    },
    {
      "quarter": "2023-03 (Q1)",
      "signal": "OPERATING LEVERAGE",
      "detail": "Rev growth +11.3% vs OpEx growth +3.4% (leverage: 3.3x)",
      "severity": "MEDIUM"
    },
    {
      "quarter": "2023-03 (Q1)",
      "signal": "GROSS MARGIN INFLECTION",
      "detail": "GM: +22.1% -> +16.1% -> +20.6% (reversal +4.5%)",
      "severity": "MEDIUM"
    },
    {
      "quarter": "2023-03 (Q1)",
      "signal": "YoY REVENUE GROWTH ACCELERATION",
      "detail": "YoY growth: +5.7% vs prior quarter YoY: +0.6% (accel: +5.1%)",
      "severity": "MEDIUM"
    },
    {
      "quarter": "2022-12 (Q4)",
      "signal": "FCF TURNED POSITIVE",
      "detail": "FCF margin: -13.7% -> +11.9%",
      "severity": "HIGH"
    },
    {
      "quarter": "2022-12 (Q4)",
      "signal": "YoY REVENUE GROWTH DECELERATION",
      "detail": "YoY growth: +0.6% vs prior quarter YoY: +31.7% (decel: -31.1%)",
      "severity": "WARNING"
    },
    {
      "quarter": "2022-09 (Q3)",
      "signal": "YoY REVENUE GROWTH DECELERATION",
      "detail": "YoY growth: +31.7% vs prior quarter YoY: +84.5% (decel: -52.9%)",
      "severity": "WARNING"
    },
    {
      "quarter": "2022-06 (Q2)",
      "signal": "FCF TURNED POSITIVE",
      "detail": "FCF margin: -3.1% -> +9.4%",
      "severity": "HIGH"
    },
    {
      "quarter": "2022-06 (Q2)",
      "signal": "YoY REVENUE GROWTH ACCELERATION",
      "detail": "YoY growth: +84.5% vs prior quarter YoY: +33.3% (accel: +51.3%)",
      "severity": "HIGH"
    },
    {
      "quarter": "2022-03 (Q1)",
      "signal": "YoY REVENUE GROWTH DECELERATION",
      "detail": "YoY growth: +33.3% vs prior quarter YoY: +92.8% (decel: -59.5%)",
      "severity": "WARNING"
    },
    {
      "quarter": "2021-12 (Q4)",
      "signal": "FCF MARGIN EXPANSION",
      "detail": "FCF margin: -34.2% -> -2.8% (+31.3%)",
      "severity": "MEDIUM"
    },
    {
      "quarter": "2021-06 (Q2)",
      "signal": "GROSS MARGIN INFLECTION",
      "detail": "GM: +19.3% -> +13.3% -> +25.1% (reversal +11.8%)",
      "severity": "HIGH"
    },
    {
      "quarter": "2021-03 (Q1)",
      "signal": "FCF TURNED POSITIVE",
      "detail": "FCF margin: -14.8% -> +12.7%",
      "severity": "HIGH"
    },
    {
      "quarter": "2021-03 (Q1)",
      "signal": "OPERATING LEVERAGE",
      "detail": "Rev growth +53.1% vs OpEx growth +7.7% (leverage: 6.9x)",
      "severity": "MEDIUM"
    }
  ],
  "data_quality": {
    "n_quarters": 20,
    "coverage": {
      "revenue": [
        20,
        20
      ],
      "gross_profit": [
        20,
        20
      ],
      "op_income": [
        20,
        20
      ],
      "fcf": [
        20,
        20
      ]
    },
    "gaps": [],
    "warnings": []
  },
  "market_cap": null,
  "source": "SEC EDGAR",
  "last_updated": "2026-02-03T00:31:46.619666",
  "sector": "Technology",
  "industry": "Software - Application"
}