{
  "ticker": "ON",
  "name": "ON Semiconductor Corporation",
  "quarters": [
    {
      "date": "2020-12-31T00:00:00",
      "quarter_label": "2020-12 (Q4)",
      "revenue": 1446300000,
      "gross_profit": 497600000,
      "operating_income": 168000000,
      "net_income": 89000000,
      "opex": 329600000,
      "cogs": 948700000,
      "rd": null,
      "sga": null,
      "fcf": 284000000,
      "ocf": 400400000,
      "capex": -116400000,
      "gross_margin": 0.34405033533844986,
      "op_margin": 0.11615847334577889,
      "fcf_margin": 0.1963631335131024
    },
    {
      "date": "2021-04-02T00:00:00",
      "quarter_label": "2021-04 (Q2)",
      "revenue": 1481700000,
      "gross_profit": 521200000,
      "operating_income": 125900000,
      "net_income": 89900000,
      "opex": 395300000,
      "cogs": 960500000,
      "rd": null,
      "sga": null,
      "fcf": 141500000,
      "ocf": 218500000,
      "capex": -77000000,
      "gross_margin": 0.3517581156779375,
      "op_margin": 0.08496996692987785,
      "fcf_margin": 0.09549841398393737,
      "op_leverage_ratio": 0.12279104892755786,
      "fcf_margin_change": -0.10086471952916502
    },
    {
      "date": "2021-07-02T00:00:00",
      "quarter_label": "2021-07 (Q3)",
      "revenue": 1669900000,
      "gross_profit": 640100000,
      "operating_income": 282200000,
      "net_income": 184100000,
      "opex": 357900000,
      "cogs": 1029800000,
      "rd": null,
      "sga": null,
      "fcf": 383200000,
      "ocf": 488000000,
      "capex": -104800000,
      "gross_margin": 0.383316366249476,
      "op_margin": 0.1689921552188754,
      "fcf_margin": 0.22947481885142823,
      "op_leverage_ratio": Infinity,
      "fcf_margin_change": 0.13397640486749085
    },
    {
      "date": "2021-10-01T00:00:00",
      "quarter_label": "2021-10 (Q4)",
      "revenue": 1742100000,
      "gross_profit": 720800000,
      "operating_income": 399200000,
      "net_income": 309700000,
      "opex": 321600000,
      "cogs": 1021300000,
      "rd": null,
      "sga": null,
      "fcf": 355700000,
      "ocf": 448900000,
      "capex": -93200000,
      "gross_margin": 0.41375351587164916,
      "op_margin": 0.22914872854600768,
      "fcf_margin": 0.20417886458871476,
      "op_leverage_ratio": Infinity,
      "fcf_margin_change": -0.02529595426271347
    },
    {
      "date": "2021-12-31T00:00:00",
      "quarter_label": "2021-12 (Q4)",
      "revenue": 1846100000,
      "gross_profit": 832200000,
      "operating_income": 480300000,
      "net_income": 425900000,
      "opex": 351900000,
      "cogs": 1013900000,
      "rd": null,
      "sga": null,
      "fcf": 457000000,
      "ocf": 626600000,
      "capex": -169600000,
      "gross_margin": 0.45078814798764966,
      "op_margin": 0.26017008829424193,
      "fcf_margin": 0.2475488868425329,
      "incr_op_margin_yoy": 0.7811405702851426,
      "rev_growth_yoy": 0.2764295097835857,
      "op_leverage_ratio": 0.6336269928008816,
      "fcf_margin_change": 0.04337002225381814
    },
    {
      "date": "2022-04-01T00:00:00",
      "quarter_label": "2022-04 (Q2)",
      "revenue": 1945000000,
      "gross_profit": 961300000,
      "operating_income": 647200000,
      "net_income": 530200000,
      "opex": 314100000,
      "cogs": 983700000,
      "rd": null,
      "sga": null,
      "fcf": 304800000,
      "ocf": 478600000,
      "capex": -173800000,
      "gross_margin": 0.49424164524421593,
      "op_margin": 0.33275064267352183,
      "fcf_margin": 0.1567095115681234,
      "incr_op_margin_yoy": 1.1251888625080941,
      "rev_growth_yoy": 0.31268137949652425,
      "rev_growth_yoy_accel": 0.036251869712938534,
      "op_leverage_ratio": Infinity,
      "fcf_margin_change": -0.0908393752744095
    },
    {
      "date": "2022-07-01T00:00:00",
      "quarter_label": "2022-07 (Q3)",
      "revenue": 2085000000,
      "gross_profit": 1037100000,
      "operating_income": 584000000,
      "net_income": 455800000,
      "opex": 453100000,
      "cogs": 1047900000,
      "rd": null,
      "sga": null,
      "fcf": 202700000,
      "ocf": 420800000,
      "capex": -218100000,
      "gross_margin": 0.497410071942446,
      "op_margin": 0.2800959232613909,
      "fcf_margin": 0.09721822541966427,
      "incr_op_margin_yoy": 0.7270537219947001,
      "rev_growth_yoy": 0.24857775914725433,
      "rev_growth_yoy_accel": -0.06410362034926992,
      "op_leverage_ratio": 0.16265280834458398,
      "fcf_margin_change": -0.05949128614845914
    },
    {
      "date": "2022-09-30T00:00:00",
      "quarter_label": "2022-09 (Q3)",
      "revenue": 2192600000,
      "gross_profit": 1058300000,
      "operating_income": 424500000,
      "net_income": 311900000,
      "opex": 633800000,
      "cogs": 1134300000,
      "rd": null,
      "sga": null,
      "fcf": 731300000,
      "ocf": 1002400000,
      "capex": -271100000,
      "gross_margin": 0.4826689774696707,
      "op_margin": 0.19360576484538902,
      "fcf_margin": 0.33353096780078445,
      "incr_op_margin_yoy": 0.05615982241953385,
      "rev_growth_yoy": 0.2585959474197807,
      "rev_growth_yoy_accel": 0.010018188272526374,
      "op_leverage_ratio": 0.12940233756547612,
      "fcf_margin_change": 0.23631274238112018
    },
    {
      "date": "2022-12-31T00:00:00",
      "quarter_label": "2022-12 (Q4)",
      "revenue": 2103600000,
      "gross_profit": 1020500000,
      "operating_income": 704300000,
      "net_income": 604300000,
      "opex": 316200000,
      "cogs": 1083100000,
      "rd": null,
      "sga": null,
      "fcf": 358300000,
      "ocf": 731300000,
      "capex": -373000000,
      "gross_margin": 0.4851207453888572,
      "op_margin": 0.33480699752804716,
      "fcf_margin": 0.17032705837611714,
      "incr_op_margin_yoy": 0.8699029126213592,
      "rev_growth_yoy": 0.13948323492768538,
      "rev_growth_yoy_accel": -0.11911271249209532,
      "fcf_margin_change": -0.1632039094246673
    },
    {
      "date": "2023-03-31T00:00:00",
      "quarter_label": "2023-03 (Q1)",
      "revenue": 1959700000,
      "gross_profit": 917500000,
      "operating_income": 564900000,
      "net_income": 461700000,
      "opex": 352600000,
      "cogs": 1042200000,
      "rd": null,
      "sga": null,
      "fcf": 87400000,
      "ocf": 408900000,
      "capex": -321500000,
      "gross_margin": 0.468183905699852,
      "op_margin": 0.28825840689901516,
      "fcf_margin": 0.044598663060672554,
      "incr_op_margin_yoy": -5.598639455782313,
      "rev_growth_yoy": 0.007557840616966581,
      "rev_growth_yoy_accel": -0.1319253943107188,
      "fcf_margin_change": -0.12572839531544458
    },
    {
      "date": "2023-06-30T00:00:00",
      "quarter_label": "2023-06 (Q2)",
      "revenue": 2094400000,
      "gross_profit": 993400000,
      "operating_income": 674700000,
      "net_income": 576600000,
      "opex": 318700000,
      "cogs": 1101000000,
      "rd": null,
      "sga": null,
      "fcf": -39800000,
      "ocf": 390800000,
      "capex": -430600000,
      "gross_margin": 0.4743124522536287,
      "op_margin": 0.32214476699770817,
      "fcf_margin": -0.01900305576776165,
      "incr_op_margin_yoy": 9.648936170212766,
      "rev_growth_yoy": 0.004508393285371702,
      "rev_growth_yoy_accel": -0.0030494473315948786,
      "op_leverage_ratio": Infinity,
      "fcf_margin_change": -0.06360171882843421
    },
    {
      "date": "2023-09-29T00:00:00",
      "quarter_label": "2023-09 (Q3)",
      "revenue": 2180800000,
      "gross_profit": 1030700000,
      "operating_income": 687000000,
      "net_income": 582700000,
      "opex": 343700000,
      "cogs": 1150100000,
      "rd": null,
      "sga": null,
      "fcf": 133600000,
      "ocf": 566600000,
      "capex": -433000000,
      "gross_margin": 0.4726247248716067,
      "op_margin": 0.31502201027146004,
      "fcf_margin": 0.061261922230374175,
      "incr_op_margin_yoy": -22.24576271186441,
      "rev_growth_yoy": -0.005381738575207516,
      "rev_growth_yoy_accel": -0.009890131860579219,
      "op_leverage_ratio": 0.5258915202444614,
      "fcf_margin_change": 0.08026497799813583
    },
    {
      "date": "2023-12-31T00:00:00",
      "quarter_label": "2023-12 (Q4)",
      "revenue": 2018100000,
      "gross_profit": 941900000,
      "operating_income": 612100000,
      "net_income": 562700000,
      "opex": 329800000,
      "cogs": 1076200000,
      "rd": null,
      "sga": null,
      "fcf": 257200000,
      "ocf": 611200000,
      "capex": -354000000,
      "gross_margin": 0.4667261285367425,
      "op_margin": 0.3033050889450473,
      "fcf_margin": 0.12744660819582776,
      "incr_op_margin_yoy": 1.0783625730994153,
      "rev_growth_yoy": -0.04064460924130063,
      "rev_growth_yoy_accel": -0.03526287066609311,
      "fcf_margin_change": 0.06618468596545359
    },
    {
      "date": "2024-03-29T00:00:00",
      "quarter_label": "2024-03 (Q1)",
      "revenue": 1862700000,
      "gross_profit": 853600000,
      "operating_income": 525200000,
      "net_income": 453000000,
      "opex": 328400000,
      "cogs": 1009100000,
      "rd": null,
      "sga": null,
      "fcf": 264800000,
      "ocf": 498700000,
      "capex": -233900000,
      "gross_margin": 0.45825951575669727,
      "op_margin": 0.28195629999463145,
      "fcf_margin": 0.14215923122349278,
      "incr_op_margin_yoy": 0.4092783505154639,
      "rev_growth_yoy": -0.04949737204674185,
      "rev_growth_yoy_accel": -0.00885276280544122,
      "fcf_margin_change": 0.014712623027665017
    },
    {
      "date": "2024-06-28T00:00:00",
      "quarter_label": "2024-06 (Q2)",
      "revenue": 1735200000,
      "gross_profit": 784000000,
      "operating_income": 388500000,
      "net_income": 338200000,
      "opex": 395500000,
      "cogs": 951200000,
      "rd": null,
      "sga": null,
      "fcf": 221100000,
      "ocf": 362200000,
      "capex": -141100000,
      "gross_margin": 0.45182111572153066,
      "op_margin": 0.22389349930843708,
      "fcf_margin": 0.1274204702627939,
      "incr_op_margin_yoy": 0.7967706013363028,
      "rev_growth_yoy": -0.1715049656226127,
      "rev_growth_yoy_accel": -0.12200759357587085,
      "fcf_margin_change": -0.014738760960698871
    },
    {
      "date": "2024-09-27T00:00:00",
      "quarter_label": "2024-09 (Q3)",
      "revenue": 1761900000,
      "gross_profit": 799400000,
      "operating_income": 445400000,
      "net_income": 401700000,
      "opex": 354000000,
      "cogs": 962500000,
      "rd": null,
      "sga": null,
      "fcf": 304100000,
      "ocf": 465800000,
      "capex": -161700000,
      "gross_margin": 0.45371473976956694,
      "op_margin": 0.2527952778250752,
      "fcf_margin": 0.17259776377773994,
      "incr_op_margin_yoy": 0.5767486273573645,
      "rev_growth_yoy": -0.19208547322083638,
      "rev_growth_yoy_accel": -0.02058050759822369,
      "op_leverage_ratio": Infinity,
      "fcf_margin_change": 0.04517729351494604
    },
    {
      "date": "2024-12-31T00:00:00",
      "quarter_label": "2024-12 (Q4)",
      "revenue": 1722500000,
      "gross_profit": 779100000,
      "operating_income": 408600000,
      "net_income": 379900000,
      "opex": 370500000,
      "cogs": 943400000,
      "rd": null,
      "sga": null,
      "fcf": 422400000,
      "ocf": 579700000,
      "capex": -157300000,
      "gross_margin": 0.4523076923076923,
      "op_margin": 0.2372133526850508,
      "fcf_margin": 0.24522496371552976,
      "incr_op_margin_yoy": 0.6884303112313938,
      "rev_growth_yoy": -0.1464744066200882,
      "rev_growth_yoy_accel": 0.04561106660074818,
      "fcf_margin_change": 0.07262719993778982
    },
    {
      "date": "2025-04-04T00:00:00",
      "quarter_label": "2025-04 (Q2)",
      "revenue": 1445700000,
      "gross_profit": 293800000,
      "operating_income": -573700000,
      "net_income": -486100000,
      "opex": 867500000,
      "cogs": 1151900000,
      "rd": null,
      "sga": null,
      "fcf": 454700000,
      "ocf": 602300000,
      "capex": -147600000,
      "gross_margin": 0.20322335200940722,
      "op_margin": -0.3968319845057757,
      "fcf_margin": 0.31451891817112815,
      "incr_op_margin_yoy": 2.635251798561151,
      "rev_growth_yoy": -0.22386857787083267,
      "rev_growth_yoy_accel": -0.07739417125074446,
      "fcf_margin_change": 0.06929395445559838
    },
    {
      "date": "2025-07-04T00:00:00",
      "quarter_label": "2025-07 (Q3)",
      "revenue": 1468700000,
      "gross_profit": 551900000,
      "operating_income": 193400000,
      "net_income": 170300000,
      "opex": 358500000,
      "cogs": 916800000,
      "rd": null,
      "sga": null,
      "fcf": 106100000,
      "ocf": 184300000,
      "capex": -78200000,
      "gross_margin": 0.3757744944508749,
      "op_margin": 0.13168107850480015,
      "fcf_margin": 0.07224075713215769,
      "incr_op_margin_yoy": 0.7320825515947467,
      "rev_growth_yoy": -0.1535846011987091,
      "rev_growth_yoy_accel": 0.07028397667212358,
      "op_leverage_ratio": Infinity,
      "fcf_margin_change": -0.24227816103897046
    },
    {
      "date": "2025-10-03T00:00:00",
      "quarter_label": "2025-10 (Q4)",
      "revenue": 1550900000,
      "gross_profit": 587200000,
      "operating_income": 264400000,
      "net_income": 255000000,
      "opex": 322800000,
      "cogs": 963700000,
      "rd": null,
      "sga": null,
      "fcf": 372400000,
      "ocf": 418700000,
      "capex": -46300000,
      "gross_margin": 0.37861886646463344,
      "op_margin": 0.17048165581275387,
      "fcf_margin": 0.24011864078921916,
      "incr_op_margin_yoy": 0.8578199052132701,
      "rev_growth_yoy": -0.11975708042454168,
      "rev_growth_yoy_accel": 0.03382752077416741,
      "op_leverage_ratio": Infinity,
      "fcf_margin_change": 0.16787788365706147
    }
  ],
  "signals": [
    {
      "quarter": "2025-10 (Q4)",
      "signal": "FCF MARGIN EXPANSION",
      "detail": "FCF margin: +7.2% -> +24.0% (+16.8%)",
      "severity": "MEDIUM"
    },
    {
      "quarter": "2025-10 (Q4)",
      "signal": "INCREMENTAL MARGIN (YoY)",
      "detail": "YoY Incr OPM: +85.8% vs year-ago OPM: +25.3%",
      "severity": "HIGH"
    },
    {
      "quarter": "2025-07 (Q3)",
      "signal": "GROSS MARGIN INFLECTION",
      "detail": "GM: +45.2% -> +20.3% -> +37.6% (reversal +17.3%)",
      "severity": "HIGH"
    },
    {
      "quarter": "2025-07 (Q3)",
      "signal": "YoY REVENUE GROWTH ACCELERATION",
      "detail": "YoY growth: -15.4% vs prior quarter YoY: -22.4% (accel: +7.0%)",
      "severity": "MEDIUM"
    },
    {
      "quarter": "2025-07 (Q3)",
      "signal": "INCREMENTAL MARGIN (YoY)",
      "detail": "YoY Incr OPM: +73.2% vs year-ago OPM: +22.4%",
      "severity": "HIGH"
    },
    {
      "quarter": "2025-07 (Q3)",
      "signal": "OP MARGIN TURNED POSITIVE (QoQ)",
      "detail": "Op margin: -39.7% -> +13.2%",
      "severity": "HIGH"
    },
    {
      "quarter": "2025-04 (Q2)",
      "signal": "FCF MARGIN EXPANSION",
      "detail": "FCF margin: +24.5% -> +31.5% (+6.9%)",
      "severity": "MEDIUM"
    },
    {
      "quarter": "2025-04 (Q2)",
      "signal": "YoY REVENUE GROWTH DECELERATION",
      "detail": "YoY growth: -22.4% vs prior quarter YoY: -14.6% (decel: -7.7%)",
      "severity": "WARNING"
    },
    {
      "quarter": "2024-12 (Q4)",
      "signal": "FCF MARGIN EXPANSION",
      "detail": "FCF margin: +17.3% -> +24.5% (+7.3%)",
      "severity": "MEDIUM"
    },
    {
      "quarter": "2024-12 (Q4)",
      "signal": "INCREMENTAL MARGIN (YoY)",
      "detail": "YoY Incr OPM: +68.8% vs year-ago OPM: +30.3%",
      "severity": "HIGH"
    },
    {
      "quarter": "2024-09 (Q3)",
      "signal": "INCREMENTAL MARGIN (YoY)",
      "detail": "YoY Incr OPM: +57.7% vs year-ago OPM: +31.5%",
      "severity": "HIGH"
    },
    {
      "quarter": "2024-06 (Q2)",
      "signal": "YoY REVENUE GROWTH DECELERATION",
      "detail": "YoY growth: -17.2% vs prior quarter YoY: -4.9% (decel: -12.2%)",
      "severity": "WARNING"
    },
    {
      "quarter": "2024-06 (Q2)",
      "signal": "INCREMENTAL MARGIN (YoY)",
      "detail": "YoY Incr OPM: +79.7% vs year-ago OPM: +32.2%",
      "severity": "HIGH"
    },
    {
      "quarter": "2024-03 (Q1)",
      "signal": "INCREMENTAL MARGIN (YoY)",
      "detail": "YoY Incr OPM: +40.9% vs year-ago OPM: +28.8%",
      "severity": "MEDIUM"
    },
    {
      "quarter": "2023-12 (Q4)",
      "signal": "FCF MARGIN EXPANSION",
      "detail": "FCF margin: +6.1% -> +12.7% (+6.6%)",
      "severity": "MEDIUM"
    },
    {
      "quarter": "2023-12 (Q4)",
      "signal": "INCREMENTAL MARGIN (YoY)",
      "detail": "YoY Incr OPM: +107.8% vs year-ago OPM: +33.5%",
      "severity": "HIGH"
    },
    {
      "quarter": "2023-09 (Q3)",
      "signal": "FCF TURNED POSITIVE",
      "detail": "FCF margin: -1.9% -> +6.1%",
      "severity": "HIGH"
    },
    {
      "quarter": "2023-06 (Q2)",
      "signal": "INCREMENTAL MARGIN (YoY)",
      "detail": "YoY Incr OPM: +964.9% vs year-ago OPM: +28.0%",
      "severity": "HIGH"
    },
    {
      "quarter": "2023-03 (Q1)",
      "signal": "YoY REVENUE GROWTH DECELERATION",
      "detail": "YoY growth: +0.8% vs prior quarter YoY: +13.9% (decel: -13.2%)",
      "severity": "WARNING"
    },
    {
      "quarter": "2022-12 (Q4)",
      "signal": "YoY REVENUE GROWTH DECELERATION",
      "detail": "YoY growth: +13.9% vs prior quarter YoY: +25.9% (decel: -11.9%)",
      "severity": "WARNING"
    },
    {
      "quarter": "2022-12 (Q4)",
      "signal": "INCREMENTAL MARGIN (YoY)",
      "detail": "YoY Incr OPM: +87.0% vs year-ago OPM: +26.0%",
      "severity": "HIGH"
    },
    {
      "quarter": "2022-09 (Q3)",
      "signal": "FCF MARGIN EXPANSION",
      "detail": "FCF margin: +9.7% -> +33.4% (+23.6%)",
      "severity": "MEDIUM"
    },
    {
      "quarter": "2022-07 (Q3)",
      "signal": "YoY REVENUE GROWTH DECELERATION",
      "detail": "YoY growth: +24.9% vs prior quarter YoY: +31.3% (decel: -6.4%)",
      "severity": "WARNING"
    },
    {
      "quarter": "2022-07 (Q3)",
      "signal": "INCREMENTAL MARGIN (YoY)",
      "detail": "YoY Incr OPM: +72.7% vs year-ago OPM: +16.9%",
      "severity": "HIGH"
    },
    {
      "quarter": "2022-04 (Q2)",
      "signal": "INCREMENTAL MARGIN (YoY)",
      "detail": "YoY Incr OPM: +112.5% vs year-ago OPM: +8.5%",
      "severity": "HIGH"
    },
    {
      "quarter": "2021-12 (Q4)",
      "signal": "INCREMENTAL MARGIN (YoY)",
      "detail": "YoY Incr OPM: +78.1% vs year-ago OPM: +11.6%",
      "severity": "HIGH"
    },
    {
      "quarter": "2021-07 (Q3)",
      "signal": "FCF MARGIN EXPANSION",
      "detail": "FCF margin: +9.5% -> +22.9% (+13.4%)",
      "severity": "MEDIUM"
    }
  ],
  "data_quality": {
    "n_quarters": 20,
    "coverage": {
      "revenue": [
        20,
        20
      ],
      "gross_profit": [
        20,
        20
      ],
      "op_income": [
        20,
        20
      ],
      "fcf": [
        20,
        20
      ]
    },
    "gaps": [],
    "warnings": []
  },
  "market_cap": null,
  "source": "SEC EDGAR",
  "last_updated": "2026-02-02T20:12:37.318951",
  "sector": "Technology",
  "industry": "Semiconductors"
}