{
  "ticker": "ONC",
  "name": "BEONE MEDICINES LTD.",
  "quarters": [
    {
      "date": "2020-12-31T00:00:00",
      "quarter_label": "2020-12 (Q4)",
      "revenue": 100100000,
      "gross_profit": 79022000,
      "operating_income": -484912000,
      "net_income": -472745000,
      "opex": 585012000,
      "cogs": 21078000,
      "rd": 355537000,
      "sga": 208209000,
      "fcf": -367023000,
      "ocf": -332334000,
      "capex": -34689000,
      "gross_margin": 0.7894305694305694,
      "op_margin": -4.844275724275724,
      "fcf_margin": -3.6665634365634365
    },
    {
      "date": "2021-03-31T00:00:00",
      "quarter_label": "2021-03 (Q1)",
      "revenue": 605872000,
      "gross_profit": 573187000,
      "operating_income": 70167000,
      "net_income": 66495000,
      "opex": 535705000,
      "cogs": 32685000,
      "rd": 320726000,
      "sga": 182106000,
      "fcf": 82706000,
      "ocf": 125095000,
      "capex": -42389000,
      "gross_margin": 0.9460529616816753,
      "op_margin": 0.11581159056698445,
      "fcf_margin": 0.1365073810969974,
      "op_leverage_ratio": Infinity,
      "fcf_margin_change": 3.803070817660434
    },
    {
      "date": "2021-06-30T00:00:00",
      "quarter_label": "2021-06 (Q2)",
      "revenue": 149992000,
      "gross_profit": 113729000,
      "operating_income": -474838000,
      "net_income": -480341000,
      "opex": 624830000,
      "cogs": 36263000,
      "rd": 356091000,
      "sga": 232289000,
      "fcf": -458797000,
      "ocf": -420266000,
      "capex": -38531000,
      "gross_margin": 0.7582337724678649,
      "op_margin": -3.1657555069603713,
      "fcf_margin": -3.0588098031895035,
      "fcf_margin_change": -3.195317184286501
    },
    {
      "date": "2021-09-30T00:00:00",
      "quarter_label": "2021-09 (Q3)",
      "revenue": 206440000,
      "gross_profit": 159027000,
      "operating_income": -462325000,
      "net_income": -413855000,
      "opex": 668765000,
      "cogs": 47413000,
      "rd": 351937000,
      "sga": 269227000,
      "fcf": -562756000,
      "ocf": -495713000,
      "capex": -67043000,
      "gross_margin": 0.7703303623328812,
      "op_margin": -2.239512691338888,
      "fcf_margin": -2.7260027126525865,
      "op_leverage_ratio": 5.352192258037989,
      "fcf_margin_change": 0.3328070905369169
    },
    {
      "date": "2021-12-31T00:00:00",
      "quarter_label": "2021-12 (Q4)",
      "revenue": 213979000,
      "gross_profit": 165434000,
      "operating_income": -571739000,
      "net_income": -585653000,
      "opex": 785718000,
      "cogs": 48545000,
      "rd": 430485000,
      "sga": 306501000,
      "fcf": -622818000,
      "ocf": -507839000,
      "capex": -114979000,
      "gross_margin": 0.7731319428542053,
      "op_margin": -2.6719397697904936,
      "fcf_margin": -2.9106501105248648,
      "incr_op_margin_yoy": -0.7624496175765505,
      "rev_growth_yoy": 1.1376523476523477,
      "op_leverage_ratio": 0.20882479440462304,
      "fcf_margin_change": -0.18464739787227824
    },
    {
      "date": "2022-03-31T00:00:00",
      "quarter_label": "2022-03 (Q1)",
      "revenue": 306626000,
      "gross_profit": 241389000,
      "operating_income": -443287000,
      "net_income": -434274000,
      "opex": 749913000,
      "cogs": 65237000,
      "rd": 389915000,
      "sga": 294573000,
      "fcf": -281694000,
      "ocf": -236563000,
      "capex": -45131000,
      "gross_margin": 0.7872424386712151,
      "op_margin": -1.4456927983928303,
      "fcf_margin": -0.918689217483188,
      "incr_op_margin_yoy": 1.7158257754489616,
      "rev_growth_yoy": -0.493909604668973,
      "rev_growth_yoy_accel": -1.6315619523213207,
      "op_leverage_ratio": Infinity,
      "fcf_margin_change": 1.9919608930416768
    },
    {
      "date": "2022-06-30T00:00:00",
      "quarter_label": "2022-06 (Q2)",
      "revenue": 341572000,
      "gross_profit": 270399000,
      "operating_income": -439399000,
      "net_income": -571449000,
      "opex": 780971000,
      "cogs": 71173000,
      "rd": 378207000,
      "sga": 331403000,
      "fcf": -430249000,
      "ocf": -379959000,
      "capex": -50290000,
      "gross_margin": 0.7916310470413266,
      "op_margin": -1.28640228121743,
      "fcf_margin": -1.2596143712013865,
      "incr_op_margin_yoy": 0.18498277481991857,
      "rev_growth_yoy": 1.2772681209664516,
      "rev_growth_yoy_accel": 1.7711777256354246,
      "op_leverage_ratio": 2.7518571876049926,
      "fcf_margin_change": -0.34092515371819854
    },
    {
      "date": "2022-09-30T00:00:00",
      "quarter_label": "2022-09 (Q3)",
      "revenue": 387628000,
      "gross_profit": 311085000,
      "operating_income": -438357000,
      "net_income": -557556000,
      "opex": 825985000,
      "cogs": 76543000,
      "rd": 426363000,
      "sga": 322892000,
      "fcf": -670561000,
      "ocf": -561906000,
      "capex": -108655000,
      "gross_margin": 0.8025349045992549,
      "op_margin": -1.1308703189656062,
      "fcf_margin": -1.7299085721361718,
      "incr_op_margin_yoy": 0.13228249111420182,
      "rev_growth_yoy": 0.8776787444293741,
      "rev_growth_yoy_accel": -0.3995893765370775,
      "op_leverage_ratio": 2.3393287302561414,
      "fcf_margin_change": -0.47029420093478524
    },
    {
      "date": "2022-12-31T00:00:00",
      "quarter_label": "2022-12 (Q4)",
      "revenue": 380095000,
      "gross_profit": 306573000,
      "operating_income": -468622000,
      "net_income": -445335000,
      "opex": 848717000,
      "cogs": 73522000,
      "rd": 446023000,
      "sga": 328984000,
      "fcf": -439549000,
      "ocf": -318191000,
      "capex": -121358000,
      "gross_margin": 0.8065694102790092,
      "op_margin": -1.2329075625830384,
      "fcf_margin": -1.1564187900393323,
      "incr_op_margin_yoy": 0.6207529678056298,
      "rev_growth_yoy": 0.7763191715074844,
      "rev_growth_yoy_accel": -0.10135957292188968,
      "fcf_margin_change": 0.5734897820968394
    },
    {
      "date": "2023-03-31T00:00:00",
      "quarter_label": "2023-03 (Q1)",
      "revenue": 447801000,
      "gross_profit": 366012000,
      "operating_income": -371258000,
      "net_income": -348431000,
      "opex": 819059000,
      "cogs": 81789000,
      "rd": 408584000,
      "sga": 328499000,
      "fcf": -689362000,
      "ocf": -563777000,
      "capex": -125585000,
      "gross_margin": 0.8173541372172014,
      "op_margin": -0.8290691624181277,
      "fcf_margin": -1.539438277270484,
      "incr_op_margin_yoy": 0.510210731361785,
      "rev_growth_yoy": 0.46041431581144454,
      "rev_growth_yoy_accel": -0.3159048556960399,
      "op_leverage_ratio": Infinity,
      "fcf_margin_change": -0.38301948723115165
    },
    {
      "date": "2023-06-30T00:00:00",
      "quarter_label": "2023-06 (Q2)",
      "revenue": 595261000,
      "gross_profit": 499271000,
      "operating_income": -318715000,
      "net_income": -381137000,
      "opex": 913976000,
      "cogs": 95990000,
      "rd": 422764000,
      "sga": 395034000,
      "fcf": -415358000,
      "ocf": -293888000,
      "capex": -121470000,
      "gross_margin": 0.8387430051691611,
      "op_margin": -0.5354205970154269,
      "fcf_margin": -0.6977745896337909,
      "incr_op_margin_yoy": 0.4757163298369263,
      "rev_growth_yoy": 0.7427101753071095,
      "rev_growth_yoy_accel": 0.28229585949566494,
      "op_leverage_ratio": 2.8415830535117745,
      "fcf_margin_change": 0.8416636876366931
    },
    {
      "date": "2023-09-30T00:00:00",
      "quarter_label": "2023-09 (Q3)",
      "revenue": 781308000,
      "gross_profit": 684999000,
      "operating_income": -133968000,
      "net_income": 215413000,
      "opex": 915276000,
      "cogs": 96309000,
      "rd": 453259000,
      "sga": 364421000,
      "fcf": -236032000,
      "ocf": -78150000,
      "capex": -157882000,
      "gross_margin": 0.8767336312952126,
      "op_margin": -0.17146631034112028,
      "fcf_margin": -0.30209853220496913,
      "incr_op_margin_yoy": 0.7731888843730949,
      "rev_growth_yoy": 1.0156129072203246,
      "rev_growth_yoy_accel": 0.2729027319132151,
      "op_leverage_ratio": 219.73876600994546,
      "fcf_margin_change": 0.3956760574288218
    },
    {
      "date": "2023-12-31T00:00:00",
      "quarter_label": "2023-12 (Q4)",
      "revenue": 634409000,
      "gross_profit": 528577000,
      "operating_income": -383795000,
      "net_income": -367553000,
      "opex": 638284000,
      "cogs": null,
      "rd": 493987000,
      "sga": 416547000,
      "fcf": -378597000,
      "ocf": -221638000,
      "capex": -156959000,
      "gross_margin": 0.8331801724124343,
      "op_margin": -0.6049646206154075,
      "fcf_margin": -0.5967711681265556,
      "incr_op_margin_yoy": 0.33355222284262764,
      "rev_growth_yoy": 0.6690800983964535,
      "rev_growth_yoy_accel": -0.34653280882387105,
      "fcf_margin_change": -0.2946726359215865
    },
    {
      "date": "2024-03-31T00:00:00",
      "quarter_label": "2024-03 (Q1)",
      "revenue": 751652000,
      "gross_profit": 626717000,
      "operating_income": -261348000,
      "net_income": -251150000,
      "opex": 888065000,
      "cogs": null,
      "rd": 460638000,
      "sga": 427427000,
      "fcf": -465150000,
      "ocf": -308572000,
      "capex": -156578000,
      "gross_margin": 0.8337861137866992,
      "op_margin": -0.34769813690377993,
      "fcf_margin": -0.6188369085693911,
      "incr_op_margin_yoy": 0.36172334466564204,
      "rev_growth_yoy": 0.678540244438936,
      "rev_growth_yoy_accel": 0.009460146042482465,
      "op_leverage_ratio": 0.47225019419576614,
      "fcf_margin_change": -0.02206574044283549
    },
    {
      "date": "2024-06-30T00:00:00",
      "quarter_label": "2024-06 (Q2)",
      "revenue": 929166000,
      "gross_profit": 791034000,
      "operating_income": -107161000,
      "net_income": -120405000,
      "opex": 898195000,
      "cogs": null,
      "rd": 454466000,
      "sga": 443729000,
      "fcf": -205538000,
      "ocf": -95588000,
      "capex": -109950000,
      "gross_margin": 0.851337651183965,
      "op_margin": -0.11533030696344894,
      "fcf_margin": -0.22120697485702231,
      "incr_op_margin_yoy": 0.6335754181578592,
      "rev_growth_yoy": 0.5609388150743959,
      "rev_growth_yoy_accel": -0.1176014293645401,
      "op_leverage_ratio": 20.703849484409645,
      "fcf_margin_change": 0.39762993371236877
    },
    {
      "date": "2024-09-30T00:00:00",
      "quarter_label": "2024-09 (Q3)",
      "revenue": 1001599000,
      "gross_profit": 831137000,
      "operating_income": -120265000,
      "net_income": -121350000,
      "opex": 951402000,
      "cogs": null,
      "rd": 496179000,
      "sga": 455223000,
      "fcf": 54714000,
      "ocf": 188369000,
      "capex": -133655000,
      "gross_margin": 0.8298101335963793,
      "op_margin": -0.12007300326777483,
      "fcf_margin": 0.054626651983478415,
      "incr_op_margin_yoy": 0.06220408459719189,
      "rev_growth_yoy": 0.28195154791708266,
      "rev_growth_yoy_accel": -0.27898726715731326,
      "op_leverage_ratio": 1.3159670759954825,
      "fcf_margin_change": 0.2758336268405007
    },
    {
      "date": "2024-12-31T00:00:00",
      "quarter_label": "2024-12 (Q4)",
      "revenue": 1127824000,
      "gross_profit": 967264000,
      "operating_income": -79425000,
      "net_income": -151881000,
      "opex": 1046689000,
      "cogs": null,
      "rd": 542012000,
      "sga": 504677000,
      "fcf": -17320000,
      "ocf": 75160000,
      "capex": -92480000,
      "gross_margin": 0.8576373618578785,
      "op_margin": -0.07042322206301692,
      "fcf_margin": -0.015357006057682759,
      "incr_op_margin_yoy": 0.6168641001996291,
      "rev_growth_yoy": 0.7777553597127406,
      "rev_growth_yoy_accel": 0.4958038117956579,
      "op_leverage_ratio": 1.2582933553441484,
      "fcf_margin_change": -0.06998365804116118
    },
    {
      "date": "2025-03-31T00:00:00",
      "quarter_label": "2025-03 (Q1)",
      "revenue": 1117279000,
      "gross_profit": 952277000,
      "operating_income": 11102000,
      "net_income": 1270000,
      "opex": 941175000,
      "cogs": null,
      "rd": 481887000,
      "sga": 459288000,
      "fcf": -12325000,
      "ocf": 44082000,
      "capex": -56407000,
      "gross_margin": 0.8523179975637241,
      "op_margin": 0.009936640713733992,
      "fcf_margin": -0.01103126434847518,
      "incr_op_margin_yoy": 0.74515831708271,
      "rev_growth_yoy": 0.48643122083091644,
      "rev_growth_yoy_accel": -0.2913241388818241,
      "fcf_margin_change": 0.004325741709207579
    },
    {
      "date": "2025-06-30T00:00:00",
      "quarter_label": "2025-06 (Q2)",
      "revenue": 1315300000,
      "gross_profit": 1150694000,
      "operating_income": 87885000,
      "net_income": 94320000,
      "opex": 1062809000,
      "cogs": null,
      "rd": 524896000,
      "sga": 537913000,
      "fcf": 219772000,
      "ocf": 263598000,
      "capex": -43826000,
      "gross_margin": 0.8748528852733217,
      "op_margin": 0.06681745609366685,
      "fcf_margin": 0.16708887706226716,
      "incr_op_margin_yoy": 0.5051251638032392,
      "rev_growth_yoy": 0.4155705223824376,
      "rev_growth_yoy_accel": -0.07086069844847886,
      "op_leverage_ratio": 1.371402721811269,
      "fcf_margin_change": 0.17812014141074234
    },
    {
      "date": "2025-09-30T00:00:00",
      "quarter_label": "2025-09 (Q3)",
      "revenue": 1412284000,
      "gross_profit": 1215774000,
      "operating_income": 163114000,
      "net_income": 124841000,
      "opex": 1052660000,
      "cogs": null,
      "rd": 523662000,
      "sga": 528998000,
      "fcf": 354469000,
      "ocf": 402553000,
      "capex": -48084000,
      "gross_margin": 0.8608565982479445,
      "op_margin": 0.11549659983402771,
      "fcf_margin": 0.2509898858869746,
      "incr_op_margin_yoy": 0.6900154619720711,
      "rev_growth_yoy": 0.4100293630484855,
      "rev_growth_yoy_accel": -0.005541159333952106,
      "op_leverage_ratio": Infinity,
      "fcf_margin_change": 0.08390100882470741
    }
  ],
  "signals": [
    {
      "quarter": "2025-09 (Q3)",
      "signal": "FCF MARGIN EXPANSION",
      "detail": "FCF margin: +16.7% -> +25.1% (+8.4%)",
      "severity": "MEDIUM"
    },
    {
      "quarter": "2025-09 (Q3)",
      "signal": "OP MARGIN TURNED POSITIVE (YoY)",
      "detail": "Op margin: -12.0% (year-ago) -> +11.5%",
      "severity": "HIGH"
    },
    {
      "quarter": "2025-06 (Q2)",
      "signal": "FCF TURNED POSITIVE",
      "detail": "FCF margin: -1.1% -> +16.7%",
      "severity": "HIGH"
    },
    {
      "quarter": "2025-06 (Q2)",
      "signal": "GROSS MARGIN INFLECTION",
      "detail": "GM: +85.8% -> +85.2% -> +87.5% (reversal +2.3%)",
      "severity": "MEDIUM"
    },
    {
      "quarter": "2025-06 (Q2)",
      "signal": "YoY REVENUE GROWTH DECELERATION",
      "detail": "YoY growth: +41.6% vs prior quarter YoY: +48.6% (decel: -7.1%)",
      "severity": "WARNING"
    },
    {
      "quarter": "2025-06 (Q2)",
      "signal": "OP MARGIN TURNED POSITIVE (YoY)",
      "detail": "Op margin: -11.5% (year-ago) -> +6.7%",
      "severity": "HIGH"
    },
    {
      "quarter": "2025-03 (Q1)",
      "signal": "YoY REVENUE GROWTH DECELERATION",
      "detail": "YoY growth: +48.6% vs prior quarter YoY: +77.8% (decel: -29.1%)",
      "severity": "WARNING"
    },
    {
      "quarter": "2025-03 (Q1)",
      "signal": "OP MARGIN TURNED POSITIVE (YoY)",
      "detail": "Op margin: -34.8% (year-ago) -> +1.0%",
      "severity": "HIGH"
    },
    {
      "quarter": "2025-03 (Q1)",
      "signal": "OP MARGIN TURNED POSITIVE (QoQ)",
      "detail": "Op margin: -7.0% -> +1.0%",
      "severity": "HIGH"
    },
    {
      "quarter": "2024-12 (Q4)",
      "signal": "GROSS MARGIN INFLECTION",
      "detail": "GM: +85.1% -> +83.0% -> +85.8% (reversal +2.8%)",
      "severity": "MEDIUM"
    },
    {
      "quarter": "2024-12 (Q4)",
      "signal": "YoY REVENUE GROWTH ACCELERATION",
      "detail": "YoY growth: +77.8% vs prior quarter YoY: +28.2% (accel: +49.6%)",
      "severity": "HIGH"
    },
    {
      "quarter": "2024-09 (Q3)",
      "signal": "FCF TURNED POSITIVE",
      "detail": "FCF margin: -22.1% -> +5.5%",
      "severity": "HIGH"
    },
    {
      "quarter": "2024-09 (Q3)",
      "signal": "YoY REVENUE GROWTH DECELERATION",
      "detail": "YoY growth: +28.2% vs prior quarter YoY: +56.1% (decel: -27.9%)",
      "severity": "WARNING"
    },
    {
      "quarter": "2024-06 (Q2)",
      "signal": "FCF MARGIN EXPANSION",
      "detail": "FCF margin: -61.9% -> -22.1% (+39.8%)",
      "severity": "MEDIUM"
    },
    {
      "quarter": "2024-06 (Q2)",
      "signal": "OPERATING LEVERAGE",
      "detail": "Rev growth +23.6% vs OpEx growth +1.1% (leverage: 20.7x)",
      "severity": "MEDIUM"
    },
    {
      "quarter": "2024-06 (Q2)",
      "signal": "YoY REVENUE GROWTH DECELERATION",
      "detail": "YoY growth: +56.1% vs prior quarter YoY: +67.9% (decel: -11.8%)",
      "severity": "WARNING"
    },
    {
      "quarter": "2023-12 (Q4)",
      "signal": "YoY REVENUE GROWTH DECELERATION",
      "detail": "YoY growth: +66.9% vs prior quarter YoY: +101.6% (decel: -34.7%)",
      "severity": "WARNING"
    },
    {
      "quarter": "2023-09 (Q3)",
      "signal": "FCF MARGIN EXPANSION",
      "detail": "FCF margin: -69.8% -> -30.2% (+39.6%)",
      "severity": "MEDIUM"
    },
    {
      "quarter": "2023-09 (Q3)",
      "signal": "OPERATING LEVERAGE",
      "detail": "Rev growth +31.3% vs OpEx growth +0.1% (leverage: 219.7x)",
      "severity": "MEDIUM"
    },
    {
      "quarter": "2023-09 (Q3)",
      "signal": "YoY REVENUE GROWTH ACCELERATION",
      "detail": "YoY growth: +101.6% vs prior quarter YoY: +74.3% (accel: +27.3%)",
      "severity": "HIGH"
    },
    {
      "quarter": "2023-06 (Q2)",
      "signal": "FCF MARGIN EXPANSION",
      "detail": "FCF margin: -153.9% -> -69.8% (+84.2%)",
      "severity": "MEDIUM"
    },
    {
      "quarter": "2023-06 (Q2)",
      "signal": "OPERATING LEVERAGE",
      "detail": "Rev growth +32.9% vs OpEx growth +11.6% (leverage: 2.8x)",
      "severity": "MEDIUM"
    },
    {
      "quarter": "2023-06 (Q2)",
      "signal": "YoY REVENUE GROWTH ACCELERATION",
      "detail": "YoY growth: +74.3% vs prior quarter YoY: +46.0% (accel: +28.2%)",
      "severity": "HIGH"
    },
    {
      "quarter": "2023-03 (Q1)",
      "signal": "YoY REVENUE GROWTH DECELERATION",
      "detail": "YoY growth: +46.0% vs prior quarter YoY: +77.6% (decel: -31.6%)",
      "severity": "WARNING"
    },
    {
      "quarter": "2022-12 (Q4)",
      "signal": "FCF MARGIN EXPANSION",
      "detail": "FCF margin: -173.0% -> -115.6% (+57.3%)",
      "severity": "MEDIUM"
    },
    {
      "quarter": "2022-12 (Q4)",
      "signal": "YoY REVENUE GROWTH DECELERATION",
      "detail": "YoY growth: +77.6% vs prior quarter YoY: +87.8% (decel: -10.1%)",
      "severity": "WARNING"
    },
    {
      "quarter": "2022-09 (Q3)",
      "signal": "OPERATING LEVERAGE",
      "detail": "Rev growth +13.5% vs OpEx growth +5.8% (leverage: 2.3x)",
      "severity": "MEDIUM"
    },
    {
      "quarter": "2022-09 (Q3)",
      "signal": "YoY REVENUE GROWTH DECELERATION",
      "detail": "YoY growth: +87.8% vs prior quarter YoY: +127.7% (decel: -40.0%)",
      "severity": "WARNING"
    },
    {
      "quarter": "2022-06 (Q2)",
      "signal": "OPERATING LEVERAGE",
      "detail": "Rev growth +11.4% vs OpEx growth +4.1% (leverage: 2.8x)",
      "severity": "MEDIUM"
    },
    {
      "quarter": "2022-06 (Q2)",
      "signal": "YoY REVENUE GROWTH ACCELERATION",
      "detail": "YoY growth: +127.7% vs prior quarter YoY: -49.4% (accel: +177.1%)",
      "severity": "HIGH"
    },
    {
      "quarter": "2022-03 (Q1)",
      "signal": "FCF MARGIN EXPANSION",
      "detail": "FCF margin: -291.1% -> -91.9% (+199.2%)",
      "severity": "MEDIUM"
    },
    {
      "quarter": "2022-03 (Q1)",
      "signal": "YoY REVENUE GROWTH DECELERATION",
      "detail": "YoY growth: -49.4% vs prior quarter YoY: +113.8% (decel: -163.2%)",
      "severity": "WARNING"
    },
    {
      "quarter": "2021-09 (Q3)",
      "signal": "FCF MARGIN EXPANSION",
      "detail": "FCF margin: -305.9% -> -272.6% (+33.3%)",
      "severity": "MEDIUM"
    },
    {
      "quarter": "2021-09 (Q3)",
      "signal": "OPERATING LEVERAGE",
      "detail": "Rev growth +37.6% vs OpEx growth +7.0% (leverage: 5.4x)",
      "severity": "MEDIUM"
    },
    {
      "quarter": "2021-03 (Q1)",
      "signal": "FCF TURNED POSITIVE",
      "detail": "FCF margin: -366.7% -> +13.7%",
      "severity": "HIGH"
    },
    {
      "quarter": "2021-03 (Q1)",
      "signal": "OP MARGIN TURNED POSITIVE (QoQ)",
      "detail": "Op margin: -484.4% -> +11.6%",
      "severity": "HIGH"
    }
  ],
  "data_quality": {
    "n_quarters": 20,
    "coverage": {
      "revenue": [
        20,
        20
      ],
      "gross_profit": [
        20,
        20
      ],
      "op_income": [
        20,
        20
      ],
      "fcf": [
        20,
        20
      ]
    },
    "gaps": [],
    "warnings": []
  },
  "market_cap": null,
  "source": "SEC EDGAR",
  "last_updated": "2026-02-02T20:04:56.870609",
  "sector": "Healthcare",
  "industry": "Biotechnology"
}