{
  "ticker": "ONDS",
  "name": "Ondas Inc.",
  "quarters": [
    {
      "date": "2020-12-31T00:00:00",
      "quarter_label": "2020-12 (Q4)",
      "revenue": 194121,
      "gross_profit": 45610,
      "operating_income": -3693593,
      "net_income": -4124174,
      "opex": 3739203,
      "cogs": 148511,
      "rd": 1031330,
      "sga": null,
      "fcf": -2659119,
      "ocf": -2659119,
      "capex": null,
      "gross_margin": 0.23495654772023636,
      "op_margin": -19.027271650156347,
      "fcf_margin": -13.69825521195543
    },
    {
      "date": "2021-03-31T00:00:00",
      "quarter_label": "2021-03 (Q1)",
      "revenue": 1164764,
      "gross_profit": 609414,
      "operating_income": -2881388,
      "net_income": -3138119,
      "opex": 3490802,
      "cogs": 555350,
      "rd": 894576,
      "sga": null,
      "fcf": -3124480,
      "ocf": -3066199,
      "capex": -58281,
      "gross_margin": 0.5232081348668056,
      "op_margin": -2.4737955499998283,
      "fcf_margin": -2.6825004893695206,
      "op_leverage_ratio": Infinity,
      "fcf_margin_change": 11.01575472258591
    },
    {
      "date": "2021-06-30T00:00:00",
      "quarter_label": "2021-06 (Q2)",
      "revenue": 887432,
      "gross_profit": 306757,
      "operating_income": -3138305,
      "net_income": -2821766,
      "opex": 3445062,
      "cogs": 580675,
      "rd": 753642,
      "sga": null,
      "fcf": -4036637,
      "ocf": -4022489,
      "capex": -14148,
      "gross_margin": 0.3456681751390529,
      "op_margin": -3.536389267008627,
      "fcf_margin": -4.548671898241217,
      "fcf_margin_change": -1.8661714088716965
    },
    {
      "date": "2021-09-30T00:00:00",
      "quarter_label": "2021-09 (Q3)",
      "revenue": 283329,
      "gross_profit": 13613,
      "operating_income": -4913351,
      "net_income": -4914272,
      "opex": 4926964,
      "cogs": 269716,
      "rd": 1780187,
      "sga": null,
      "fcf": -4542897,
      "ocf": -4534968,
      "capex": -7929,
      "gross_margin": 0.048046617183556926,
      "op_margin": -17.341504046532478,
      "fcf_margin": -16.033999343519373,
      "fcf_margin_change": -11.485327445278156
    },
    {
      "date": "2021-12-31T00:00:00",
      "quarter_label": "2021-12 (Q4)",
      "revenue": 571246,
      "gross_profit": 166045,
      "operating_income": -7040573,
      "net_income": -4149685,
      "opex": 7206618,
      "cogs": 405201,
      "rd": 2372143,
      "sga": null,
      "fcf": -6115120,
      "ocf": -5271760,
      "capex": -843360,
      "gross_margin": 0.2906716195824566,
      "op_margin": -12.32494056851164,
      "fcf_margin": -10.704880209226848,
      "rev_growth_yoy": 1.942731595242143,
      "op_leverage_ratio": 2.1962750743951185,
      "fcf_margin_change": 5.329119134292524
    },
    {
      "date": "2022-03-31T00:00:00",
      "quarter_label": "2022-03 (Q1)",
      "revenue": 410198,
      "gross_profit": 122266,
      "operating_income": -9991333,
      "net_income": -10010399,
      "opex": 10113599,
      "cogs": 287932,
      "rd": 3907219,
      "sga": null,
      "fcf": -8655142,
      "ocf": -7101930,
      "capex": -1553212,
      "gross_margin": 0.2980658121200006,
      "op_margin": -24.357342064076374,
      "fcf_margin": -21.099912725074233,
      "rev_growth_yoy": -0.6478273710382533,
      "rev_growth_yoy_accel": -2.5905589662803963,
      "fcf_margin_change": -10.395032515847385
    },
    {
      "date": "2022-06-30T00:00:00",
      "quarter_label": "2022-06 (Q2)",
      "revenue": 604219,
      "gross_profit": 318580,
      "operating_income": -11373088,
      "net_income": -11391425,
      "opex": 11691668,
      "cogs": 285639,
      "rd": 4870369,
      "sga": null,
      "fcf": -9259465,
      "ocf": -8200073,
      "capex": -1059392,
      "gross_margin": 0.5272591560344841,
      "op_margin": -18.822791074097307,
      "fcf_margin": -15.324683599820595,
      "rev_growth_yoy": -0.31913769167665806,
      "rev_growth_yoy_accel": 0.3286896793615952,
      "op_leverage_ratio": 3.0313420335533467,
      "fcf_margin_change": 5.775229125253638
    },
    {
      "date": "2022-09-30T00:00:00",
      "quarter_label": "2022-09 (Q3)",
      "revenue": 632489,
      "gross_profit": 399488,
      "operating_income": -13548744,
      "net_income": -13578341,
      "opex": 13948232,
      "cogs": 233001,
      "rd": 5793345,
      "sga": null,
      "fcf": -11809790,
      "ocf": -10896670,
      "capex": -913120,
      "gross_margin": 0.6316125655940261,
      "op_margin": -21.421311674985652,
      "fcf_margin": -18.671929472291218,
      "rev_growth_yoy": 1.2323482594439679,
      "rev_growth_yoy_accel": 1.5514859511206258,
      "op_leverage_ratio": 0.24241542451524783,
      "fcf_margin_change": -3.347245872470623
    },
    {
      "date": "2022-12-31T00:00:00",
      "quarter_label": "2022-12 (Q4)",
      "revenue": 478912,
      "gross_profit": 268829,
      "operating_income": -34516357,
      "net_income": -38261640,
      "opex": 34785186,
      "cogs": 210083,
      "rd": 9228153,
      "sga": null,
      "fcf": -11119579,
      "ocf": -11764403,
      "capex": 644824,
      "gross_margin": 0.5613327709474809,
      "op_margin": -72.07244128357611,
      "fcf_margin": -23.21841799746091,
      "rev_growth_yoy": -0.16163614274760785,
      "rev_growth_yoy_accel": -1.3939844021915757,
      "fcf_margin_change": -4.546488525169693
    },
    {
      "date": "2023-03-31T00:00:00",
      "quarter_label": "2023-03 (Q1)",
      "revenue": 2595991,
      "gross_profit": 1026896,
      "operating_income": -12652679,
      "net_income": -14455551,
      "opex": 13679575,
      "cogs": 1569095,
      "rd": 6974979,
      "sga": null,
      "fcf": -12967487,
      "ocf": -12832263,
      "capex": -135224,
      "gross_margin": 0.39556993841658156,
      "op_margin": -4.873930225489996,
      "fcf_margin": -4.995197209851652,
      "incr_op_margin_yoy": -1.2175654327742838,
      "rev_growth_yoy": 5.328629101068264,
      "rev_growth_yoy_accel": 5.490265243815872,
      "op_leverage_ratio": Infinity,
      "fcf_margin_change": 18.223220787609257
    },
    {
      "date": "2023-06-30T00:00:00",
      "quarter_label": "2023-06 (Q2)",
      "revenue": 5468964,
      "gross_profit": 3071776,
      "operating_income": -8496665,
      "net_income": -8958086,
      "opex": 11568441,
      "cogs": 2397188,
      "rd": 4508005,
      "sga": null,
      "fcf": -8962460,
      "ocf": -9032514,
      "capex": 70054,
      "gross_margin": 0.5616742037431587,
      "op_margin": -1.5536150905363428,
      "fcf_margin": -1.6387857005458437,
      "incr_op_margin_yoy": 0.5912792962426602,
      "rev_growth_yoy": 8.051294315471708,
      "rev_growth_yoy_accel": 2.7226652144034436,
      "op_leverage_ratio": Infinity,
      "fcf_margin_change": 3.356411509305808
    },
    {
      "date": "2023-09-30T00:00:00",
      "quarter_label": "2023-09 (Q3)",
      "revenue": 2665190,
      "gross_profit": 554878,
      "operating_income": -5934021,
      "net_income": -7292461,
      "opex": 6488899,
      "cogs": 2110312,
      "rd": 2701436,
      "sga": null,
      "fcf": -6273769,
      "ocf": -6243967,
      "capex": -29802,
      "gross_margin": 0.20819453772526536,
      "op_margin": -2.226490794277331,
      "fcf_margin": -2.3539668841621046,
      "incr_op_margin_yoy": 3.746110716726169,
      "rev_growth_yoy": 3.2138124141289413,
      "rev_growth_yoy_accel": -4.837481901342766,
      "fcf_margin_change": -0.7151811836162609
    },
    {
      "date": "2023-12-31T00:00:00",
      "quarter_label": "2023-12 (Q4)",
      "revenue": 4961285,
      "gross_profit": 1727624,
      "operating_income": -12645935,
      "net_income": -14138774,
      "opex": 14373559,
      "cogs": 3233661,
      "rd": 2960815,
      "sga": null,
      "fcf": -6026838,
      "ocf": -5910775,
      "capex": -116063,
      "gross_margin": 0.34822107578984074,
      "op_margin": -2.5489233132142175,
      "fcf_margin": -1.214773591922254,
      "incr_op_margin_yoy": 4.879206170481573,
      "rev_growth_yoy": 9.35949193171188,
      "rev_growth_yoy_accel": 6.145679517582938,
      "op_leverage_ratio": 0.7090056917336324,
      "fcf_margin_change": 1.1391932922398507
    },
    {
      "date": "2024-03-31T00:00:00",
      "quarter_label": "2024-03 (Q1)",
      "revenue": 625009,
      "gross_profit": -394982,
      "operating_income": -9127195,
      "net_income": -9876084,
      "opex": 8732213,
      "cogs": 1019991,
      "rd": 3512975,
      "sga": null,
      "fcf": -8643610,
      "ocf": -7455524,
      "capex": -1188086,
      "gross_margin": -0.6319620997457637,
      "op_margin": -14.603301712455341,
      "fcf_margin": -13.8295768540933,
      "incr_op_margin_yoy": -1.788694163619962,
      "rev_growth_yoy": -0.7592406907419941,
      "rev_growth_yoy_accel": -10.118732622453873,
      "fcf_margin_change": -12.614803262171046
    },
    {
      "date": "2024-06-30T00:00:00",
      "quarter_label": "2024-06 (Q2)",
      "revenue": 957851,
      "gross_profit": -190895,
      "operating_income": -8303590,
      "net_income": -8269736,
      "opex": 8112695,
      "cogs": 1148746,
      "rd": 2640003,
      "sga": null,
      "fcf": -9913349,
      "ocf": -8819198,
      "capex": -1094151,
      "gross_margin": -0.1992950886933354,
      "op_margin": -8.668978786888566,
      "fcf_margin": -10.349573159082153,
      "incr_op_margin_yoy": -0.042799858926167444,
      "rev_growth_yoy": -0.8248569564546412,
      "rev_growth_yoy_accel": -0.06561626571264711,
      "op_leverage_ratio": Infinity,
      "fcf_margin_change": 3.4800036950111473
    },
    {
      "date": "2024-09-30T00:00:00",
      "quarter_label": "2024-09 (Q3)",
      "revenue": 1480792,
      "gross_profit": 47560,
      "operating_income": -8660715,
      "net_income": -9526268,
      "opex": 8708275,
      "cogs": 1433232,
      "rd": 3182345,
      "sga": null,
      "fcf": -8410048,
      "ocf": -9085927,
      "capex": 675879,
      "gross_margin": 0.03211794769285625,
      "op_margin": -5.848704612126483,
      "fcf_margin": -5.679425604676417,
      "incr_op_margin_yoy": 2.302177139779027,
      "rev_growth_yoy": -0.4443953339161561,
      "rev_growth_yoy_accel": 0.3804616225384851,
      "op_leverage_ratio": 7.4366917338021965,
      "fcf_margin_change": 4.6701475544057365
    },
    {
      "date": "2024-12-31T00:00:00",
      "quarter_label": "2024-12 (Q4)",
      "revenue": 4129042,
      "gross_profit": 883500,
      "operating_income": -8517804,
      "net_income": -10335669,
      "opex": 9401304,
      "cogs": 3245542,
      "rd": 3141078,
      "sga": null,
      "fcf": -8139011,
      "ocf": -8108974,
      "capex": -30037,
      "gross_margin": 0.21397215140945527,
      "op_margin": -2.0629007890934505,
      "fcf_margin": -1.9711620758519772,
      "rev_growth_yoy": -0.16774746864975507,
      "rev_growth_yoy_accel": 0.27664786526640106,
      "op_leverage_ratio": 22.47220295837774,
      "fcf_margin_change": 3.7082635288244394
    },
    {
      "date": "2025-03-31T00:00:00",
      "quarter_label": "2025-03 (Q1)",
      "revenue": 4248182,
      "gross_profit": 1488550,
      "operating_income": -10310438,
      "net_income": -14136350,
      "opex": 11798988,
      "cogs": 2759632,
      "rd": 3459480,
      "sga": null,
      "fcf": -6830131,
      "ocf": -6659264,
      "capex": -170867,
      "gross_margin": 0.35039694627019274,
      "op_margin": -2.42702360680404,
      "fcf_margin": -1.6077773974843828,
      "incr_op_margin_yoy": -0.3265764566030935,
      "rev_growth_yoy": 5.796993323296144,
      "rev_growth_yoy_accel": 5.964740791945899,
      "op_leverage_ratio": 0.11313694470644013,
      "fcf_margin_change": 0.36338467836759447
    },
    {
      "date": "2025-06-30T00:00:00",
      "quarter_label": "2025-06 (Q2)",
      "revenue": 6273388,
      "gross_profit": 3332070,
      "operating_income": -9249104,
      "net_income": -10750150,
      "opex": 12581174,
      "cogs": 2941318,
      "rd": 4236928,
      "sga": null,
      "fcf": -8499498,
      "ocf": -8403659,
      "capex": -95839,
      "gross_margin": 0.5311436180896192,
      "op_margin": -1.4743395434811302,
      "fcf_margin": -1.35484972394502,
      "incr_op_margin_yoy": -0.17787741859383163,
      "rev_growth_yoy": 5.549440361809927,
      "rev_growth_yoy_accel": -0.24755296148621753,
      "op_leverage_ratio": 7.191190801943852,
      "fcf_margin_change": 0.25292767353936285
    },
    {
      "date": "2025-09-30T00:00:00",
      "quarter_label": "2025-09 (Q3)",
      "revenue": 10098310,
      "gross_profit": 2604395,
      "operating_income": -15503550,
      "net_income": -7480856,
      "opex": 18107945,
      "cogs": 7493915,
      "rd": 4512756,
      "sga": null,
      "fcf": -11125294,
      "ocf": -10954702,
      "capex": -170592,
      "gross_margin": 0.25790404533035727,
      "op_margin": -1.5352618408426757,
      "fcf_margin": -1.1016986010530474,
      "incr_op_margin_yoy": -0.7940610045723142,
      "rev_growth_yoy": 5.819533060686443,
      "rev_growth_yoy_accel": 0.27009269887651666,
      "op_leverage_ratio": 1.3879382129857587,
      "fcf_margin_change": 0.2531511228919725
    }
  ],
  "signals": [
    {
      "quarter": "2025-09 (Q3)",
      "signal": "FCF MARGIN EXPANSION",
      "detail": "FCF margin: -135.5% -> -110.2% (+25.3%)",
      "severity": "MEDIUM"
    },
    {
      "quarter": "2025-09 (Q3)",
      "signal": "YoY REVENUE GROWTH ACCELERATION",
      "detail": "YoY growth: +582.0% vs prior quarter YoY: +554.9% (accel: +27.0%)",
      "severity": "HIGH"
    },
    {
      "quarter": "2025-06 (Q2)",
      "signal": "FCF MARGIN EXPANSION",
      "detail": "FCF margin: -160.8% -> -135.5% (+25.3%)",
      "severity": "MEDIUM"
    },
    {
      "quarter": "2025-06 (Q2)",
      "signal": "OPERATING LEVERAGE",
      "detail": "Rev growth +47.7% vs OpEx growth +6.6% (leverage: 7.2x)",
      "severity": "MEDIUM"
    },
    {
      "quarter": "2025-06 (Q2)",
      "signal": "YoY REVENUE GROWTH DECELERATION",
      "detail": "YoY growth: +554.9% vs prior quarter YoY: +579.7% (decel: -24.8%)",
      "severity": "WARNING"
    },
    {
      "quarter": "2025-03 (Q1)",
      "signal": "FCF MARGIN EXPANSION",
      "detail": "FCF margin: -197.1% -> -160.8% (+36.3%)",
      "severity": "MEDIUM"
    },
    {
      "quarter": "2025-03 (Q1)",
      "signal": "YoY REVENUE GROWTH ACCELERATION",
      "detail": "YoY growth: +579.7% vs prior quarter YoY: -16.8% (accel: +596.5%)",
      "severity": "HIGH"
    },
    {
      "quarter": "2024-12 (Q4)",
      "signal": "FCF MARGIN EXPANSION",
      "detail": "FCF margin: -567.9% -> -197.1% (+370.8%)",
      "severity": "MEDIUM"
    },
    {
      "quarter": "2024-12 (Q4)",
      "signal": "OPERATING LEVERAGE",
      "detail": "Rev growth +178.8% vs OpEx growth +8.0% (leverage: 22.5x)",
      "severity": "MEDIUM"
    },
    {
      "quarter": "2024-12 (Q4)",
      "signal": "YoY REVENUE GROWTH ACCELERATION",
      "detail": "YoY growth: -16.8% vs prior quarter YoY: -44.4% (accel: +27.7%)",
      "severity": "HIGH"
    },
    {
      "quarter": "2024-09 (Q3)",
      "signal": "FCF MARGIN EXPANSION",
      "detail": "FCF margin: -1035.0% -> -567.9% (+467.0%)",
      "severity": "MEDIUM"
    },
    {
      "quarter": "2024-09 (Q3)",
      "signal": "OPERATING LEVERAGE",
      "detail": "Rev growth +54.6% vs OpEx growth +7.3% (leverage: 7.4x)",
      "severity": "MEDIUM"
    },
    {
      "quarter": "2024-09 (Q3)",
      "signal": "YoY REVENUE GROWTH ACCELERATION",
      "detail": "YoY growth: -44.4% vs prior quarter YoY: -82.5% (accel: +38.0%)",
      "severity": "HIGH"
    },
    {
      "quarter": "2024-06 (Q2)",
      "signal": "FCF MARGIN EXPANSION",
      "detail": "FCF margin: -1383.0% -> -1035.0% (+348.0%)",
      "severity": "MEDIUM"
    },
    {
      "quarter": "2024-06 (Q2)",
      "signal": "GROSS MARGIN INFLECTION",
      "detail": "GM: +34.8% -> -63.2% -> -19.9% (reversal +43.3%)",
      "severity": "HIGH"
    },
    {
      "quarter": "2024-06 (Q2)",
      "signal": "YoY REVENUE GROWTH DECELERATION",
      "detail": "YoY growth: -82.5% vs prior quarter YoY: -75.9% (decel: -6.6%)",
      "severity": "WARNING"
    },
    {
      "quarter": "2024-03 (Q1)",
      "signal": "YoY REVENUE GROWTH DECELERATION",
      "detail": "YoY growth: -75.9% vs prior quarter YoY: +935.9% (decel: -1011.9%)",
      "severity": "WARNING"
    },
    {
      "quarter": "2023-12 (Q4)",
      "signal": "FCF MARGIN EXPANSION",
      "detail": "FCF margin: -235.4% -> -121.5% (+113.9%)",
      "severity": "MEDIUM"
    },
    {
      "quarter": "2023-12 (Q4)",
      "signal": "GROSS MARGIN INFLECTION",
      "detail": "GM: +56.2% -> +20.8% -> +34.8% (reversal +14.0%)",
      "severity": "HIGH"
    },
    {
      "quarter": "2023-12 (Q4)",
      "signal": "YoY REVENUE GROWTH ACCELERATION",
      "detail": "YoY growth: +935.9% vs prior quarter YoY: +321.4% (accel: +614.6%)",
      "severity": "HIGH"
    },
    {
      "quarter": "2023-09 (Q3)",
      "signal": "YoY REVENUE GROWTH DECELERATION",
      "detail": "YoY growth: +321.4% vs prior quarter YoY: +805.1% (decel: -483.7%)",
      "severity": "WARNING"
    },
    {
      "quarter": "2023-06 (Q2)",
      "signal": "FCF MARGIN EXPANSION",
      "detail": "FCF margin: -499.5% -> -163.9% (+335.6%)",
      "severity": "MEDIUM"
    },
    {
      "quarter": "2023-06 (Q2)",
      "signal": "GROSS MARGIN INFLECTION",
      "detail": "GM: +56.1% -> +39.6% -> +56.2% (reversal +16.6%)",
      "severity": "HIGH"
    },
    {
      "quarter": "2023-06 (Q2)",
      "signal": "YoY REVENUE GROWTH ACCELERATION",
      "detail": "YoY growth: +805.1% vs prior quarter YoY: +532.9% (accel: +272.3%)",
      "severity": "HIGH"
    },
    {
      "quarter": "2023-03 (Q1)",
      "signal": "FCF MARGIN EXPANSION",
      "detail": "FCF margin: -2321.8% -> -499.5% (+1822.3%)",
      "severity": "MEDIUM"
    },
    {
      "quarter": "2023-03 (Q1)",
      "signal": "YoY REVENUE GROWTH ACCELERATION",
      "detail": "YoY growth: +532.9% vs prior quarter YoY: -16.2% (accel: +549.0%)",
      "severity": "HIGH"
    },
    {
      "quarter": "2022-12 (Q4)",
      "signal": "YoY REVENUE GROWTH DECELERATION",
      "detail": "YoY growth: -16.2% vs prior quarter YoY: +123.2% (decel: -139.4%)",
      "severity": "WARNING"
    },
    {
      "quarter": "2022-09 (Q3)",
      "signal": "YoY REVENUE GROWTH ACCELERATION",
      "detail": "YoY growth: +123.2% vs prior quarter YoY: -31.9% (accel: +155.1%)",
      "severity": "HIGH"
    },
    {
      "quarter": "2022-06 (Q2)",
      "signal": "FCF MARGIN EXPANSION",
      "detail": "FCF margin: -2110.0% -> -1532.5% (+577.5%)",
      "severity": "MEDIUM"
    },
    {
      "quarter": "2022-06 (Q2)",
      "signal": "OPERATING LEVERAGE",
      "detail": "Rev growth +47.3% vs OpEx growth +15.6% (leverage: 3.0x)",
      "severity": "MEDIUM"
    },
    {
      "quarter": "2022-06 (Q2)",
      "signal": "YoY REVENUE GROWTH ACCELERATION",
      "detail": "YoY growth: -31.9% vs prior quarter YoY: -64.8% (accel: +32.9%)",
      "severity": "HIGH"
    },
    {
      "quarter": "2022-03 (Q1)",
      "signal": "YoY REVENUE GROWTH DECELERATION",
      "detail": "YoY growth: -64.8% vs prior quarter YoY: +194.3% (decel: -259.1%)",
      "severity": "WARNING"
    },
    {
      "quarter": "2021-12 (Q4)",
      "signal": "FCF MARGIN EXPANSION",
      "detail": "FCF margin: -1603.4% -> -1070.5% (+532.9%)",
      "severity": "MEDIUM"
    },
    {
      "quarter": "2021-12 (Q4)",
      "signal": "OPERATING LEVERAGE",
      "detail": "Rev growth +101.6% vs OpEx growth +46.3% (leverage: 2.2x)",
      "severity": "MEDIUM"
    },
    {
      "quarter": "2021-12 (Q4)",
      "signal": "GROSS MARGIN INFLECTION",
      "detail": "GM: +34.6% -> +4.8% -> +29.1% (reversal +24.3%)",
      "severity": "HIGH"
    },
    {
      "quarter": "2021-03 (Q1)",
      "signal": "FCF MARGIN EXPANSION",
      "detail": "FCF margin: -1369.8% -> -268.3% (+1101.6%)",
      "severity": "MEDIUM"
    }
  ],
  "data_quality": {
    "n_quarters": 20,
    "coverage": {
      "revenue": [
        20,
        20
      ],
      "gross_profit": [
        20,
        20
      ],
      "op_income": [
        20,
        20
      ],
      "fcf": [
        20,
        20
      ]
    },
    "gaps": [],
    "warnings": []
  },
  "market_cap": null,
  "source": "SEC EDGAR",
  "last_updated": "2026-02-02T21:02:04.821795"
}