{
  "ticker": "ONEW",
  "name": "OneWater Marine Inc.",
  "quarters": [
    {
      "date": "2020-12-31T00:00:00",
      "quarter_label": "2020-12 (Q4)",
      "revenue": 214083000,
      "gross_profit": 52436000,
      "operating_income": 16036000,
      "net_income": 7788000,
      "opex": 36400000,
      "cogs": 161647000,
      "rd": null,
      "sga": 34860000,
      "fcf": -31038000,
      "ocf": -28615000,
      "capex": -2423000,
      "gross_margin": 0.24493303998916308,
      "op_margin": 0.0749055272954882,
      "fcf_margin": -0.14498115216995278
    },
    {
      "date": "2021-03-31T00:00:00",
      "quarter_label": "2021-03 (Q1)",
      "revenue": 329611000,
      "gross_profit": 88786000,
      "operating_income": 38692000,
      "net_income": 20475000,
      "opex": 50094000,
      "cogs": 240825000,
      "rd": null,
      "sga": 48348000,
      "fcf": 56493000,
      "ocf": 59196000,
      "capex": -2703000,
      "gross_margin": 0.26936601023630885,
      "op_margin": 0.11738685905506795,
      "fcf_margin": 0.1713929450170049,
      "op_leverage_ratio": 1.4344193432506844,
      "fcf_margin_change": 0.31637409718695764
    },
    {
      "date": "2021-06-30T00:00:00",
      "quarter_label": "2021-06 (Q2)",
      "revenue": 404207000,
      "gross_profit": 126952000,
      "operating_income": 64936000,
      "net_income": 34503000,
      "opex": 62016000,
      "cogs": 277255000,
      "rd": null,
      "sga": 60476000,
      "fcf": 119938000,
      "ocf": 122614000,
      "capex": -2676000,
      "gross_margin": 0.314076698325363,
      "op_margin": 0.16065035984037881,
      "fcf_margin": 0.2967242031929185,
      "op_leverage_ratio": 0.9509341353393598,
      "fcf_margin_change": 0.1253312581759136
    },
    {
      "date": "2021-09-30T00:00:00",
      "quarter_label": "2021-09 (Q3)",
      "revenue": 280305000,
      "gross_profit": 89281000,
      "operating_income": 29214000,
      "net_income": 16294000,
      "opex": 60067000,
      "cogs": 191024000,
      "rd": null,
      "sga": 55364000,
      "fcf": 4134000,
      "ocf": 6228000,
      "capex": -2094000,
      "gross_margin": 0.31851376179518737,
      "op_margin": 0.10422218654679724,
      "fcf_margin": 0.014748220688178947,
      "fcf_margin_change": -0.28197598250473954
    },
    {
      "date": "2021-12-31T00:00:00",
      "quarter_label": "2021-12 (Q4)",
      "revenue": 336272000,
      "gross_profit": 100965000,
      "operating_income": 31329000,
      "net_income": 20019000,
      "opex": 69636000,
      "cogs": 235307000,
      "rd": null,
      "sga": 59096000,
      "fcf": -26253000,
      "ocf": -22825000,
      "capex": -3428000,
      "gross_margin": 0.30024801351287056,
      "op_margin": 0.093165651615359,
      "fcf_margin": -0.07807072845791502,
      "incr_op_margin_yoy": 0.1251585658283479,
      "rev_growth_yoy": 0.570755267816688,
      "op_leverage_ratio": 1.2533448209767637,
      "fcf_margin_change": -0.09281894914609397
    },
    {
      "date": "2022-03-31T00:00:00",
      "quarter_label": "2022-03 (Q1)",
      "revenue": 442127000,
      "gross_profit": 142542000,
      "operating_income": 59389000,
      "net_income": 36297000,
      "opex": 83153000,
      "cogs": 299585000,
      "rd": null,
      "sga": 75492000,
      "fcf": -25162000,
      "ocf": -20597000,
      "capex": -4565000,
      "gross_margin": 0.32240057720971577,
      "op_margin": 0.13432565755993187,
      "fcf_margin": -0.05691124948261472,
      "incr_op_margin_yoy": 0.183947171957766,
      "rev_growth_yoy": 0.3413599667486825,
      "rev_growth_yoy_accel": -0.22939530106800543,
      "op_leverage_ratio": 1.6217136508589987,
      "fcf_margin_change": 0.021159478975300294
    },
    {
      "date": "2022-06-30T00:00:00",
      "quarter_label": "2022-06 (Q2)",
      "revenue": 568900000,
      "gross_profit": 183939000,
      "operating_income": 87544000,
      "net_income": 55977000,
      "opex": 96395000,
      "cogs": 384961000,
      "rd": null,
      "sga": 87867000,
      "fcf": 101889000,
      "ocf": 105545000,
      "capex": -3656000,
      "gross_margin": 0.32332395851643525,
      "op_margin": 0.1538829319739849,
      "fcf_margin": 0.1790982597996133,
      "incr_op_margin_yoy": 0.13727359389895138,
      "rev_growth_yoy": 0.4074471743438387,
      "rev_growth_yoy_accel": 0.06608720759515618,
      "op_leverage_ratio": 1.8005453699412517,
      "fcf_margin_change": 0.23600950928222802
    },
    {
      "date": "2022-09-30T00:00:00",
      "quarter_label": "2022-09 (Q3)",
      "revenue": 397523000,
      "gross_profit": 126209000,
      "operating_income": 39571000,
      "net_income": 18651000,
      "opex": 86638000,
      "cogs": 271314000,
      "rd": null,
      "sga": 79658000,
      "fcf": -54430000,
      "ocf": -54676000,
      "capex": 246000,
      "gross_margin": 0.31748854783245245,
      "op_margin": 0.09954392576027048,
      "fcf_margin": -0.13692289502745753,
      "incr_op_margin_yoy": 0.08835673701991162,
      "rev_growth_yoy": 0.41818019657159167,
      "rev_growth_yoy_accel": 0.010733022227752964,
      "fcf_margin_change": -0.3160211548270708
    },
    {
      "date": "2022-12-31T00:00:00",
      "quarter_label": "2022-12 (Q4)",
      "revenue": 366659000,
      "gross_profit": 109988000,
      "operating_income": 26536000,
      "net_income": 8900000,
      "opex": 83452000,
      "cogs": 256671000,
      "rd": null,
      "sga": 77838000,
      "fcf": -144466000,
      "ocf": -138050000,
      "capex": -6416000,
      "gross_margin": 0.2999735449013934,
      "op_margin": 0.07237242233246695,
      "fcf_margin": -0.39400642013423914,
      "incr_op_margin_yoy": -0.15773192483627868,
      "rev_growth_yoy": 0.0903643479088357,
      "rev_growth_yoy_accel": -0.327815848662756,
      "fcf_margin_change": -0.2570835251067816
    },
    {
      "date": "2023-03-31T00:00:00",
      "quarter_label": "2023-03 (Q1)",
      "revenue": 524331000,
      "gross_profit": 146697000,
      "operating_income": 48890000,
      "net_income": 22804000,
      "opex": 97807000,
      "cogs": 377634000,
      "rd": null,
      "sga": 90193000,
      "fcf": -36822000,
      "ocf": -31209000,
      "capex": -5613000,
      "gross_margin": 0.2797793760048519,
      "op_margin": 0.09324262727170432,
      "fcf_margin": -0.07022663165061764,
      "incr_op_margin_yoy": -0.12771884579825799,
      "rev_growth_yoy": 0.1859284775641388,
      "rev_growth_yoy_accel": 0.0955641296553031,
      "op_leverage_ratio": 2.4999180910963266,
      "fcf_margin_change": 0.3237797884836215
    },
    {
      "date": "2023-06-30T00:00:00",
      "quarter_label": "2023-06 (Q2)",
      "revenue": 594339000,
      "gross_profit": 159434000,
      "operating_income": 60080000,
      "net_income": 28570000,
      "opex": 99354000,
      "cogs": 434905000,
      "rd": null,
      "sga": 92841000,
      "fcf": 30090000,
      "ocf": 35062000,
      "capex": -4972000,
      "gross_margin": 0.2682543127743594,
      "op_margin": 0.1010870900277451,
      "fcf_margin": 0.05062767208613266,
      "incr_op_margin_yoy": -1.079602185620504,
      "rev_growth_yoy": 0.04471611882580418,
      "rev_growth_yoy_accel": -0.14121235873833463,
      "op_leverage_ratio": 8.441541503109368,
      "fcf_margin_change": 0.1208543037367503
    },
    {
      "date": "2023-09-30T00:00:00",
      "quarter_label": "2023-09 (Q3)",
      "revenue": 450981000,
      "gross_profit": 119007000,
      "operating_income": -117439000,
      "net_income": -98866000,
      "opex": 236446000,
      "cogs": 331974000,
      "rd": null,
      "sga": 84652000,
      "fcf": 187000,
      "ocf": 4437000,
      "capex": -4250000,
      "gross_margin": 0.263884731285797,
      "op_margin": -0.26040786640678876,
      "fcf_margin": 0.00041465161503477976,
      "incr_op_margin_yoy": -2.937072093980321,
      "rev_growth_yoy": 0.1344777534884774,
      "rev_growth_yoy_accel": 0.08976163466267323,
      "fcf_margin_change": -0.05021302047109788
    },
    {
      "date": "2023-12-31T00:00:00",
      "quarter_label": "2023-12 (Q4)",
      "revenue": 364013000,
      "gross_profit": 91443000,
      "operating_income": 6471000,
      "net_income": -7170000,
      "opex": 84972000,
      "cogs": 272570000,
      "rd": null,
      "sga": 79599000,
      "fcf": -114958000,
      "ocf": -110034000,
      "capex": -4924000,
      "gross_margin": 0.2512080612505597,
      "op_margin": 0.01777683764041394,
      "fcf_margin": -0.31580740248287836,
      "incr_op_margin_yoy": 7.583144368858655,
      "rev_growth_yoy": -0.007216514527121931,
      "rev_growth_yoy_accel": -0.14169426801559934,
      "fcf_margin_change": -0.31622205409791315
    },
    {
      "date": "2024-03-31T00:00:00",
      "quarter_label": "2024-03 (Q1)",
      "revenue": 488321000,
      "gross_profit": 120362000,
      "operating_income": 13855000,
      "net_income": -3969000,
      "opex": 106507000,
      "cogs": 367959000,
      "rd": null,
      "sga": 86511000,
      "fcf": 13807000,
      "ocf": 23706000,
      "capex": -9899000,
      "gross_margin": 0.24648131044947894,
      "op_margin": 0.02837273023277721,
      "fcf_margin": 0.028274434234857808,
      "incr_op_margin_yoy": 0.9729241877256317,
      "rev_growth_yoy": -0.06867799157402481,
      "rev_growth_yoy_accel": -0.06146147704690288,
      "op_leverage_ratio": 1.347451522847922,
      "fcf_margin_change": 0.3440818367177362
    },
    {
      "date": "2024-06-30T00:00:00",
      "quarter_label": "2024-06 (Q2)",
      "revenue": 542441000,
      "gross_profit": 132605000,
      "operating_income": 39999000,
      "net_income": 14683000,
      "opex": 92606000,
      "cogs": 409836000,
      "rd": null,
      "sga": 87059000,
      "fcf": 86911000,
      "ocf": 93835000,
      "capex": -6924000,
      "gross_margin": 0.24445976613124745,
      "op_margin": 0.07373889510564283,
      "fcf_margin": 0.16022203336399718,
      "incr_op_margin_yoy": 0.38693205903888395,
      "rev_growth_yoy": -0.08732053592310113,
      "rev_growth_yoy_accel": -0.01864254434907632,
      "op_leverage_ratio": Infinity,
      "fcf_margin_change": 0.13194759912913936
    },
    {
      "date": "2024-09-30T00:00:00",
      "quarter_label": "2024-09 (Q3)",
      "revenue": 377855000,
      "gross_profit": 90653000,
      "operating_income": 4493000,
      "net_income": -9249000,
      "opex": 86160000,
      "cogs": 287202000,
      "rd": null,
      "sga": 79511000,
      "fcf": 23161000,
      "ocf": 27332000,
      "capex": -4171000,
      "gross_margin": 0.23991478212541847,
      "op_margin": 0.011890804673750513,
      "fcf_margin": 0.06129599978827857,
      "incr_op_margin_yoy": -1.6674233514755354,
      "rev_growth_yoy": -0.16214873797344012,
      "rev_growth_yoy_accel": -0.074828202050339,
      "fcf_margin_change": -0.09892603357571861
    },
    {
      "date": "2024-12-31T00:00:00",
      "quarter_label": "2024-12 (Q4)",
      "revenue": 375814000,
      "gross_profit": 84054000,
      "operating_income": -1973000,
      "net_income": -11971000,
      "opex": 86027000,
      "cogs": 291760000,
      "rd": null,
      "sga": 79060000,
      "fcf": -40045000,
      "ocf": -37442000,
      "capex": -2603000,
      "gross_margin": 0.2236585119234515,
      "op_margin": -0.005249937469067145,
      "fcf_margin": -0.10655537047582049,
      "incr_op_margin_yoy": -0.7155325819845776,
      "rev_growth_yoy": 0.032419171842763855,
      "rev_growth_yoy_accel": 0.19456790981620398,
      "fcf_margin_change": -0.16785137026409908
    },
    {
      "date": "2025-03-31T00:00:00",
      "quarter_label": "2025-03 (Q1)",
      "revenue": 483521000,
      "gross_profit": 110411000,
      "operating_income": 16271000,
      "net_income": -368000,
      "opex": 94140000,
      "cogs": 373110000,
      "rd": null,
      "sga": 87791000,
      "fcf": 23704000,
      "ocf": 28461000,
      "capex": -4757000,
      "gross_margin": 0.22834788975039347,
      "op_margin": 0.0336510720320317,
      "fcf_margin": 0.04902372389203365,
      "incr_op_margin_yoy": -0.5033333333333333,
      "rev_growth_yoy": -0.009829599791940138,
      "rev_growth_yoy_accel": -0.042248771634703995,
      "op_leverage_ratio": 3.0389550546924693,
      "fcf_margin_change": 0.15557909436785414
    },
    {
      "date": "2025-06-30T00:00:00",
      "quarter_label": "2025-06 (Q2)",
      "revenue": 552864000,
      "gross_profit": 128663000,
      "operating_income": 30379000,
      "net_income": 10715000,
      "opex": 98284000,
      "cogs": 424201000,
      "rd": null,
      "sga": 92138000,
      "fcf": 88864000,
      "ocf": 90801000,
      "capex": -1937000,
      "gross_margin": 0.2327208861492157,
      "op_margin": 0.05494841407651791,
      "fcf_margin": 0.16073392371360767,
      "incr_op_margin_yoy": -0.922958841024657,
      "rev_growth_yoy": 0.019214992966977054,
      "rev_growth_yoy_accel": 0.029044592758917194,
      "op_leverage_ratio": 3.257929882008774,
      "fcf_margin_change": 0.11171019982157403
    },
    {
      "date": "2025-09-30T00:00:00",
      "quarter_label": "2025-09 (Q3)",
      "revenue": 460135000,
      "gross_profit": 103894000,
      "operating_income": -130127000,
      "net_income": -112958000,
      "opex": 234021000,
      "cogs": 356241000,
      "rd": null,
      "sga": 84296000,
      "fcf": 7211000,
      "ocf": 9933000,
      "capex": -2722000,
      "gross_margin": 0.225790257207124,
      "op_margin": -0.2828017864322427,
      "fcf_margin": 0.015671487715561736,
      "incr_op_margin_yoy": -1.6361205639280505,
      "rev_growth_yoy": 0.2177554882163793,
      "rev_growth_yoy_accel": 0.19854049524940226,
      "fcf_margin_change": -0.14506243599804594
    }
  ],
  "signals": [
    {
      "quarter": "2025-09 (Q3)",
      "signal": "YoY REVENUE GROWTH ACCELERATION",
      "detail": "YoY growth: +21.8% vs prior quarter YoY: +1.9% (accel: +19.9%)",
      "severity": "HIGH"
    },
    {
      "quarter": "2025-06 (Q2)",
      "signal": "FCF MARGIN EXPANSION",
      "detail": "FCF margin: +4.9% -> +16.1% (+11.2%)",
      "severity": "MEDIUM"
    },
    {
      "quarter": "2025-06 (Q2)",
      "signal": "OPERATING LEVERAGE",
      "detail": "Rev growth +14.3% vs OpEx growth +4.4% (leverage: 3.3x)",
      "severity": "MEDIUM"
    },
    {
      "quarter": "2025-03 (Q1)",
      "signal": "FCF TURNED POSITIVE",
      "detail": "FCF margin: -10.7% -> +4.9%",
      "severity": "HIGH"
    },
    {
      "quarter": "2025-03 (Q1)",
      "signal": "OPERATING LEVERAGE",
      "detail": "Rev growth +28.7% vs OpEx growth +9.4% (leverage: 3.0x)",
      "severity": "MEDIUM"
    },
    {
      "quarter": "2025-03 (Q1)",
      "signal": "OP MARGIN TURNED POSITIVE (QoQ)",
      "detail": "Op margin: -0.5% -> +3.4%",
      "severity": "HIGH"
    },
    {
      "quarter": "2024-12 (Q4)",
      "signal": "YoY REVENUE GROWTH ACCELERATION",
      "detail": "YoY growth: +3.2% vs prior quarter YoY: -16.2% (accel: +19.5%)",
      "severity": "HIGH"
    },
    {
      "quarter": "2024-09 (Q3)",
      "signal": "YoY REVENUE GROWTH DECELERATION",
      "detail": "YoY growth: -16.2% vs prior quarter YoY: -8.7% (decel: -7.5%)",
      "severity": "WARNING"
    },
    {
      "quarter": "2024-09 (Q3)",
      "signal": "OP MARGIN TURNED POSITIVE (YoY)",
      "detail": "Op margin: -26.0% (year-ago) -> +1.2%",
      "severity": "HIGH"
    },
    {
      "quarter": "2024-06 (Q2)",
      "signal": "FCF MARGIN EXPANSION",
      "detail": "FCF margin: +2.8% -> +16.0% (+13.2%)",
      "severity": "MEDIUM"
    },
    {
      "quarter": "2024-06 (Q2)",
      "signal": "INCREMENTAL MARGIN (YoY)",
      "detail": "YoY Incr OPM: +38.7% vs year-ago OPM: +10.1%",
      "severity": "HIGH"
    },
    {
      "quarter": "2024-03 (Q1)",
      "signal": "FCF TURNED POSITIVE",
      "detail": "FCF margin: -31.6% -> +2.8%",
      "severity": "HIGH"
    },
    {
      "quarter": "2024-03 (Q1)",
      "signal": "YoY REVENUE GROWTH DECELERATION",
      "detail": "YoY growth: -6.9% vs prior quarter YoY: -0.7% (decel: -6.1%)",
      "severity": "WARNING"
    },
    {
      "quarter": "2024-03 (Q1)",
      "signal": "INCREMENTAL MARGIN (YoY)",
      "detail": "YoY Incr OPM: +97.3% vs year-ago OPM: +9.3%",
      "severity": "HIGH"
    },
    {
      "quarter": "2023-12 (Q4)",
      "signal": "YoY REVENUE GROWTH DECELERATION",
      "detail": "YoY growth: -0.7% vs prior quarter YoY: +13.4% (decel: -14.2%)",
      "severity": "WARNING"
    },
    {
      "quarter": "2023-12 (Q4)",
      "signal": "INCREMENTAL MARGIN (YoY)",
      "detail": "YoY Incr OPM: +758.3% vs year-ago OPM: +7.2%",
      "severity": "HIGH"
    },
    {
      "quarter": "2023-12 (Q4)",
      "signal": "OP MARGIN TURNED POSITIVE (QoQ)",
      "detail": "Op margin: -26.0% -> +1.8%",
      "severity": "HIGH"
    },
    {
      "quarter": "2023-09 (Q3)",
      "signal": "YoY REVENUE GROWTH ACCELERATION",
      "detail": "YoY growth: +13.4% vs prior quarter YoY: +4.5% (accel: +9.0%)",
      "severity": "MEDIUM"
    },
    {
      "quarter": "2023-06 (Q2)",
      "signal": "FCF TURNED POSITIVE",
      "detail": "FCF margin: -7.0% -> +5.1%",
      "severity": "HIGH"
    },
    {
      "quarter": "2023-06 (Q2)",
      "signal": "OPERATING LEVERAGE",
      "detail": "Rev growth +13.4% vs OpEx growth +1.6% (leverage: 8.4x)",
      "severity": "MEDIUM"
    },
    {
      "quarter": "2023-06 (Q2)",
      "signal": "YoY REVENUE GROWTH DECELERATION",
      "detail": "YoY growth: +4.5% vs prior quarter YoY: +18.6% (decel: -14.1%)",
      "severity": "WARNING"
    },
    {
      "quarter": "2023-03 (Q1)",
      "signal": "FCF MARGIN EXPANSION",
      "detail": "FCF margin: -39.4% -> -7.0% (+32.4%)",
      "severity": "MEDIUM"
    },
    {
      "quarter": "2023-03 (Q1)",
      "signal": "OPERATING LEVERAGE",
      "detail": "Rev growth +43.0% vs OpEx growth +17.2% (leverage: 2.5x)",
      "severity": "MEDIUM"
    },
    {
      "quarter": "2023-03 (Q1)",
      "signal": "YoY REVENUE GROWTH ACCELERATION",
      "detail": "YoY growth: +18.6% vs prior quarter YoY: +9.0% (accel: +9.6%)",
      "severity": "MEDIUM"
    },
    {
      "quarter": "2022-12 (Q4)",
      "signal": "YoY REVENUE GROWTH DECELERATION",
      "detail": "YoY growth: +9.0% vs prior quarter YoY: +41.8% (decel: -32.8%)",
      "severity": "WARNING"
    },
    {
      "quarter": "2022-06 (Q2)",
      "signal": "FCF TURNED POSITIVE",
      "detail": "FCF margin: -5.7% -> +17.9%",
      "severity": "HIGH"
    },
    {
      "quarter": "2022-06 (Q2)",
      "signal": "OPERATING LEVERAGE",
      "detail": "Rev growth +28.7% vs OpEx growth +15.9% (leverage: 1.8x)",
      "severity": "MEDIUM"
    },
    {
      "quarter": "2022-06 (Q2)",
      "signal": "YoY REVENUE GROWTH ACCELERATION",
      "detail": "YoY growth: +40.7% vs prior quarter YoY: +34.1% (accel: +6.6%)",
      "severity": "MEDIUM"
    },
    {
      "quarter": "2022-03 (Q1)",
      "signal": "OPERATING LEVERAGE",
      "detail": "Rev growth +31.5% vs OpEx growth +19.4% (leverage: 1.6x)",
      "severity": "MEDIUM"
    },
    {
      "quarter": "2022-03 (Q1)",
      "signal": "GROSS MARGIN INFLECTION",
      "detail": "GM: +31.9% -> +30.0% -> +32.2% (reversal +2.2%)",
      "severity": "MEDIUM"
    },
    {
      "quarter": "2022-03 (Q1)",
      "signal": "YoY REVENUE GROWTH DECELERATION",
      "detail": "YoY growth: +34.1% vs prior quarter YoY: +57.1% (decel: -22.9%)",
      "severity": "WARNING"
    },
    {
      "quarter": "2021-06 (Q2)",
      "signal": "FCF MARGIN EXPANSION",
      "detail": "FCF margin: +17.1% -> +29.7% (+12.5%)",
      "severity": "MEDIUM"
    },
    {
      "quarter": "2021-03 (Q1)",
      "signal": "FCF TURNED POSITIVE",
      "detail": "FCF margin: -14.5% -> +17.1%",
      "severity": "HIGH"
    }
  ],
  "data_quality": {
    "n_quarters": 20,
    "coverage": {
      "revenue": [
        20,
        20
      ],
      "gross_profit": [
        20,
        20
      ],
      "op_income": [
        20,
        20
      ],
      "fcf": [
        20,
        20
      ]
    },
    "gaps": [],
    "warnings": []
  },
  "market_cap": null,
  "source": "SEC EDGAR",
  "last_updated": "2026-02-02T22:57:09.359673"
}