{
  "ticker": "ONTO",
  "name": "ONTO INNOVATION INC.",
  "quarters": [
    {
      "date": "2020-12-26T00:00:00",
      "quarter_label": "2020-12 (Q4)",
      "revenue": 155128000,
      "gross_profit": 75349000,
      "operating_income": 14711000,
      "net_income": 19914000,
      "opex": 60638000,
      "cogs": 79779000,
      "rd": 21812000,
      "sga": null,
      "fcf": 32687000,
      "ocf": 33125000,
      "capex": -438000,
      "gross_margin": 0.48572146872260324,
      "op_margin": 0.09483136506626785,
      "fcf_margin": 0.2107098654014749
    },
    {
      "date": "2021-03-27T00:00:00",
      "quarter_label": "2021-03 (Q1)",
      "revenue": 169279000,
      "gross_profit": 90469000,
      "operating_income": 27485000,
      "net_income": 24113000,
      "opex": 62984000,
      "cogs": 78810000,
      "rd": 21964000,
      "sga": null,
      "fcf": 47124000,
      "ocf": 50999000,
      "capex": -3875000,
      "gross_margin": 0.5344372308437549,
      "op_margin": 0.16236508958583168,
      "fcf_margin": 0.27838066151146923,
      "op_leverage_ratio": 2.357837108627793,
      "fcf_margin_change": 0.06767079610999432
    },
    {
      "date": "2021-06-26T00:00:00",
      "quarter_label": "2021-06 (Q2)",
      "revenue": 193387000,
      "gross_profit": 105456000,
      "operating_income": 35941000,
      "net_income": 35051000,
      "opex": 69515000,
      "cogs": 87931000,
      "rd": 25507000,
      "sga": null,
      "fcf": 19746000,
      "ocf": 25429000,
      "capex": -5683000,
      "gross_margin": 0.5453106982372135,
      "op_margin": 0.18585013470398734,
      "fcf_margin": 0.10210613950265529,
      "op_leverage_ratio": 1.3734367143540063,
      "fcf_margin_change": -0.17627452200881394
    },
    {
      "date": "2021-09-25T00:00:00",
      "quarter_label": "2021-09 (Q3)",
      "revenue": 200589000,
      "gross_profit": 109358000,
      "operating_income": 43126000,
      "net_income": 36448000,
      "opex": 66232000,
      "cogs": 91231000,
      "rd": 23811000,
      "sga": null,
      "fcf": 48234000,
      "ocf": 49852000,
      "capex": -1618000,
      "gross_margin": 0.5451844318482071,
      "op_margin": 0.214996834322919,
      "fcf_margin": 0.24046183988154884,
      "op_leverage_ratio": Infinity,
      "fcf_margin_change": 0.13835570037889355
    },
    {
      "date": "2022-01-01T00:00:00",
      "quarter_label": "2022-01 (Q1)",
      "revenue": 225644000,
      "gross_profit": 123803000,
      "operating_income": 49855000,
      "net_income": 46737000,
      "opex": 73948000,
      "cogs": 101841000,
      "rd": 24836000,
      "sga": null,
      "fcf": 48138000,
      "ocf": 49001000,
      "capex": -863000,
      "gross_margin": 0.5486651539593341,
      "op_margin": 0.22094538299267874,
      "fcf_margin": 0.21333605147932141,
      "incr_op_margin_yoy": 0.49838334562368825,
      "rev_growth_yoy": 0.45456655149296066,
      "op_leverage_ratio": 1.0721682550539258,
      "fcf_margin_change": -0.02712578840222743
    },
    {
      "date": "2022-04-02T00:00:00",
      "quarter_label": "2022-04 (Q2)",
      "revenue": 241350000,
      "gross_profit": 131023000,
      "operating_income": 58744000,
      "net_income": 53330000,
      "opex": 72279000,
      "cogs": 110327000,
      "rd": 26341000,
      "sga": null,
      "fcf": 42962000,
      "ocf": 45456000,
      "capex": -2494000,
      "gross_margin": 0.5428754920240315,
      "op_margin": 0.24339755541744354,
      "fcf_margin": 0.1780070437124508,
      "incr_op_margin_yoy": 0.43372507666051535,
      "rev_growth_yoy": 0.42575275137494906,
      "rev_growth_yoy_accel": -0.0288138001180116,
      "op_leverage_ratio": Infinity,
      "fcf_margin_change": -0.03532900776687062
    },
    {
      "date": "2022-07-02T00:00:00",
      "quarter_label": "2022-07 (Q3)",
      "revenue": 256310000,
      "gross_profit": 132127000,
      "operating_income": 57451000,
      "net_income": 51575000,
      "opex": 74676000,
      "cogs": 124183000,
      "rd": 25637000,
      "sga": null,
      "fcf": 5524000,
      "ocf": 9932000,
      "capex": -4408000,
      "gross_margin": 0.5154968592719753,
      "op_margin": 0.22414654129764738,
      "fcf_margin": 0.021552026842495416,
      "incr_op_margin_yoy": 0.3418463836752857,
      "rev_growth_yoy": 0.32537347391499943,
      "rev_growth_yoy_accel": -0.10037927745994962,
      "op_leverage_ratio": 1.8690821575446623,
      "fcf_margin_change": -0.1564550168699554
    },
    {
      "date": "2022-10-01T00:00:00",
      "quarter_label": "2022-10 (Q4)",
      "revenue": 254253000,
      "gross_profit": 138849000,
      "operating_income": 59307000,
      "net_income": 52215000,
      "opex": 79542000,
      "cogs": 115404000,
      "rd": 32150000,
      "sga": null,
      "fcf": 28936000,
      "ocf": 31820000,
      "capex": -2884000,
      "gross_margin": 0.5461056506707885,
      "op_margin": 0.2332597845453151,
      "fcf_margin": 0.11380790000511301,
      "incr_op_margin_yoy": 0.30152429934406677,
      "rev_growth_yoy": 0.26753211791274695,
      "rev_growth_yoy_accel": -0.057841356002252486,
      "fcf_margin_change": 0.0922558731626176
    },
    {
      "date": "2022-12-31T00:00:00",
      "quarter_label": "2022-12 (Q4)",
      "revenue": 253270000,
      "gross_profit": 137222000,
      "operating_income": 61212000,
      "net_income": 66214000,
      "opex": 76010000,
      "cogs": 116048000,
      "rd": 27825000,
      "sga": null,
      "fcf": 40876000,
      "ocf": 49495000,
      "capex": -8619000,
      "gross_margin": 0.5418012397836302,
      "op_margin": 0.24168673747384214,
      "fcf_margin": 0.16139297982390335,
      "incr_op_margin_yoy": 0.41109824078766377,
      "rev_growth_yoy": 0.12243179521724486,
      "rev_growth_yoy_accel": -0.1451003226955021,
      "fcf_margin_change": 0.04758507981879034
    },
    {
      "date": "2023-04-01T00:00:00",
      "quarter_label": "2023-04 (Q2)",
      "revenue": 199165000,
      "gross_profit": 104975000,
      "operating_income": 29035000,
      "net_income": 29068000,
      "opex": 75940000,
      "cogs": 94190000,
      "rd": 27242000,
      "sga": null,
      "fcf": 42212000,
      "ocf": 50067000,
      "capex": -7855000,
      "gross_margin": 0.5270755403810911,
      "op_margin": 0.1457836467250772,
      "fcf_margin": 0.2119448698315467,
      "incr_op_margin_yoy": 0.7042550669669314,
      "rev_growth_yoy": -0.1747876527864098,
      "rev_growth_yoy_accel": -0.29721944800365463,
      "fcf_margin_change": 0.050551890007643346
    },
    {
      "date": "2023-07-01T00:00:00",
      "quarter_label": "2023-07 (Q3)",
      "revenue": 190662000,
      "gross_profit": 100461000,
      "operating_income": 24807000,
      "net_income": 25896000,
      "opex": 75654000,
      "cogs": 90201000,
      "rd": 27043000,
      "sga": null,
      "fcf": 27080000,
      "ocf": 31688000,
      "capex": -4608000,
      "gross_margin": 0.5269062529502471,
      "op_margin": 0.13010982786291972,
      "fcf_margin": 0.14203144832216172,
      "incr_op_margin_yoy": 0.49725810382646846,
      "rev_growth_yoy": -0.25612734579220475,
      "rev_growth_yoy_accel": -0.08133969300579497,
      "fcf_margin_change": -0.06991342150938498
    },
    {
      "date": "2023-09-30T00:00:00",
      "quarter_label": "2023-09 (Q3)",
      "revenue": 207185000,
      "gross_profit": 106852000,
      "operating_income": 34006000,
      "net_income": 35886000,
      "opex": 72846000,
      "cogs": 100333000,
      "rd": 26136000,
      "sga": null,
      "fcf": 20985000,
      "ocf": 28632000,
      "capex": -7647000,
      "gross_margin": 0.5157323165287062,
      "op_margin": 0.1641335038733499,
      "fcf_margin": 0.10128629003064894,
      "incr_op_margin_yoy": 0.5375414294212628,
      "rev_growth_yoy": -0.18512269275092133,
      "rev_growth_yoy_accel": 0.07100465304128342,
      "op_leverage_ratio": Infinity,
      "fcf_margin_change": -0.040745158291512776
    },
    {
      "date": "2023-12-30T00:00:00",
      "quarter_label": "2023-12 (Q4)",
      "revenue": 218856000,
      "gross_profit": 107966000,
      "operating_income": 28230000,
      "net_income": 30309000,
      "opex": 79736000,
      "cogs": 110890000,
      "rd": 24021000,
      "sga": null,
      "fcf": 59123000,
      "ocf": 61586000,
      "capex": -2463000,
      "gross_margin": 0.4933198084585298,
      "op_margin": 0.12898892422414737,
      "fcf_margin": 0.2701456665570055,
      "incr_op_margin_yoy": 0.9583890277212762,
      "rev_growth_yoy": -0.13587870651873496,
      "rev_growth_yoy_accel": 0.04924398623218637,
      "op_leverage_ratio": 0.5955747086358003,
      "fcf_margin_change": 0.16885937652635657
    },
    {
      "date": "2024-03-30T00:00:00",
      "quarter_label": "2024-03 (Q1)",
      "revenue": 228846000,
      "gross_profit": 118285000,
      "operating_income": 42738000,
      "net_income": 46853000,
      "opex": 75547000,
      "cogs": 110561000,
      "rd": 26554000,
      "sga": null,
      "fcf": 50156000,
      "ocf": 57131000,
      "capex": -6975000,
      "gross_margin": 0.5168759777317498,
      "op_margin": 0.18675441126346976,
      "fcf_margin": 0.21916922297090619,
      "incr_op_margin_yoy": 0.4616758195478589,
      "rev_growth_yoy": 0.14902718851203775,
      "rev_growth_yoy_accel": 0.2849058950307727,
      "op_leverage_ratio": Infinity,
      "fcf_margin_change": -0.05097644358609932
    },
    {
      "date": "2024-06-29T00:00:00",
      "quarter_label": "2024-06 (Q2)",
      "revenue": 242327000,
      "gross_profit": 128236000,
      "operating_income": 48833000,
      "net_income": 52949000,
      "opex": 79403000,
      "cogs": 114091000,
      "rd": 27044000,
      "sga": null,
      "fcf": 53046000,
      "ocf": 65299000,
      "capex": -12253000,
      "gross_margin": 0.5291857696418476,
      "op_margin": 0.20151695848997428,
      "fcf_margin": 0.21890255728829228,
      "incr_op_margin_yoy": 0.465034355946966,
      "rev_growth_yoy": 0.2709769120223222,
      "rev_growth_yoy_accel": 0.12194972351028446,
      "op_leverage_ratio": 1.154141296047428,
      "fcf_margin_change": -0.0002666656826139091
    },
    {
      "date": "2024-09-28T00:00:00",
      "quarter_label": "2024-09 (Q3)",
      "revenue": 252210000,
      "gross_profit": 136379000,
      "operating_income": 53072000,
      "net_income": 53051000,
      "opex": 83307000,
      "cogs": 115831000,
      "rd": 28277000,
      "sga": null,
      "fcf": 59198000,
      "ocf": 67247000,
      "capex": -8049000,
      "gross_margin": 0.5407358946909322,
      "op_margin": 0.21042781808810118,
      "fcf_margin": 0.23471710082867453,
      "incr_op_margin_yoy": 0.4234536368684064,
      "rev_growth_yoy": 0.21731785602239545,
      "rev_growth_yoy_accel": -0.053659055999926764,
      "op_leverage_ratio": 0.8294956097884129,
      "fcf_margin_change": 0.015814543540382253
    },
    {
      "date": "2024-12-28T00:00:00",
      "quarter_label": "2024-12 (Q4)",
      "revenue": 263939000,
      "gross_profit": 132408000,
      "operating_income": 42461000,
      "net_income": 48817000,
      "opex": 89947000,
      "cogs": 131531000,
      "rd": 34891000,
      "sga": null,
      "fcf": 51373000,
      "ocf": 55999000,
      "capex": -4626000,
      "gross_margin": 0.5016613687253494,
      "op_margin": 0.16087429292374375,
      "fcf_margin": 0.19463967052993306,
      "incr_op_margin_yoy": 0.31566222301089103,
      "rev_growth_yoy": 0.20599389552948058,
      "rev_growth_yoy_accel": -0.01132396049291487,
      "op_leverage_ratio": 0.5834613600112356,
      "fcf_margin_change": -0.04007743029874147
    },
    {
      "date": "2025-03-29T00:00:00",
      "quarter_label": "2025-03 (Q1)",
      "revenue": 266607000,
      "gross_profit": 143233000,
      "operating_income": 63134000,
      "net_income": 64095000,
      "opex": 80099000,
      "cogs": 123374000,
      "rd": 28030000,
      "sga": null,
      "fcf": 83747000,
      "ocf": 91980000,
      "capex": -8233000,
      "gross_margin": 0.5372439583356776,
      "op_margin": 0.23680548522731962,
      "fcf_margin": 0.31412153469338766,
      "incr_op_margin_yoy": 0.5401340006885411,
      "rev_growth_yoy": 0.1650061613486799,
      "rev_growth_yoy_accel": -0.04098773418080068,
      "op_leverage_ratio": Infinity,
      "fcf_margin_change": 0.1194818641634546
    },
    {
      "date": "2025-06-28T00:00:00",
      "quarter_label": "2025-06 (Q2)",
      "revenue": 253597000,
      "gross_profit": 122122000,
      "operating_income": 32247000,
      "net_income": 33911000,
      "opex": 89875000,
      "cogs": 131475000,
      "rd": 35292000,
      "sga": null,
      "fcf": 44171000,
      "ocf": 57943000,
      "capex": -13772000,
      "gross_margin": 0.48155932443995786,
      "op_margin": 0.1271584443033632,
      "fcf_margin": 0.17417792797233406,
      "incr_op_margin_yoy": -1.4716947648624668,
      "rev_growth_yoy": 0.04650740528294412,
      "rev_growth_yoy_accel": -0.11849875606573579,
      "fcf_margin_change": -0.1399436067210536
    },
    {
      "date": "2025-09-27T00:00:00",
      "quarter_label": "2025-09 (Q3)",
      "revenue": 218193000,
      "gross_profit": 110623000,
      "operating_income": 23688000,
      "net_income": 28224000,
      "opex": 86935000,
      "cogs": 107570000,
      "rd": 32493000,
      "sga": null,
      "fcf": 82017000,
      "ocf": 83396000,
      "capex": -1379000,
      "gross_margin": 0.5069960997832195,
      "op_margin": 0.10856443607265127,
      "fcf_margin": 0.37589198553574127,
      "incr_op_margin_yoy": 0.8638033924214363,
      "rev_growth_yoy": -0.1348756988224099,
      "rev_growth_yoy_accel": -0.18138310410535402,
      "fcf_margin_change": 0.2017140575634072
    }
  ],
  "signals": [
    {
      "quarter": "2025-09 (Q3)",
      "signal": "FCF MARGIN EXPANSION",
      "detail": "FCF margin: +17.4% -> +37.6% (+20.2%)",
      "severity": "MEDIUM"
    },
    {
      "quarter": "2025-09 (Q3)",
      "signal": "GROSS MARGIN INFLECTION",
      "detail": "GM: +53.7% -> +48.2% -> +50.7% (reversal +2.5%)",
      "severity": "MEDIUM"
    },
    {
      "quarter": "2025-09 (Q3)",
      "signal": "YoY REVENUE GROWTH DECELERATION",
      "detail": "YoY growth: -13.5% vs prior quarter YoY: +4.7% (decel: -18.1%)",
      "severity": "WARNING"
    },
    {
      "quarter": "2025-09 (Q3)",
      "signal": "INCREMENTAL MARGIN (YoY)",
      "detail": "YoY Incr OPM: +86.4% vs year-ago OPM: +21.0%",
      "severity": "HIGH"
    },
    {
      "quarter": "2025-06 (Q2)",
      "signal": "YoY REVENUE GROWTH DECELERATION",
      "detail": "YoY growth: +4.7% vs prior quarter YoY: +16.5% (decel: -11.8%)",
      "severity": "WARNING"
    },
    {
      "quarter": "2025-03 (Q1)",
      "signal": "FCF MARGIN EXPANSION",
      "detail": "FCF margin: +19.5% -> +31.4% (+11.9%)",
      "severity": "MEDIUM"
    },
    {
      "quarter": "2025-03 (Q1)",
      "signal": "GROSS MARGIN INFLECTION",
      "detail": "GM: +54.1% -> +50.2% -> +53.7% (reversal +3.6%)",
      "severity": "MEDIUM"
    },
    {
      "quarter": "2025-03 (Q1)",
      "signal": "INCREMENTAL MARGIN (YoY)",
      "detail": "YoY Incr OPM: +54.0% vs year-ago OPM: +18.7%",
      "severity": "HIGH"
    },
    {
      "quarter": "2024-12 (Q4)",
      "signal": "INCREMENTAL MARGIN (YoY)",
      "detail": "YoY Incr OPM: +31.6% vs year-ago OPM: +12.9%",
      "severity": "MEDIUM"
    },
    {
      "quarter": "2024-09 (Q3)",
      "signal": "YoY REVENUE GROWTH DECELERATION",
      "detail": "YoY growth: +21.7% vs prior quarter YoY: +27.1% (decel: -5.4%)",
      "severity": "WARNING"
    },
    {
      "quarter": "2024-09 (Q3)",
      "signal": "INCREMENTAL MARGIN (YoY)",
      "detail": "YoY Incr OPM: +42.3% vs year-ago OPM: +16.4%",
      "severity": "HIGH"
    },
    {
      "quarter": "2024-06 (Q2)",
      "signal": "YoY REVENUE GROWTH ACCELERATION",
      "detail": "YoY growth: +27.1% vs prior quarter YoY: +14.9% (accel: +12.2%)",
      "severity": "MEDIUM"
    },
    {
      "quarter": "2024-06 (Q2)",
      "signal": "INCREMENTAL MARGIN (YoY)",
      "detail": "YoY Incr OPM: +46.5% vs year-ago OPM: +13.0%",
      "severity": "HIGH"
    },
    {
      "quarter": "2024-03 (Q1)",
      "signal": "GROSS MARGIN INFLECTION",
      "detail": "GM: +51.6% -> +49.3% -> +51.7% (reversal +2.4%)",
      "severity": "MEDIUM"
    },
    {
      "quarter": "2024-03 (Q1)",
      "signal": "YoY REVENUE GROWTH ACCELERATION",
      "detail": "YoY growth: +14.9% vs prior quarter YoY: -13.6% (accel: +28.5%)",
      "severity": "HIGH"
    },
    {
      "quarter": "2024-03 (Q1)",
      "signal": "INCREMENTAL MARGIN (YoY)",
      "detail": "YoY Incr OPM: +46.2% vs year-ago OPM: +14.6%",
      "severity": "HIGH"
    },
    {
      "quarter": "2023-12 (Q4)",
      "signal": "FCF MARGIN EXPANSION",
      "detail": "FCF margin: +10.1% -> +27.0% (+16.9%)",
      "severity": "MEDIUM"
    },
    {
      "quarter": "2023-12 (Q4)",
      "signal": "INCREMENTAL MARGIN (YoY)",
      "detail": "YoY Incr OPM: +95.8% vs year-ago OPM: +24.2%",
      "severity": "HIGH"
    },
    {
      "quarter": "2023-09 (Q3)",
      "signal": "YoY REVENUE GROWTH ACCELERATION",
      "detail": "YoY growth: -18.5% vs prior quarter YoY: -25.6% (accel: +7.1%)",
      "severity": "MEDIUM"
    },
    {
      "quarter": "2023-09 (Q3)",
      "signal": "INCREMENTAL MARGIN (YoY)",
      "detail": "YoY Incr OPM: +53.8% vs year-ago OPM: +23.3%",
      "severity": "HIGH"
    },
    {
      "quarter": "2023-07 (Q3)",
      "signal": "YoY REVENUE GROWTH DECELERATION",
      "detail": "YoY growth: -25.6% vs prior quarter YoY: -17.5% (decel: -8.1%)",
      "severity": "WARNING"
    },
    {
      "quarter": "2023-07 (Q3)",
      "signal": "INCREMENTAL MARGIN (YoY)",
      "detail": "YoY Incr OPM: +49.7% vs year-ago OPM: +22.4%",
      "severity": "HIGH"
    },
    {
      "quarter": "2023-04 (Q2)",
      "signal": "FCF MARGIN EXPANSION",
      "detail": "FCF margin: +16.1% -> +21.2% (+5.1%)",
      "severity": "MEDIUM"
    },
    {
      "quarter": "2023-04 (Q2)",
      "signal": "YoY REVENUE GROWTH DECELERATION",
      "detail": "YoY growth: -17.5% vs prior quarter YoY: +12.2% (decel: -29.7%)",
      "severity": "WARNING"
    },
    {
      "quarter": "2023-04 (Q2)",
      "signal": "INCREMENTAL MARGIN (YoY)",
      "detail": "YoY Incr OPM: +70.4% vs year-ago OPM: +24.3%",
      "severity": "HIGH"
    },
    {
      "quarter": "2022-12 (Q4)",
      "signal": "YoY REVENUE GROWTH DECELERATION",
      "detail": "YoY growth: +12.2% vs prior quarter YoY: +26.8% (decel: -14.5%)",
      "severity": "WARNING"
    },
    {
      "quarter": "2022-12 (Q4)",
      "signal": "INCREMENTAL MARGIN (YoY)",
      "detail": "YoY Incr OPM: +41.1% vs year-ago OPM: +22.1%",
      "severity": "MEDIUM"
    },
    {
      "quarter": "2022-10 (Q4)",
      "signal": "FCF MARGIN EXPANSION",
      "detail": "FCF margin: +2.2% -> +11.4% (+9.2%)",
      "severity": "MEDIUM"
    },
    {
      "quarter": "2022-10 (Q4)",
      "signal": "GROSS MARGIN INFLECTION",
      "detail": "GM: +54.3% -> +51.5% -> +54.6% (reversal +3.1%)",
      "severity": "MEDIUM"
    },
    {
      "quarter": "2022-10 (Q4)",
      "signal": "YoY REVENUE GROWTH DECELERATION",
      "detail": "YoY growth: +26.8% vs prior quarter YoY: +32.5% (decel: -5.8%)",
      "severity": "WARNING"
    },
    {
      "quarter": "2022-07 (Q3)",
      "signal": "OPERATING LEVERAGE",
      "detail": "Rev growth +6.2% vs OpEx growth +3.3% (leverage: 1.9x)",
      "severity": "MEDIUM"
    },
    {
      "quarter": "2022-07 (Q3)",
      "signal": "YoY REVENUE GROWTH DECELERATION",
      "detail": "YoY growth: +32.5% vs prior quarter YoY: +42.6% (decel: -10.0%)",
      "severity": "WARNING"
    },
    {
      "quarter": "2022-07 (Q3)",
      "signal": "INCREMENTAL MARGIN (YoY)",
      "detail": "YoY Incr OPM: +34.2% vs year-ago OPM: +18.6%",
      "severity": "MEDIUM"
    },
    {
      "quarter": "2022-04 (Q2)",
      "signal": "INCREMENTAL MARGIN (YoY)",
      "detail": "YoY Incr OPM: +43.4% vs year-ago OPM: +16.2%",
      "severity": "HIGH"
    },
    {
      "quarter": "2022-01 (Q1)",
      "signal": "INCREMENTAL MARGIN (YoY)",
      "detail": "YoY Incr OPM: +49.8% vs year-ago OPM: +9.5%",
      "severity": "HIGH"
    },
    {
      "quarter": "2021-09 (Q3)",
      "signal": "FCF MARGIN EXPANSION",
      "detail": "FCF margin: +10.2% -> +24.0% (+13.8%)",
      "severity": "MEDIUM"
    },
    {
      "quarter": "2021-03 (Q1)",
      "signal": "FCF MARGIN EXPANSION",
      "detail": "FCF margin: +21.1% -> +27.8% (+6.8%)",
      "severity": "MEDIUM"
    },
    {
      "quarter": "2021-03 (Q1)",
      "signal": "OPERATING LEVERAGE",
      "detail": "Rev growth +9.1% vs OpEx growth +3.9% (leverage: 2.4x)",
      "severity": "MEDIUM"
    }
  ],
  "data_quality": {
    "n_quarters": 20,
    "coverage": {
      "revenue": [
        20,
        20
      ],
      "gross_profit": [
        20,
        20
      ],
      "op_income": [
        20,
        20
      ],
      "fcf": [
        20,
        20
      ]
    },
    "gaps": [],
    "warnings": []
  },
  "market_cap": null,
  "source": "SEC EDGAR",
  "last_updated": "2026-02-02T20:37:03.947855"
}