{
  "ticker": "OOMA",
  "name": "Ooma, Inc.",
  "quarters": [
    {
      "date": "2021-01-31T00:00:00",
      "quarter_label": "2021-01 (Q1)",
      "revenue": 44262000,
      "gross_profit": 27440000,
      "operating_income": -559000,
      "net_income": -595000,
      "opex": 27999000,
      "cogs": 16822000,
      "rd": 9228000,
      "sga": null,
      "fcf": 1324000,
      "ocf": 2203000,
      "capex": -879000,
      "gross_margin": 0.6199448737065655,
      "op_margin": -0.012629343454882291,
      "fcf_margin": 0.029912792011206002
    },
    {
      "date": "2021-04-30T00:00:00",
      "quarter_label": "2021-04 (Q2)",
      "revenue": 45572000,
      "gross_profit": 28082000,
      "operating_income": -966000,
      "net_income": -887000,
      "opex": 29048000,
      "cogs": 17490000,
      "rd": 9307000,
      "sga": null,
      "fcf": -241000,
      "ocf": 424000,
      "capex": -665000,
      "gross_margin": 0.6162117089440885,
      "op_margin": -0.021197226367067497,
      "fcf_margin": -0.005288334942508558,
      "op_leverage_ratio": 0.7899639890195391,
      "fcf_margin_change": -0.03520112695371456
    },
    {
      "date": "2021-07-31T00:00:00",
      "quarter_label": "2021-07 (Q3)",
      "revenue": 47057000,
      "gross_profit": 29303000,
      "operating_income": -458000,
      "net_income": -439000,
      "opex": 29761000,
      "cogs": 17754000,
      "rd": 9416000,
      "sga": null,
      "fcf": 1493000,
      "ocf": 2570000,
      "capex": -1077000,
      "gross_margin": 0.6227128801241049,
      "op_margin": -0.009732877148989523,
      "fcf_margin": 0.031727479439828295,
      "op_leverage_ratio": 1.3275627895330526,
      "fcf_margin_change": 0.03701581438233685
    },
    {
      "date": "2021-10-31T00:00:00",
      "quarter_label": "2021-10 (Q4)",
      "revenue": 49172000,
      "gross_profit": 30246000,
      "operating_income": -379000,
      "net_income": -326000,
      "opex": 30625000,
      "cogs": 18926000,
      "rd": 9467000,
      "sga": null,
      "fcf": 570000,
      "ocf": 1878000,
      "capex": -1308000,
      "gross_margin": 0.6151061579760839,
      "op_margin": -0.0077076384934515576,
      "fcf_margin": 0.011591962905718702,
      "op_leverage_ratio": 1.5481745099914286,
      "fcf_margin_change": -0.020135516534109592
    },
    {
      "date": "2022-01-31T00:00:00",
      "quarter_label": "2022-01 (Q1)",
      "revenue": 50489000,
      "gross_profit": 30807000,
      "operating_income": -127000,
      "net_income": -99000,
      "opex": 30934000,
      "cogs": 19682000,
      "rd": 10003000,
      "sga": null,
      "fcf": 629000,
      "ocf": 1783000,
      "capex": -1154000,
      "gross_margin": 0.6101725128245756,
      "op_margin": -0.00251539939392739,
      "fcf_margin": 0.012458159202994711,
      "incr_op_margin_yoy": 0.06937530110807773,
      "rev_growth_yoy": 0.1406850119741539,
      "op_leverage_ratio": 2.654517054855593,
      "fcf_margin_change": 0.000866196297276009
    },
    {
      "date": "2022-04-30T00:00:00",
      "quarter_label": "2022-04 (Q2)",
      "revenue": 50337000,
      "gross_profit": 31952000,
      "operating_income": -759000,
      "net_income": -766000,
      "opex": 32711000,
      "cogs": 18385000,
      "rd": 10498000,
      "sga": null,
      "fcf": -640000,
      "ocf": 819000,
      "capex": -1459000,
      "gross_margin": 0.6347617061008801,
      "op_margin": -0.015078371774241612,
      "fcf_margin": -0.012714305580388184,
      "incr_op_margin_yoy": 0.043441762854144805,
      "rev_growth_yoy": 0.10455981743175634,
      "rev_growth_yoy_accel": -0.03612519454239756,
      "fcf_margin_change": -0.025172464783382895
    },
    {
      "date": "2022-07-31T00:00:00",
      "quarter_label": "2022-07 (Q3)",
      "revenue": 52653000,
      "gross_profit": 33817000,
      "operating_income": -1646000,
      "net_income": 338000,
      "opex": 35463000,
      "cogs": 18836000,
      "rd": 11119000,
      "sga": null,
      "fcf": 810000,
      "ocf": 2163000,
      "capex": -1353000,
      "gross_margin": 0.6422615995289918,
      "op_margin": -0.03126127666039922,
      "fcf_margin": 0.015383738818300952,
      "incr_op_margin_yoy": -0.21229449606862044,
      "rev_growth_yoy": 0.11891960813481522,
      "rev_growth_yoy_accel": 0.014359790703058886,
      "op_leverage_ratio": 0.5468857632117666,
      "fcf_margin_change": 0.028098044398689136
    },
    {
      "date": "2022-10-31T00:00:00",
      "quarter_label": "2022-10 (Q4)",
      "revenue": 56679000,
      "gross_profit": 35920000,
      "operating_income": -2855000,
      "net_income": -2810000,
      "opex": 38775000,
      "cogs": 20759000,
      "rd": 12498000,
      "sga": null,
      "fcf": 1394000,
      "ocf": 2489000,
      "capex": -1095000,
      "gross_margin": 0.6337444203320454,
      "op_margin": -0.05037138975634715,
      "fcf_margin": 0.02459464704740733,
      "incr_op_margin_yoy": -0.32982549620354334,
      "rev_growth_yoy": 0.15266818514601807,
      "rev_growth_yoy_accel": 0.033748577011202846,
      "op_leverage_ratio": 0.8187207426142777,
      "fcf_margin_change": 0.009210908229106377
    },
    {
      "date": "2023-01-31T00:00:00",
      "quarter_label": "2023-01 (Q1)",
      "revenue": 56496000,
      "gross_profit": 35959000,
      "operating_income": -497000,
      "net_income": -417000,
      "opex": 36456000,
      "cogs": 20537000,
      "rd": 11824000,
      "sga": null,
      "fcf": 1998000,
      "ocf": 3302000,
      "capex": -1304000,
      "gross_margin": 0.63648753894081,
      "op_margin": -0.00879708297932597,
      "fcf_margin": 0.03536533559898046,
      "incr_op_margin_yoy": -0.061594806059597135,
      "rev_growth_yoy": 0.11897641070332152,
      "rev_growth_yoy_accel": -0.033691774442696554,
      "fcf_margin_change": 0.010770688551573131
    },
    {
      "date": "2023-04-30T00:00:00",
      "quarter_label": "2023-04 (Q2)",
      "revenue": 56852000,
      "gross_profit": 35952000,
      "operating_income": -608000,
      "net_income": -326000,
      "opex": 36560000,
      "cogs": 20900000,
      "rd": 11953000,
      "sga": null,
      "fcf": -90000,
      "ocf": 1284000,
      "capex": -1374000,
      "gross_margin": 0.632378808133399,
      "op_margin": -0.010694434672482938,
      "fcf_margin": -0.001583057764018856,
      "incr_op_margin_yoy": 0.023177283192632386,
      "rev_growth_yoy": 0.12942765758785785,
      "rev_growth_yoy_accel": 0.01045124688453633,
      "fcf_margin_change": -0.036948393362999314
    },
    {
      "date": "2023-07-31T00:00:00",
      "quarter_label": "2023-07 (Q3)",
      "revenue": 58353000,
      "gross_profit": 36588000,
      "operating_income": 6000,
      "net_income": 271000,
      "opex": 36582000,
      "cogs": 21765000,
      "rd": 11768000,
      "sga": null,
      "fcf": 1408000,
      "ocf": 3552000,
      "capex": -2144000,
      "gross_margin": 0.6270114647061847,
      "op_margin": 0.00010282247699347078,
      "fcf_margin": 0.02412900793446781,
      "incr_op_margin_yoy": 0.28982456140350876,
      "rev_growth_yoy": 0.10825593983248817,
      "rev_growth_yoy_accel": -0.021171717755369676,
      "op_leverage_ratio": Infinity,
      "fcf_margin_change": 0.025712065698486667
    },
    {
      "date": "2023-10-31T00:00:00",
      "quarter_label": "2023-10 (Q4)",
      "revenue": 59856000,
      "gross_profit": 36939000,
      "operating_income": -1018000,
      "net_income": 2285000,
      "opex": 37957000,
      "cogs": 22917000,
      "rd": 12540000,
      "sga": null,
      "fcf": 563000,
      "ocf": 1929000,
      "capex": -1366000,
      "gross_margin": 0.6171311146752205,
      "op_margin": -0.017007484629778136,
      "fcf_margin": 0.0094059075113606,
      "incr_op_margin_yoy": 0.5782184450739691,
      "rev_growth_yoy": 0.05605250621923464,
      "rev_growth_yoy_accel": -0.05220343361325353,
      "op_leverage_ratio": 0.6852681376512542,
      "fcf_margin_change": -0.01472310042310721
    },
    {
      "date": "2024-01-31T00:00:00",
      "quarter_label": "2024-01 (Q1)",
      "revenue": 61676000,
      "gross_profit": 37753000,
      "operating_income": -2381000,
      "net_income": -3065000,
      "opex": 40134000,
      "cogs": 23923000,
      "rd": 13674000,
      "sga": null,
      "fcf": 4233000,
      "ocf": 5508000,
      "capex": -1275000,
      "gross_margin": 0.6121181658992153,
      "op_margin": -0.03860496789675076,
      "fcf_margin": 0.06863285556780595,
      "incr_op_margin_yoy": -0.3637065637065637,
      "rev_growth_yoy": 0.09168790710846786,
      "rev_growth_yoy_accel": 0.03563540088923322,
      "op_leverage_ratio": 0.5301480251424426,
      "fcf_margin_change": 0.05922694805644535
    },
    {
      "date": "2024-04-30T00:00:00",
      "quarter_label": "2024-04 (Q2)",
      "revenue": 62499000,
      "gross_profit": 38115000,
      "operating_income": -2737000,
      "net_income": -2139000,
      "opex": 40852000,
      "cogs": 24384000,
      "rd": 13793000,
      "sga": null,
      "fcf": 2135000,
      "ocf": 3585000,
      "capex": -1450000,
      "gross_margin": 0.6098497575961216,
      "op_margin": -0.04379270068321093,
      "fcf_margin": 0.0341605465687451,
      "incr_op_margin_yoy": -0.3770143438994156,
      "rev_growth_yoy": 0.09932807992682756,
      "rev_growth_yoy_accel": 0.0076401728183597,
      "op_leverage_ratio": 0.7458845948664067,
      "fcf_margin_change": -0.03447230899906085
    },
    {
      "date": "2024-07-31T00:00:00",
      "quarter_label": "2024-07 (Q3)",
      "revenue": 64129000,
      "gross_profit": 38700000,
      "operating_income": -1596000,
      "net_income": -2137000,
      "opex": 40296000,
      "cogs": 25429000,
      "rd": 13640000,
      "sga": null,
      "fcf": 5345000,
      "ocf": 7087000,
      "capex": -1742000,
      "gross_margin": 0.6034711285066039,
      "op_margin": -0.02488733646244289,
      "fcf_margin": 0.08334762743844439,
      "incr_op_margin_yoy": -0.2773545706371191,
      "rev_growth_yoy": 0.09898377118571453,
      "rev_growth_yoy_accel": -0.00034430874111303356,
      "op_leverage_ratio": Infinity,
      "fcf_margin_change": 0.049187080869699286
    },
    {
      "date": "2024-10-31T00:00:00",
      "quarter_label": "2024-10 (Q4)",
      "revenue": 65127000,
      "gross_profit": 39270000,
      "operating_income": -2286000,
      "net_income": -2364000,
      "opex": 41556000,
      "cogs": 25857000,
      "rd": 14234000,
      "sga": null,
      "fcf": 6532000,
      "ocf": 8092000,
      "capex": -1560000,
      "gross_margin": 0.6029757243539546,
      "op_margin": -0.03510064950020729,
      "fcf_margin": 0.1002963440662091,
      "incr_op_margin_yoy": -0.2405615632707266,
      "rev_growth_yoy": 0.08806134723336007,
      "rev_growth_yoy_accel": -0.01092242395235446,
      "op_leverage_ratio": 0.4976998000310387,
      "fcf_margin_change": 0.016948716627764718
    },
    {
      "date": "2025-01-31T00:00:00",
      "quarter_label": "2025-01 (Q1)",
      "revenue": 65097000,
      "gross_profit": 39933000,
      "operating_income": -321000,
      "net_income": -261000,
      "opex": 40254000,
      "cogs": 25164000,
      "rd": 12620000,
      "sga": null,
      "fcf": 6147000,
      "ocf": 7842000,
      "capex": -1695000,
      "gross_margin": 0.6134384072998755,
      "op_margin": -0.004931102815797963,
      "fcf_margin": 0.09442831466887874,
      "incr_op_margin_yoy": 0.6021631102016954,
      "rev_growth_yoy": 0.05546728062779687,
      "rev_growth_yoy_accel": -0.032594066605563195,
      "fcf_margin_change": -0.00586802939733036
    },
    {
      "date": "2025-04-30T00:00:00",
      "quarter_label": "2025-04 (Q2)",
      "revenue": 65029000,
      "gross_profit": 40209000,
      "operating_income": -57000,
      "net_income": -141000,
      "opex": 40266000,
      "cogs": 24820000,
      "rd": 12442000,
      "sga": null,
      "fcf": 2480000,
      "ocf": 3703000,
      "capex": -1223000,
      "gross_margin": 0.6183241323102001,
      "op_margin": -0.0008765320087960756,
      "fcf_margin": 0.03813683125989943,
      "incr_op_margin_yoy": 1.0592885375494072,
      "rev_growth_yoy": 0.040480647690363046,
      "rev_growth_yoy_accel": -0.014986632937433825,
      "fcf_margin_change": -0.05629148340897931
    },
    {
      "date": "2025-07-31T00:00:00",
      "quarter_label": "2025-07 (Q3)",
      "revenue": 66364000,
      "gross_profit": 40230000,
      "operating_income": 916000,
      "net_income": 1255000,
      "opex": 39314000,
      "cogs": 26134000,
      "rd": 12495000,
      "sga": null,
      "fcf": 5049000,
      "ocf": 6361000,
      "capex": -1312000,
      "gross_margin": 0.6062021577963956,
      "op_margin": 0.01380266409499126,
      "fcf_margin": 0.0760804050388765,
      "incr_op_margin_yoy": 1.1239373601789708,
      "rev_growth_yoy": 0.03485162718894728,
      "rev_growth_yoy_accel": -0.0056290205014157685,
      "op_leverage_ratio": Infinity,
      "fcf_margin_change": 0.03794357377897707
    },
    {
      "date": "2025-10-31T00:00:00",
      "quarter_label": "2025-10 (Q4)",
      "revenue": 67625000,
      "gross_profit": 40729000,
      "operating_income": 1292000,
      "net_income": 1393000,
      "opex": 39437000,
      "cogs": 26896000,
      "rd": 12101000,
      "sga": null,
      "fcf": 5447000,
      "ocf": 6923000,
      "capex": -1476000,
      "gross_margin": 0.6022772643253235,
      "op_margin": 0.01910536044362292,
      "fcf_margin": 0.08054713493530499,
      "incr_op_margin_yoy": 1.432345876701361,
      "rev_growth_yoy": 0.03835582784405853,
      "rev_growth_yoy_accel": 0.003504200655111256,
      "op_leverage_ratio": 6.073298874450984,
      "fcf_margin_change": 0.00446672989642849
    }
  ],
  "signals": [
    {
      "quarter": "2025-10 (Q4)",
      "signal": "OPERATING LEVERAGE",
      "detail": "Rev growth +1.9% vs OpEx growth +0.3% (leverage: 6.1x)",
      "severity": "MEDIUM"
    },
    {
      "quarter": "2025-10 (Q4)",
      "signal": "OP MARGIN TURNED POSITIVE (YoY)",
      "detail": "Op margin: -3.5% (year-ago) -> +1.9%",
      "severity": "HIGH"
    },
    {
      "quarter": "2025-07 (Q3)",
      "signal": "OP MARGIN TURNED POSITIVE (YoY)",
      "detail": "Op margin: -2.5% (year-ago) -> +1.4%",
      "severity": "HIGH"
    },
    {
      "quarter": "2025-07 (Q3)",
      "signal": "OP MARGIN TURNED POSITIVE (QoQ)",
      "detail": "Op margin: -0.1% -> +1.4%",
      "severity": "HIGH"
    },
    {
      "quarter": "2024-01 (Q1)",
      "signal": "FCF MARGIN EXPANSION",
      "detail": "FCF margin: +0.9% -> +6.9% (+5.9%)",
      "severity": "MEDIUM"
    },
    {
      "quarter": "2023-10 (Q4)",
      "signal": "YoY REVENUE GROWTH DECELERATION",
      "detail": "YoY growth: +5.6% vs prior quarter YoY: +10.8% (decel: -5.2%)",
      "severity": "WARNING"
    },
    {
      "quarter": "2023-07 (Q3)",
      "signal": "FCF TURNED POSITIVE",
      "detail": "FCF margin: -0.2% -> +2.4%",
      "severity": "HIGH"
    },
    {
      "quarter": "2023-07 (Q3)",
      "signal": "OPERATING LEVERAGE",
      "detail": "Rev growth +2.6% vs OpEx growth +0.1% (leverage: 43.9x)",
      "severity": "MEDIUM"
    },
    {
      "quarter": "2023-07 (Q3)",
      "signal": "OP MARGIN TURNED POSITIVE (YoY)",
      "detail": "Op margin: -3.1% (year-ago) -> +0.0%",
      "severity": "HIGH"
    },
    {
      "quarter": "2023-07 (Q3)",
      "signal": "OP MARGIN TURNED POSITIVE (QoQ)",
      "detail": "Op margin: -1.1% -> +0.0%",
      "severity": "HIGH"
    },
    {
      "quarter": "2022-07 (Q3)",
      "signal": "FCF TURNED POSITIVE",
      "detail": "FCF margin: -1.3% -> +1.5%",
      "severity": "HIGH"
    },
    {
      "quarter": "2022-04 (Q2)",
      "signal": "GROSS MARGIN INFLECTION",
      "detail": "GM: +61.5% -> +61.0% -> +63.5% (reversal +2.5%)",
      "severity": "MEDIUM"
    },
    {
      "quarter": "2022-01 (Q1)",
      "signal": "OPERATING LEVERAGE",
      "detail": "Rev growth +2.7% vs OpEx growth +1.0% (leverage: 2.7x)",
      "severity": "MEDIUM"
    },
    {
      "quarter": "2021-10 (Q4)",
      "signal": "OPERATING LEVERAGE",
      "detail": "Rev growth +4.5% vs OpEx growth +2.9% (leverage: 1.5x)",
      "severity": "MEDIUM"
    },
    {
      "quarter": "2021-07 (Q3)",
      "signal": "FCF TURNED POSITIVE",
      "detail": "FCF margin: -0.5% -> +3.2%",
      "severity": "HIGH"
    }
  ],
  "data_quality": {
    "n_quarters": 20,
    "coverage": {
      "revenue": [
        20,
        20
      ],
      "gross_profit": [
        20,
        20
      ],
      "op_income": [
        20,
        20
      ],
      "fcf": [
        20,
        20
      ]
    },
    "gaps": [],
    "warnings": []
  },
  "market_cap": null,
  "source": "SEC EDGAR",
  "last_updated": "2026-02-02T22:41:36.681825"
}