{
  "ticker": "OPADW",
  "name": "Offerpad Solutions Inc.",
  "quarters": [
    {
      "date": "2020-12-31T00:00:00",
      "quarter_label": "2020-12 (Q4)",
      "revenue": 223230000,
      "gross_profit": 25255000,
      "operating_income": 424000,
      "net_income": -216868,
      "opex": 24831000,
      "cogs": 197975000,
      "rd": 1816000,
      "sga": null,
      "fcf": -43763000,
      "ocf": -40972000,
      "capex": -2791000,
      "gross_margin": 0.11313443533575236,
      "op_margin": 0.0018993862832056623,
      "fcf_margin": -0.1960444384715316
    },
    {
      "date": "2021-03-31T00:00:00",
      "quarter_label": "2021-03 (Q1)",
      "revenue": 283972000,
      "gross_profit": 33537000,
      "operating_income": 1444000,
      "net_income": 5164523,
      "opex": 3341086,
      "cogs": 250435000,
      "rd": 2283000,
      "sga": null,
      "fcf": -49102000,
      "ocf": -48112000,
      "capex": -990000,
      "gross_margin": 0.11809967179862803,
      "op_margin": 0.005085008381107997,
      "fcf_margin": -0.17291141380136069,
      "op_leverage_ratio": Infinity,
      "fcf_margin_change": 0.02313302467017092
    },
    {
      "date": "2021-06-30T00:00:00",
      "quarter_label": "2021-06 (Q2)",
      "revenue": 378647000,
      "gross_profit": 50864000,
      "operating_income": -2362784,
      "net_income": 5646642,
      "opex": 39335000,
      "cogs": 327783000,
      "rd": 2603000,
      "sga": null,
      "fcf": -254370000,
      "ocf": -249418000,
      "capex": -4952000,
      "gross_margin": 0.13433092035589878,
      "op_margin": -0.006240070567045296,
      "fcf_margin": -0.6717866508911995,
      "op_leverage_ratio": 0.030946987074975105,
      "fcf_margin_change": -0.49887523708983883
    },
    {
      "date": "2021-09-30T00:00:00",
      "quarter_label": "2021-09 (Q3)",
      "revenue": 540287000,
      "gross_profit": 53122000,
      "operating_income": 3458000,
      "net_income": -15303000,
      "opex": 49664000,
      "cogs": 487165000,
      "rd": 2777000,
      "sga": null,
      "fcf": -414949000,
      "ocf": -407282000,
      "capex": -7667000,
      "gross_margin": 0.09832181784866191,
      "op_margin": 0.006400302061682032,
      "fcf_margin": -0.7680158878521971,
      "op_leverage_ratio": 1.6256805080785903,
      "fcf_margin_change": -0.09622923696099761
    },
    {
      "date": "2021-12-31T00:00:00",
      "quarter_label": "2021-12 (Q4)",
      "revenue": 867540000,
      "gross_profit": 70292000,
      "operating_income": 3335000,
      "net_income": 12806000,
      "opex": 66957000,
      "cogs": 797248000,
      "rd": 3197000,
      "sga": null,
      "fcf": -217186000,
      "ocf": -217108000,
      "capex": -78000,
      "gross_margin": 0.08102450607464785,
      "op_margin": 0.003844203149134334,
      "fcf_margin": -0.2503469580653342,
      "incr_op_margin_yoy": 0.00451801151619562,
      "rev_growth_yoy": 2.8863056040854724,
      "op_leverage_ratio": 1.7395241893157072,
      "fcf_margin_change": 0.5176689297868629
    },
    {
      "date": "2022-03-31T00:00:00",
      "quarter_label": "2022-03 (Q1)",
      "revenue": 1373837000,
      "gross_profit": 132142000,
      "operating_income": 44415000,
      "net_income": 40988000,
      "opex": 87727000,
      "cogs": 1241695000,
      "rd": 3182000,
      "sga": null,
      "fcf": 279446000,
      "ocf": 279827000,
      "capex": -381000,
      "gross_margin": 0.09618462743396779,
      "op_margin": 0.032329162775496655,
      "fcf_margin": 0.20340549861446444,
      "incr_op_margin_yoy": 0.03942781904180793,
      "rev_growth_yoy": 3.837931204484949,
      "rev_growth_yoy_accel": 0.9516256003994767,
      "op_leverage_ratio": 1.8813748594260338,
      "fcf_margin_change": 0.45375245667979863
    },
    {
      "date": "2022-06-30T00:00:00",
      "quarter_label": "2022-06 (Q2)",
      "revenue": 1079531000,
      "gross_profit": 92981000,
      "operating_income": 8378000,
      "net_income": 11558000,
      "opex": 84603000,
      "cogs": 986550000,
      "rd": 3243000,
      "sga": null,
      "fcf": -392650000,
      "ocf": -392306000,
      "capex": -344000,
      "gross_margin": 0.08613092166876171,
      "op_margin": 0.00776077759693793,
      "fcf_margin": -0.3637227647932296,
      "incr_op_margin_yoy": 0.015324624331558432,
      "rev_growth_yoy": 1.8510221921737133,
      "rev_growth_yoy_accel": -1.9869090123112358,
      "fcf_margin_change": -0.5671282634076941
    },
    {
      "date": "2022-09-30T00:00:00",
      "quarter_label": "2022-09 (Q3)",
      "revenue": 821732000,
      "gross_profit": 2159000,
      "operating_income": -70211000,
      "net_income": -80022000,
      "opex": 72370000,
      "cogs": 819573000,
      "rd": 2687000,
      "sga": null,
      "fcf": 20363000,
      "ocf": 20555000,
      "capex": -192000,
      "gross_margin": 0.002627377295760662,
      "op_margin": -0.08544269907950525,
      "fcf_margin": 0.024780585397672233,
      "incr_op_margin_yoy": -0.2617527403222655,
      "rev_growth_yoy": 0.5209175863938981,
      "rev_growth_yoy_accel": -1.3301046057798152,
      "fcf_margin_change": 0.3885033501909019
    },
    {
      "date": "2022-12-31T00:00:00",
      "quarter_label": "2022-12 (Q4)",
      "revenue": 677214000,
      "gross_profit": -44860000,
      "operating_income": -109899000,
      "net_income": -121137000,
      "opex": 65039000,
      "cogs": 722074000,
      "rd": 2978000,
      "sga": null,
      "fcf": 397173000,
      "ocf": 397326000,
      "capex": -153000,
      "gross_margin": -0.06624198554666619,
      "op_margin": -0.16228105148446428,
      "fcf_margin": 0.5864807874615705,
      "incr_op_margin_yoy": 0.5949476161953701,
      "rev_growth_yoy": -0.21938584964382046,
      "rev_growth_yoy_accel": -0.7403034360377185,
      "fcf_margin_change": 0.5617002020638983
    },
    {
      "date": "2023-03-31T00:00:00",
      "quarter_label": "2023-03 (Q1)",
      "revenue": 609579000,
      "gross_profit": 7285000,
      "operating_income": -51786000,
      "net_income": -59447000,
      "opex": 59071000,
      "cogs": 602294000,
      "rd": 2241000,
      "sga": null,
      "fcf": 426368000,
      "ocf": 426443000,
      "capex": -75000,
      "gross_margin": 0.011950871010976428,
      "op_margin": -0.08495371395668158,
      "fcf_margin": 0.6994466672900477,
      "incr_op_margin_yoy": 0.12587503173012254,
      "rev_growth_yoy": -0.5562945240228644,
      "rev_growth_yoy_accel": -0.3369086743790439,
      "fcf_margin_change": 0.11296587982847717
    },
    {
      "date": "2023-06-30T00:00:00",
      "quarter_label": "2023-06 (Q2)",
      "revenue": 230147000,
      "gross_profit": 22231000,
      "operating_income": -21834000,
      "net_income": -22344000,
      "opex": 44065000,
      "cogs": 207916000,
      "rd": 2312000,
      "sga": null,
      "fcf": -54963000,
      "ocf": -54948000,
      "capex": -15000,
      "gross_margin": 0.09659478507214954,
      "op_margin": -0.09486980060569984,
      "fcf_margin": -0.2388169300490556,
      "incr_op_margin_yoy": 0.035569306697559644,
      "rev_growth_yoy": -0.786808345475952,
      "rev_growth_yoy_accel": -0.23051382145308763,
      "fcf_margin_change": -0.9382635973391033
    },
    {
      "date": "2023-09-30T00:00:00",
      "quarter_label": "2023-09 (Q3)",
      "revenue": 234228000,
      "gross_profit": 23973000,
      "operating_income": -19542000,
      "net_income": -19986000,
      "opex": 43515000,
      "cogs": 210255000,
      "rd": 2156000,
      "sga": null,
      "fcf": -94540000,
      "ocf": -94540000,
      "capex": null,
      "gross_margin": 0.10234899328859061,
      "op_margin": -0.08343152825452124,
      "fcf_margin": -0.4036238195262735,
      "incr_op_margin_yoy": -0.08624451918625235,
      "rev_growth_yoy": -0.7149581615417192,
      "rev_growth_yoy_accel": 0.07185018393423281,
      "op_leverage_ratio": Infinity,
      "fcf_margin_change": -0.16480688947721792
    },
    {
      "date": "2023-12-31T00:00:00",
      "quarter_label": "2023-12 (Q4)",
      "revenue": 240458000,
      "gross_profit": 16692000,
      "operating_income": -11251000,
      "net_income": -15441000,
      "opex": 27943000,
      "cogs": 223766000,
      "rd": 1236000,
      "sga": null,
      "fcf": -15360000,
      "ocf": -15323000,
      "capex": -37000,
      "gross_margin": 0.06941752821698592,
      "op_margin": -0.04678987598665879,
      "fcf_margin": -0.06387809929384758,
      "incr_op_margin_yoy": -0.2258652428358168,
      "rev_growth_yoy": -0.6449305537097579,
      "rev_growth_yoy_accel": 0.07002760783196127,
      "op_leverage_ratio": Infinity,
      "fcf_margin_change": 0.33974572023242594
    },
    {
      "date": "2024-03-31T00:00:00",
      "quarter_label": "2024-03 (Q1)",
      "revenue": 285358000,
      "gross_profit": 22595000,
      "operating_income": -13585000,
      "net_income": -17515000,
      "opex": 36180000,
      "cogs": 262763000,
      "rd": 1773000,
      "sga": null,
      "fcf": 2033000,
      "ocf": 2386000,
      "capex": -353000,
      "gross_margin": 0.07918123900503929,
      "op_margin": -0.04760686576160472,
      "fcf_margin": 0.007124384106981406,
      "incr_op_margin_yoy": -0.11782395341449196,
      "rev_growth_yoy": -0.5318769183321604,
      "rev_growth_yoy_accel": 0.1130536353775975,
      "op_leverage_ratio": 0.6334481545154361,
      "fcf_margin_change": 0.07100248340082899
    },
    {
      "date": "2024-06-30T00:00:00",
      "quarter_label": "2024-06 (Q2)",
      "revenue": 251122000,
      "gross_profit": 21871000,
      "operating_income": -9861000,
      "net_income": -13782000,
      "opex": 31732000,
      "cogs": 229251000,
      "rd": 964000,
      "sga": null,
      "fcf": -54394000,
      "ocf": -54385000,
      "capex": -9000,
      "gross_margin": 0.08709312605028631,
      "op_margin": -0.03926776626500267,
      "fcf_margin": -0.21660388177857776,
      "incr_op_margin_yoy": 0.5708224076281287,
      "rev_growth_yoy": 0.09113740348559833,
      "rev_growth_yoy_accel": 0.6230143218177587,
      "fcf_margin_change": -0.22372826588555916
    },
    {
      "date": "2024-09-30T00:00:00",
      "quarter_label": "2024-09 (Q3)",
      "revenue": 208067000,
      "gross_profit": 17140000,
      "operating_income": -8925000,
      "net_income": -13537000,
      "opex": 26065000,
      "cogs": 190927000,
      "rd": 947000,
      "sga": null,
      "fcf": 38712000,
      "ocf": 39595000,
      "capex": -883000,
      "gross_margin": 0.08237731115458001,
      "op_margin": -0.042894836759313104,
      "fcf_margin": 0.18605545329148784,
      "incr_op_margin_yoy": -0.4058331103551088,
      "rev_growth_yoy": -0.11169031883463976,
      "rev_growth_yoy_accel": -0.2028277223202381,
      "fcf_margin_change": 0.40265933507006557
    },
    {
      "date": "2024-12-31T00:00:00",
      "quarter_label": "2024-12 (Q4)",
      "revenue": 174272000,
      "gross_profit": 10589000,
      "operating_income": -13670000,
      "net_income": -17325000,
      "opex": 24259000,
      "cogs": 163683000,
      "rd": 840000,
      "sga": null,
      "fcf": 29074000,
      "ocf": 33237000,
      "capex": -4163000,
      "gross_margin": 0.06076133859713551,
      "op_margin": -0.07844059860448035,
      "fcf_margin": 0.16683116048475946,
      "incr_op_margin_yoy": 0.03654851479164778,
      "rev_growth_yoy": -0.2752497317618877,
      "rev_growth_yoy_accel": -0.16355941292724796,
      "fcf_margin_change": -0.019224292806728382
    },
    {
      "date": "2025-03-31T00:00:00",
      "quarter_label": "2025-03 (Q1)",
      "revenue": 160698000,
      "gross_profit": 10507000,
      "operating_income": -11537000,
      "net_income": -15057000,
      "opex": 22044000,
      "cogs": 150191000,
      "rd": 1020000,
      "sga": null,
      "fcf": -11170000,
      "ocf": -10176000,
      "capex": -994000,
      "gross_margin": 0.06538351441834994,
      "op_margin": -0.0717930528071289,
      "fcf_margin": -0.06950926582782611,
      "incr_op_margin_yoy": -0.016428686025990694,
      "rev_growth_yoy": -0.4368547578830802,
      "rev_growth_yoy_accel": -0.16160502612119249,
      "fcf_margin_change": -0.23634042631258556
    },
    {
      "date": "2025-06-30T00:00:00",
      "quarter_label": "2025-06 (Q2)",
      "revenue": 160315000,
      "gross_profit": 14189000,
      "operating_income": -7781000,
      "net_income": -10903000,
      "opex": 21970000,
      "cogs": 146126000,
      "rd": 986000,
      "sga": null,
      "fcf": -13555000,
      "ocf": -13470000,
      "capex": -85000,
      "gross_margin": 0.08850700184012725,
      "op_margin": -0.04853569534978012,
      "fcf_margin": -0.08455228768362287,
      "incr_op_margin_yoy": -0.022905723127071703,
      "rev_growth_yoy": -0.3616051162383224,
      "rev_growth_yoy_accel": 0.07524964164475778,
      "fcf_margin_change": -0.015043021855796757
    },
    {
      "date": "2025-09-30T00:00:00",
      "quarter_label": "2025-09 (Q3)",
      "revenue": 132681000,
      "gross_profit": 9336000,
      "operating_income": -6742000,
      "net_income": -11604000,
      "opex": 16078000,
      "cogs": 123345000,
      "rd": 788000,
      "sga": null,
      "fcf": 39953000,
      "ocf": 39953000,
      "capex": null,
      "gross_margin": 0.07036425712799874,
      "op_margin": -0.050813605565227876,
      "fcf_margin": 0.30112073318711796,
      "incr_op_margin_yoy": -0.02895763139044385,
      "rev_growth_yoy": -0.36231598475491067,
      "rev_growth_yoy_accel": -0.0007108685165882478,
      "fcf_margin_change": 0.38567302087074085
    }
  ],
  "signals": [
    {
      "quarter": "2025-09 (Q3)",
      "signal": "FCF TURNED POSITIVE",
      "detail": "FCF margin: -8.5% -> +30.1%",
      "severity": "HIGH"
    },
    {
      "quarter": "2025-06 (Q2)",
      "signal": "YoY REVENUE GROWTH ACCELERATION",
      "detail": "YoY growth: -36.2% vs prior quarter YoY: -43.7% (accel: +7.5%)",
      "severity": "MEDIUM"
    },
    {
      "quarter": "2025-03 (Q1)",
      "signal": "YoY REVENUE GROWTH DECELERATION",
      "detail": "YoY growth: -43.7% vs prior quarter YoY: -27.5% (decel: -16.2%)",
      "severity": "WARNING"
    },
    {
      "quarter": "2024-12 (Q4)",
      "signal": "YoY REVENUE GROWTH DECELERATION",
      "detail": "YoY growth: -27.5% vs prior quarter YoY: -11.2% (decel: -16.4%)",
      "severity": "WARNING"
    },
    {
      "quarter": "2024-09 (Q3)",
      "signal": "FCF TURNED POSITIVE",
      "detail": "FCF margin: -21.7% -> +18.6%",
      "severity": "HIGH"
    },
    {
      "quarter": "2024-09 (Q3)",
      "signal": "YoY REVENUE GROWTH DECELERATION",
      "detail": "YoY growth: -11.2% vs prior quarter YoY: +9.1% (decel: -20.3%)",
      "severity": "WARNING"
    },
    {
      "quarter": "2024-06 (Q2)",
      "signal": "YoY REVENUE GROWTH ACCELERATION",
      "detail": "YoY growth: +9.1% vs prior quarter YoY: -53.2% (accel: +62.3%)",
      "severity": "HIGH"
    },
    {
      "quarter": "2024-03 (Q1)",
      "signal": "FCF TURNED POSITIVE",
      "detail": "FCF margin: -6.4% -> +0.7%",
      "severity": "HIGH"
    },
    {
      "quarter": "2024-03 (Q1)",
      "signal": "YoY REVENUE GROWTH ACCELERATION",
      "detail": "YoY growth: -53.2% vs prior quarter YoY: -64.5% (accel: +11.3%)",
      "severity": "MEDIUM"
    },
    {
      "quarter": "2023-12 (Q4)",
      "signal": "FCF MARGIN EXPANSION",
      "detail": "FCF margin: -40.4% -> -6.4% (+34.0%)",
      "severity": "MEDIUM"
    },
    {
      "quarter": "2023-12 (Q4)",
      "signal": "YoY REVENUE GROWTH ACCELERATION",
      "detail": "YoY growth: -64.5% vs prior quarter YoY: -71.5% (accel: +7.0%)",
      "severity": "MEDIUM"
    },
    {
      "quarter": "2023-09 (Q3)",
      "signal": "YoY REVENUE GROWTH ACCELERATION",
      "detail": "YoY growth: -71.5% vs prior quarter YoY: -78.7% (accel: +7.2%)",
      "severity": "MEDIUM"
    },
    {
      "quarter": "2023-06 (Q2)",
      "signal": "YoY REVENUE GROWTH DECELERATION",
      "detail": "YoY growth: -78.7% vs prior quarter YoY: -55.6% (decel: -23.1%)",
      "severity": "WARNING"
    },
    {
      "quarter": "2023-03 (Q1)",
      "signal": "FCF MARGIN EXPANSION",
      "detail": "FCF margin: +58.6% -> +69.9% (+11.3%)",
      "severity": "MEDIUM"
    },
    {
      "quarter": "2023-03 (Q1)",
      "signal": "GROSS MARGIN INFLECTION",
      "detail": "GM: +0.3% -> -6.6% -> +1.2% (reversal +7.8%)",
      "severity": "HIGH"
    },
    {
      "quarter": "2023-03 (Q1)",
      "signal": "YoY REVENUE GROWTH DECELERATION",
      "detail": "YoY growth: -55.6% vs prior quarter YoY: -21.9% (decel: -33.7%)",
      "severity": "WARNING"
    },
    {
      "quarter": "2022-12 (Q4)",
      "signal": "FCF MARGIN EXPANSION",
      "detail": "FCF margin: +2.5% -> +58.6% (+56.2%)",
      "severity": "MEDIUM"
    },
    {
      "quarter": "2022-12 (Q4)",
      "signal": "YoY REVENUE GROWTH DECELERATION",
      "detail": "YoY growth: -21.9% vs prior quarter YoY: +52.1% (decel: -74.0%)",
      "severity": "WARNING"
    },
    {
      "quarter": "2022-09 (Q3)",
      "signal": "FCF TURNED POSITIVE",
      "detail": "FCF margin: -36.4% -> +2.5%",
      "severity": "HIGH"
    },
    {
      "quarter": "2022-09 (Q3)",
      "signal": "YoY REVENUE GROWTH DECELERATION",
      "detail": "YoY growth: +52.1% vs prior quarter YoY: +185.1% (decel: -133.0%)",
      "severity": "WARNING"
    },
    {
      "quarter": "2022-06 (Q2)",
      "signal": "YoY REVENUE GROWTH DECELERATION",
      "detail": "YoY growth: +185.1% vs prior quarter YoY: +383.8% (decel: -198.7%)",
      "severity": "WARNING"
    },
    {
      "quarter": "2022-06 (Q2)",
      "signal": "OP MARGIN TURNED POSITIVE (YoY)",
      "detail": "Op margin: -0.6% (year-ago) -> +0.8%",
      "severity": "HIGH"
    },
    {
      "quarter": "2022-03 (Q1)",
      "signal": "FCF TURNED POSITIVE",
      "detail": "FCF margin: -25.0% -> +20.3%",
      "severity": "HIGH"
    },
    {
      "quarter": "2022-03 (Q1)",
      "signal": "OPERATING LEVERAGE",
      "detail": "Rev growth +58.4% vs OpEx growth +31.0% (leverage: 1.9x)",
      "severity": "MEDIUM"
    },
    {
      "quarter": "2022-03 (Q1)",
      "signal": "YoY REVENUE GROWTH ACCELERATION",
      "detail": "YoY growth: +383.8% vs prior quarter YoY: +288.6% (accel: +95.2%)",
      "severity": "HIGH"
    },
    {
      "quarter": "2021-12 (Q4)",
      "signal": "FCF MARGIN EXPANSION",
      "detail": "FCF margin: -76.8% -> -25.0% (+51.8%)",
      "severity": "MEDIUM"
    },
    {
      "quarter": "2021-12 (Q4)",
      "signal": "OPERATING LEVERAGE",
      "detail": "Rev growth +60.6% vs OpEx growth +34.8% (leverage: 1.7x)",
      "severity": "MEDIUM"
    },
    {
      "quarter": "2021-09 (Q3)",
      "signal": "OPERATING LEVERAGE",
      "detail": "Rev growth +42.7% vs OpEx growth +26.3% (leverage: 1.6x)",
      "severity": "MEDIUM"
    },
    {
      "quarter": "2021-09 (Q3)",
      "signal": "OP MARGIN TURNED POSITIVE (QoQ)",
      "detail": "Op margin: -0.6% -> +0.6%",
      "severity": "HIGH"
    }
  ],
  "data_quality": {
    "n_quarters": 20,
    "coverage": {
      "revenue": [
        20,
        20
      ],
      "gross_profit": [
        20,
        20
      ],
      "op_income": [
        20,
        20
      ],
      "fcf": [
        20,
        20
      ]
    },
    "gaps": [],
    "warnings": []
  },
  "market_cap": null,
  "source": "SEC EDGAR",
  "last_updated": "2026-02-03T01:12:24.895008"
}