{
  "ticker": "OPCH",
  "name": "OPTION CARE HEALTH,\u00a0INC.",
  "quarters": [
    {
      "date": "2020-12-31T00:00:00",
      "quarter_label": "2020-12 (Q4)",
      "revenue": 804713000,
      "gross_profit": 183762000,
      "operating_income": 44343000,
      "net_income": 17839000,
      "opex": 139419000,
      "cogs": 620951000,
      "rd": null,
      "sga": 123001000,
      "fcf": 11660000,
      "ocf": 25664000,
      "capex": -14004000,
      "gross_margin": 0.22835719070028693,
      "op_margin": 0.05510411786562414,
      "fcf_margin": 0.014489637920600264
    },
    {
      "date": "2021-03-31T00:00:00",
      "quarter_label": "2021-03 (Q1)",
      "revenue": 759237000,
      "gross_profit": 165473000,
      "operating_income": 29094000,
      "net_income": -2861000,
      "opex": 136379000,
      "cogs": 593764000,
      "rd": null,
      "sga": 120040000,
      "fcf": 15257000,
      "ocf": 18380000,
      "capex": -3123000,
      "gross_margin": 0.2179464383321677,
      "op_margin": 0.0383200502609857,
      "fcf_margin": 0.020095174497554782,
      "fcf_margin_change": 0.005605536576954518
    },
    {
      "date": "2021-06-30T00:00:00",
      "quarter_label": "2021-06 (Q2)",
      "revenue": 860272000,
      "gross_profit": 198968000,
      "operating_income": 48092000,
      "net_income": 31816000,
      "opex": 150876000,
      "cogs": 661304000,
      "rd": null,
      "sga": 134257000,
      "fcf": 69969000,
      "ocf": 73654000,
      "capex": -3685000,
      "gross_margin": 0.2312849889337326,
      "op_margin": 0.05590324920490264,
      "fcf_margin": 0.08133357821712203,
      "op_leverage_ratio": 1.251883294390003,
      "fcf_margin_change": 0.06123840371956725
    },
    {
      "date": "2021-09-30T00:00:00",
      "quarter_label": "2021-09 (Q3)",
      "revenue": 891937000,
      "gross_profit": 202968000,
      "operating_income": 52883000,
      "net_income": 35476000,
      "opex": 150085000,
      "cogs": 688969000,
      "rd": null,
      "sga": 134633000,
      "fcf": 46289000,
      "ocf": 51225000,
      "capex": -4936000,
      "gross_margin": 0.2275586728659087,
      "op_margin": 0.05929006196625995,
      "fcf_margin": 0.05189716314044602,
      "op_leverage_ratio": Infinity,
      "fcf_margin_change": -0.029436415076676013
    },
    {
      "date": "2021-12-31T00:00:00",
      "quarter_label": "2021-12 (Q4)",
      "revenue": 927194000,
      "gross_profit": 212197000,
      "operating_income": 60772000,
      "net_income": 75467000,
      "opex": 151425000,
      "cogs": 714997000,
      "rd": null,
      "sga": 136777000,
      "fcf": 51422000,
      "ocf": 65310000,
      "capex": -13888000,
      "gross_margin": 0.22885933256686303,
      "op_margin": 0.06554399618634288,
      "fcf_margin": 0.05545980668554801,
      "incr_op_margin_yoy": 0.1341350903405426,
      "rev_growth_yoy": 0.15220457479871705,
      "op_leverage_ratio": 4.427348070514117,
      "fcf_margin_change": 0.0035626435451019886
    },
    {
      "date": "2022-03-31T00:00:00",
      "quarter_label": "2022-03 (Q1)",
      "revenue": 915784000,
      "gross_profit": 200936000,
      "operating_income": 52245000,
      "net_income": 30275000,
      "opex": 148691000,
      "cogs": 714848000,
      "rd": null,
      "sga": 133969000,
      "fcf": 27322000,
      "ocf": 32681000,
      "capex": -5359000,
      "gross_margin": 0.21941418500432416,
      "op_margin": 0.05704947891642571,
      "fcf_margin": 0.029834546137517143,
      "incr_op_margin_yoy": 0.1478852996224776,
      "rev_growth_yoy": 0.20618989854287922,
      "rev_growth_yoy_accel": 0.05398532374416218,
      "fcf_margin_change": -0.025625260548030864
    },
    {
      "date": "2022-06-30T00:00:00",
      "quarter_label": "2022-06 (Q2)",
      "revenue": 980820000,
      "gross_profit": 216900000,
      "operating_income": 59076000,
      "net_income": 33929000,
      "opex": 157824000,
      "cogs": 763920000,
      "rd": null,
      "sga": 141787000,
      "fcf": 99577000,
      "ocf": 104273000,
      "capex": -4696000,
      "gross_margin": 0.22114149385208295,
      "op_margin": 0.06023123508900716,
      "fcf_margin": 0.10152423482392284,
      "incr_op_margin_yoy": 0.0911172313103494,
      "rev_growth_yoy": 0.14012777354139155,
      "rev_growth_yoy_accel": -0.06606212500148767,
      "op_leverage_ratio": 1.1561974187159274,
      "fcf_margin_change": 0.0716896886864057
    },
    {
      "date": "2022-09-30T00:00:00",
      "quarter_label": "2022-09 (Q3)",
      "revenue": 1020918000,
      "gross_profit": 218001000,
      "operating_income": 60718000,
      "net_income": 38823000,
      "opex": 157283000,
      "cogs": 802917000,
      "rd": null,
      "sga": 142015000,
      "fcf": 80082000,
      "ocf": 87138000,
      "capex": -7056000,
      "gross_margin": 0.21353428972748056,
      "op_margin": 0.05947392444838861,
      "fcf_margin": 0.07844116765499286,
      "incr_op_margin_yoy": 0.06074538110264303,
      "rev_growth_yoy": 0.1446077469597068,
      "rev_growth_yoy_accel": 0.004479973418315242,
      "op_leverage_ratio": Infinity,
      "fcf_margin_change": -0.02308306716892998
    },
    {
      "date": "2022-12-31T00:00:00",
      "quarter_label": "2022-12 (Q4)",
      "revenue": 1027213000,
      "gross_profit": 231081000,
      "operating_income": 68192000,
      "net_income": 47529000,
      "opex": 162889000,
      "cogs": 280809000,
      "rd": null,
      "sga": 148351000,
      "fcf": 25208000,
      "ocf": 43455000,
      "capex": -18247000,
      "gross_margin": 0.22495918568008777,
      "op_margin": 0.06638545267631932,
      "fcf_margin": 0.024540187867560088,
      "incr_op_margin_yoy": 0.07418590467811116,
      "rev_growth_yoy": 0.10787278606203232,
      "rev_growth_yoy_accel": -0.036734960897674473,
      "fcf_margin_change": -0.05390097978743277
    },
    {
      "date": "2023-03-31T00:00:00",
      "quarter_label": "2023-03 (Q1)",
      "revenue": 1015848000,
      "gross_profit": 229005000,
      "operating_income": 66625000,
      "net_income": 39208000,
      "opex": 162380000,
      "cogs": 786843000,
      "rd": null,
      "sga": 147866000,
      "fcf": 83992000,
      "ocf": 89752000,
      "capex": -5760000,
      "gross_margin": 0.22543234814657312,
      "op_margin": 0.06558559942038572,
      "fcf_margin": 0.082681661035903,
      "incr_op_margin_yoy": 0.14370802686280781,
      "rev_growth_yoy": 0.10926594044010378,
      "rev_growth_yoy_accel": 0.0013931543780714567,
      "fcf_margin_change": 0.05814147316834292
    },
    {
      "date": "2023-06-30T00:00:00",
      "quarter_label": "2023-06 (Q2)",
      "revenue": 1069072000,
      "gross_profit": 250829000,
      "operating_income": 82367000,
      "net_income": 114403000,
      "opex": 168462000,
      "cogs": 818243000,
      "rd": null,
      "sga": 153564000,
      "fcf": 161742000,
      "ocf": 169536000,
      "capex": -7794000,
      "gross_margin": 0.23462311238157954,
      "op_margin": 0.07704532529146774,
      "fcf_margin": 0.15129196162653216,
      "incr_op_margin_yoy": 0.26391469881702395,
      "rev_growth_yoy": 0.08997777369955752,
      "rev_growth_yoy_accel": -0.01928816674054626,
      "op_leverage_ratio": 1.3988298839530742,
      "fcf_margin_change": 0.06861030059062916
    },
    {
      "date": "2023-09-30T00:00:00",
      "quarter_label": "2023-09 (Q3)",
      "revenue": 1093014000,
      "gross_profit": 254266000,
      "operating_income": 81047000,
      "net_income": 56302000,
      "opex": 173219000,
      "cogs": 838748000,
      "rd": null,
      "sga": 158214000,
      "fcf": 52611000,
      "ocf": 61038000,
      "capex": -8427000,
      "gross_margin": 0.23262831034186204,
      "op_margin": 0.07415001088732624,
      "fcf_margin": 0.0481338756868622,
      "incr_op_margin_yoy": 0.28197126054150023,
      "rev_growth_yoy": 0.0706187960247542,
      "rev_growth_yoy_accel": -0.019358977674803324,
      "op_leverage_ratio": 0.7930896318081684,
      "fcf_margin_change": -0.10315808593966996
    },
    {
      "date": "2023-12-31T00:00:00",
      "quarter_label": "2023-12 (Q4)",
      "revenue": 1124390000,
      "gross_profit": 247123000,
      "operating_income": 84556000,
      "net_income": 57177000,
      "opex": 162567000,
      "cogs": 368697000,
      "rd": null,
      "sga": 147783000,
      "fcf": 31084000,
      "ocf": 50969000,
      "capex": -19885000,
      "gross_margin": 0.21978406069068562,
      "op_margin": 0.07520166490274727,
      "fcf_margin": 0.027645212070544916,
      "incr_op_margin_yoy": 0.1683937557240911,
      "rev_growth_yoy": 0.09460257999071274,
      "rev_growth_yoy_accel": 0.023983783965958544,
      "op_leverage_ratio": Infinity,
      "fcf_margin_change": -0.020488663616317283
    },
    {
      "date": "2024-03-31T00:00:00",
      "quarter_label": "2024-03 (Q1)",
      "revenue": 1146052000,
      "gross_profit": 238500000,
      "operating_income": 69030000,
      "net_income": 44791000,
      "opex": 169470000,
      "cogs": 907552000,
      "rd": null,
      "sga": 154742000,
      "fcf": -74604000,
      "ocf": -68784000,
      "capex": -5820000,
      "gross_margin": 0.20810574040270424,
      "op_margin": 0.06023286901466949,
      "fcf_margin": -0.06509652267087357,
      "incr_op_margin_yoy": 0.018471014715369726,
      "rev_growth_yoy": 0.1281727187531993,
      "rev_growth_yoy_accel": 0.03357013876248656,
      "op_leverage_ratio": 0.45370764270003194,
      "fcf_margin_change": -0.09274173474141849
    },
    {
      "date": "2024-06-30T00:00:00",
      "quarter_label": "2024-06 (Q2)",
      "revenue": 1227186000,
      "gross_profit": 249365000,
      "operating_income": 80675000,
      "net_income": 53043000,
      "opex": 168690000,
      "cogs": 977821000,
      "rd": null,
      "sga": 153783000,
      "fcf": 185878000,
      "ocf": 195655000,
      "capex": -9777000,
      "gross_margin": 0.20320065580930682,
      "op_margin": 0.06573983079989504,
      "fcf_margin": 0.15146685180567576,
      "incr_op_margin_yoy": -0.01070113968402545,
      "rev_growth_yoy": 0.14789836418875435,
      "rev_growth_yoy_accel": 0.01972564543555505,
      "op_leverage_ratio": Infinity,
      "fcf_margin_change": 0.21656337447654933
    },
    {
      "date": "2024-09-30T00:00:00",
      "quarter_label": "2024-09 (Q3)",
      "revenue": 1278546000,
      "gross_profit": 256749000,
      "operating_income": 85091000,
      "net_income": 53856000,
      "opex": 171658000,
      "cogs": 1021797000,
      "rd": null,
      "sga": 156999000,
      "fcf": 150730000,
      "ocf": 160399000,
      "capex": -9669000,
      "gross_margin": 0.20081326757113158,
      "op_margin": 0.06655294373452343,
      "fcf_margin": 0.11789173013720274,
      "incr_op_margin_yoy": 0.021796778992303215,
      "rev_growth_yoy": 0.16974347995542602,
      "rev_growth_yoy_accel": 0.02184511576667167,
      "op_leverage_ratio": 2.3787021470631364,
      "fcf_margin_change": -0.033575121668473026
    },
    {
      "date": "2024-12-31T00:00:00",
      "quarter_label": "2024-12 (Q4)",
      "revenue": 1346418000,
      "gross_profit": 268379000,
      "operating_income": 87037000,
      "net_income": 60133000,
      "opex": 181342000,
      "cogs": 539565000,
      "rd": null,
      "sga": 164727000,
      "fcf": 25782000,
      "ocf": 36122000,
      "capex": -10340000,
      "gross_margin": 0.19932814326605852,
      "op_margin": 0.06464337226626501,
      "fcf_margin": 0.01914858535759326,
      "incr_op_margin_yoy": 0.011174266308753851,
      "rev_growth_yoy": 0.19746529229182044,
      "rev_growth_yoy_accel": 0.027721812336394425,
      "op_leverage_ratio": 0.9409868545475288,
      "fcf_margin_change": -0.09874314477960948
    },
    {
      "date": "2025-03-31T00:00:00",
      "quarter_label": "2025-03 (Q1)",
      "revenue": 1332972000,
      "gross_profit": 263052000,
      "operating_income": 79188000,
      "net_income": 46742000,
      "opex": 183864000,
      "cogs": 1069920000,
      "rd": null,
      "sga": 168118000,
      "fcf": -16585000,
      "ocf": -7214000,
      "capex": -9371000,
      "gross_margin": 0.19734247981202907,
      "op_margin": 0.05940709932391678,
      "fcf_margin": -0.012442121815011867,
      "incr_op_margin_yoy": 0.05434410442970255,
      "rev_growth_yoy": 0.16309905658731016,
      "rev_growth_yoy_accel": -0.03436623570451028,
      "fcf_margin_change": -0.03159070717260513
    },
    {
      "date": "2025-06-30T00:00:00",
      "quarter_label": "2025-06 (Q2)",
      "revenue": 1416085000,
      "gross_profit": 269043000,
      "operating_income": 82710000,
      "net_income": 50523000,
      "opex": 186333000,
      "cogs": 1147042000,
      "rd": null,
      "sga": 170092000,
      "fcf": 81238000,
      "ocf": 90333000,
      "capex": -9095000,
      "gross_margin": 0.1899907138342684,
      "op_margin": 0.058407510848571945,
      "fcf_margin": 0.05736802522447452,
      "incr_op_margin_yoy": 0.01077295274194146,
      "rev_growth_yoy": 0.15392858132345055,
      "rev_growth_yoy_accel": -0.009170475263859612,
      "op_leverage_ratio": 4.64326580741534,
      "fcf_margin_change": 0.06981014703948639
    },
    {
      "date": "2025-09-30T00:00:00",
      "quarter_label": "2025-09 (Q3)",
      "revenue": 1435016000,
      "gross_profit": 272902000,
      "operating_income": 84507000,
      "net_income": 51816000,
      "opex": 188395000,
      "cogs": 1162114000,
      "rd": null,
      "sga": 172104000,
      "fcf": 130242000,
      "ocf": 139437000,
      "capex": -9195000,
      "gross_margin": 0.19017348935482253,
      "op_margin": 0.05888923886562937,
      "fcf_margin": 0.09075996365197322,
      "incr_op_margin_yoy": -0.0037323448584393173,
      "rev_growth_yoy": 0.12238120489994103,
      "rev_growth_yoy_accel": -0.03154737642350952,
      "op_leverage_ratio": 1.2080512200398739,
      "fcf_margin_change": 0.033391938427498706
    }
  ],
  "signals": [
    {
      "quarter": "2025-06 (Q2)",
      "signal": "FCF TURNED POSITIVE",
      "detail": "FCF margin: -1.2% -> +5.7%",
      "severity": "HIGH"
    },
    {
      "quarter": "2025-06 (Q2)",
      "signal": "OPERATING LEVERAGE",
      "detail": "Rev growth +6.2% vs OpEx growth +1.3% (leverage: 4.6x)",
      "severity": "MEDIUM"
    },
    {
      "quarter": "2024-09 (Q3)",
      "signal": "OPERATING LEVERAGE",
      "detail": "Rev growth +4.2% vs OpEx growth +1.8% (leverage: 2.4x)",
      "severity": "MEDIUM"
    },
    {
      "quarter": "2024-06 (Q2)",
      "signal": "FCF TURNED POSITIVE",
      "detail": "FCF margin: -6.5% -> +15.1%",
      "severity": "HIGH"
    },
    {
      "quarter": "2023-12 (Q4)",
      "signal": "INCREMENTAL MARGIN (YoY)",
      "detail": "YoY Incr OPM: +16.8% vs year-ago OPM: +6.6%",
      "severity": "MEDIUM"
    },
    {
      "quarter": "2023-09 (Q3)",
      "signal": "INCREMENTAL MARGIN (YoY)",
      "detail": "YoY Incr OPM: +28.2% vs year-ago OPM: +5.9%",
      "severity": "HIGH"
    },
    {
      "quarter": "2023-06 (Q2)",
      "signal": "FCF MARGIN EXPANSION",
      "detail": "FCF margin: +8.3% -> +15.1% (+6.9%)",
      "severity": "MEDIUM"
    },
    {
      "quarter": "2023-06 (Q2)",
      "signal": "INCREMENTAL MARGIN (YoY)",
      "detail": "YoY Incr OPM: +26.4% vs year-ago OPM: +6.0%",
      "severity": "HIGH"
    },
    {
      "quarter": "2023-03 (Q1)",
      "signal": "FCF MARGIN EXPANSION",
      "detail": "FCF margin: +2.5% -> +8.3% (+5.8%)",
      "severity": "MEDIUM"
    },
    {
      "quarter": "2022-06 (Q2)",
      "signal": "FCF MARGIN EXPANSION",
      "detail": "FCF margin: +3.0% -> +10.2% (+7.2%)",
      "severity": "MEDIUM"
    },
    {
      "quarter": "2022-06 (Q2)",
      "signal": "YoY REVENUE GROWTH DECELERATION",
      "detail": "YoY growth: +14.0% vs prior quarter YoY: +20.6% (decel: -6.6%)",
      "severity": "WARNING"
    },
    {
      "quarter": "2022-03 (Q1)",
      "signal": "YoY REVENUE GROWTH ACCELERATION",
      "detail": "YoY growth: +20.6% vs prior quarter YoY: +15.2% (accel: +5.4%)",
      "severity": "MEDIUM"
    },
    {
      "quarter": "2022-03 (Q1)",
      "signal": "INCREMENTAL MARGIN (YoY)",
      "detail": "YoY Incr OPM: +14.8% vs year-ago OPM: +3.8%",
      "severity": "MEDIUM"
    },
    {
      "quarter": "2021-12 (Q4)",
      "signal": "OPERATING LEVERAGE",
      "detail": "Rev growth +4.0% vs OpEx growth +0.9% (leverage: 4.4x)",
      "severity": "MEDIUM"
    },
    {
      "quarter": "2021-06 (Q2)",
      "signal": "FCF MARGIN EXPANSION",
      "detail": "FCF margin: +2.0% -> +8.1% (+6.1%)",
      "severity": "MEDIUM"
    }
  ],
  "data_quality": {
    "n_quarters": 20,
    "coverage": {
      "revenue": [
        20,
        20
      ],
      "gross_profit": [
        20,
        20
      ],
      "op_income": [
        20,
        20
      ],
      "fcf": [
        20,
        20
      ]
    },
    "gaps": [],
    "warnings": []
  },
  "market_cap": null,
  "source": "SEC EDGAR",
  "last_updated": "2026-02-02T20:58:16.263318"
}