{
  "ticker": "OPENL",
  "name": "Opendoor Technologies Inc.",
  "quarters": [
    {
      "date": "2020-12-31T00:00:00",
      "quarter_label": "2020-12 (Q4)",
      "revenue": 248886000,
      "gross_profit": 38365000,
      "operating_income": -179501598,
      "net_income": -280438805,
      "opex": 104489000,
      "cogs": 210521000,
      "rd": 12363000,
      "sga": null,
      "fcf": -360286000,
      "ocf": -355354000,
      "capex": -4932000,
      "gross_margin": 0.15414687849055392,
      "op_margin": -0.7212201489838721,
      "fcf_margin": -1.4475944810073689
    },
    {
      "date": "2021-03-31T00:00:00",
      "quarter_label": "2021-03 (Q1)",
      "revenue": 747274000,
      "gross_profit": 97132000,
      "operating_income": -244695000,
      "net_income": null,
      "opex": 341827000,
      "cogs": 650142000,
      "rd": 50677000,
      "sga": null,
      "fcf": -409000000,
      "ocf": -405000000,
      "capex": -4000000,
      "gross_margin": 0.12998177375367,
      "op_margin": -0.32745017222598405,
      "fcf_margin": -0.5473226687935081,
      "op_leverage_ratio": 0.8815976087974166,
      "fcf_margin_change": 0.9002718122138608
    },
    {
      "date": "2021-06-30T00:00:00",
      "quarter_label": "2021-06 (Q2)",
      "revenue": 1185386000,
      "gross_profit": 158771000,
      "operating_income": -152753000,
      "net_income": null,
      "opex": 311524000,
      "cogs": 1026615000,
      "rd": 24388000,
      "sga": null,
      "fcf": -1914000000,
      "ocf": -1907000000,
      "capex": -7000000,
      "gross_margin": 0.1339403367341946,
      "op_margin": -0.12886350943911942,
      "fcf_margin": -1.6146639153828373,
      "op_leverage_ratio": Infinity,
      "fcf_margin_change": -1.0673412465893293
    },
    {
      "date": "2021-09-30T00:00:00",
      "quarter_label": "2021-09 (Q3)",
      "revenue": 2266354000,
      "gross_profit": 202489000,
      "operating_income": -68407000,
      "net_income": -57000000,
      "opex": 270896000,
      "cogs": 2063865000,
      "rd": 27295000,
      "sga": null,
      "fcf": -3604000000,
      "ocf": -3592000000,
      "capex": -12000000,
      "gross_margin": 0.08934570680485043,
      "op_margin": -0.030183722401707764,
      "fcf_margin": -1.5902193567289136,
      "op_leverage_ratio": Infinity,
      "fcf_margin_change": 0.024444558653923698
    },
    {
      "date": "2021-12-31T00:00:00",
      "quarter_label": "2021-12 (Q4)",
      "revenue": 3821986000,
      "gross_profit": 271608000,
      "operating_income": -102145000,
      "net_income": -191000000,
      "opex": 373753000,
      "cogs": 3550378000,
      "rd": 31640000,
      "sga": null,
      "fcf": 100000000,
      "ocf": 110000000,
      "capex": -10000000,
      "gross_margin": 0.07106462451720126,
      "op_margin": -0.02672563426448972,
      "fcf_margin": 0.026164407718918908,
      "incr_op_margin_yoy": 0.02164971537320534,
      "rev_growth_yoy": 14.356371993603497,
      "op_leverage_ratio": 1.8077895040245833,
      "fcf_margin_change": 1.6163837644478325
    },
    {
      "date": "2022-03-31T00:00:00",
      "quarter_label": "2022-03 (Q1)",
      "revenue": 5151000000,
      "gross_profit": 535000000,
      "operating_income": 118000000,
      "net_income": 28000000,
      "opex": 417000000,
      "cogs": 4616000000,
      "rd": 40000000,
      "sga": null,
      "fcf": 1540000000,
      "ocf": 1550000000,
      "capex": -10000000,
      "gross_margin": 0.1038633275092215,
      "op_margin": 0.022908173170258204,
      "fcf_margin": 0.29897107357794606,
      "incr_op_margin_yoy": 0.08236093707919158,
      "rev_growth_yoy": 5.893053953436089,
      "rev_growth_yoy_accel": -8.463318040167408,
      "op_leverage_ratio": 3.0051708323002813,
      "fcf_margin_change": 0.27280666585902713
    },
    {
      "date": "2022-06-30T00:00:00",
      "quarter_label": "2022-06 (Q2)",
      "revenue": 4198000000,
      "gross_profit": 486000000,
      "operating_income": 32000000,
      "net_income": -54000000,
      "opex": 454000000,
      "cogs": 3712000000,
      "rd": 41000000,
      "sga": null,
      "fcf": -1903000000,
      "ocf": -1893000000,
      "capex": -10000000,
      "gross_margin": 0.11576941400666985,
      "op_margin": 0.007622677465459742,
      "fcf_margin": -0.4533111005240591,
      "incr_op_margin_yoy": 0.06132647594414684,
      "rev_growth_yoy": 2.541462443457237,
      "rev_growth_yoy_accel": -3.3515915099788525,
      "fcf_margin_change": -0.7522821741020052
    },
    {
      "date": "2022-09-30T00:00:00",
      "quarter_label": "2022-09 (Q3)",
      "revenue": 3361000000,
      "gross_profit": -425000000,
      "operating_income": -810000000,
      "net_income": -928000000,
      "opex": 385000000,
      "cogs": 3786000000,
      "rd": 40000000,
      "sga": null,
      "fcf": -335000000,
      "ocf": -322000000,
      "capex": -13000000,
      "gross_margin": -0.12645046117227016,
      "op_margin": -0.2409997024695031,
      "fcf_margin": -0.09967271645343648,
      "incr_op_margin_yoy": -0.6774728999146756,
      "rev_growth_yoy": 0.4829986842302659,
      "rev_growth_yoy_accel": -2.058463759226971,
      "fcf_margin_change": 0.35363838407062265
    },
    {
      "date": "2022-12-31T00:00:00",
      "quarter_label": "2022-12 (Q4)",
      "revenue": 2857000000,
      "gross_profit": 71000000,
      "operating_income": -271000000,
      "net_income": -399000000,
      "opex": 342000000,
      "cogs": 2786000000,
      "rd": 48000000,
      "sga": null,
      "fcf": 1391000000,
      "ocf": 1395000000,
      "capex": -4000000,
      "gross_margin": 0.024851242562128107,
      "op_margin": -0.09485474273713686,
      "fcf_margin": 0.48687434371718585,
      "incr_op_margin_yoy": 0.17498181320765274,
      "rev_growth_yoy": -0.2524828714704868,
      "rev_growth_yoy_accel": -0.7354815557007527,
      "fcf_margin_change": 0.5865470601706223
    },
    {
      "date": "2023-03-31T00:00:00",
      "quarter_label": "2023-03 (Q1)",
      "revenue": 3120000000,
      "gross_profit": 170000000,
      "operating_income": -124000000,
      "net_income": -101000000,
      "opex": 294000000,
      "cogs": 2950000000,
      "rd": 40000000,
      "sga": null,
      "fcf": 2154000000,
      "ocf": 2162000000,
      "capex": -8000000,
      "gross_margin": 0.05448717948717949,
      "op_margin": -0.03974358974358974,
      "fcf_margin": 0.6903846153846154,
      "incr_op_margin_yoy": 0.11915312653865091,
      "rev_growth_yoy": -0.39429237041351195,
      "rev_growth_yoy_accel": -0.14180949894302514,
      "op_leverage_ratio": Infinity,
      "fcf_margin_change": 0.20351027166742952
    },
    {
      "date": "2023-06-30T00:00:00",
      "quarter_label": "2023-06 (Q2)",
      "revenue": 1976000000,
      "gross_profit": 149000000,
      "operating_income": -68000000,
      "net_income": 23000000,
      "opex": 217000000,
      "cogs": 1827000000,
      "rd": 39000000,
      "sga": null,
      "fcf": 931000000,
      "ocf": 940000000,
      "capex": -9000000,
      "gross_margin": 0.07540485829959515,
      "op_margin": -0.03441295546558704,
      "fcf_margin": 0.47115384615384615,
      "incr_op_margin_yoy": 0.045004500450045004,
      "rev_growth_yoy": -0.5292996665078609,
      "rev_growth_yoy_accel": -0.13500729609434892,
      "fcf_margin_change": -0.21923076923076923
    },
    {
      "date": "2023-09-30T00:00:00",
      "quarter_label": "2023-09 (Q3)",
      "revenue": 980000000,
      "gross_profit": 96000000,
      "operating_income": -79000000,
      "net_income": -106000000,
      "opex": 175000000,
      "cogs": 884000000,
      "rd": 42000000,
      "sga": null,
      "fcf": -227000000,
      "ocf": -216000000,
      "capex": -11000000,
      "gross_margin": 0.09795918367346938,
      "op_margin": -0.08061224489795918,
      "fcf_margin": -0.2316326530612245,
      "incr_op_margin_yoy": -0.30701385972280554,
      "rev_growth_yoy": -0.7084201130615888,
      "rev_growth_yoy_accel": -0.17912044655372794,
      "fcf_margin_change": -0.7027864992150706
    },
    {
      "date": "2023-12-31T00:00:00",
      "quarter_label": "2023-12 (Q4)",
      "revenue": 870000000,
      "gross_profit": 72000000,
      "operating_income": -115000000,
      "net_income": -91000000,
      "opex": 187000000,
      "cogs": 798000000,
      "rd": 46000000,
      "sga": null,
      "fcf": -551000000,
      "ocf": -542000000,
      "capex": -9000000,
      "gross_margin": 0.08275862068965517,
      "op_margin": -0.13218390804597702,
      "fcf_margin": -0.6333333333333333,
      "incr_op_margin_yoy": -0.07851031706089583,
      "rev_growth_yoy": -0.6954847742387119,
      "rev_growth_yoy_accel": 0.012935338822876896,
      "fcf_margin_change": -0.4017006802721088
    },
    {
      "date": "2024-03-31T00:00:00",
      "quarter_label": "2024-03 (Q1)",
      "revenue": 1181000000,
      "gross_profit": 114000000,
      "operating_income": -87000000,
      "net_income": -109000000,
      "opex": 201000000,
      "cogs": 1067000000,
      "rd": 41000000,
      "sga": null,
      "fcf": -186000000,
      "ocf": -178000000,
      "capex": -8000000,
      "gross_margin": 0.09652836579170194,
      "op_margin": -0.07366638441998306,
      "fcf_margin": -0.15749364944961897,
      "incr_op_margin_yoy": -0.019082001031459517,
      "rev_growth_yoy": -0.621474358974359,
      "rev_growth_yoy_accel": 0.07401041526435292,
      "op_leverage_ratio": 4.7747947454844,
      "fcf_margin_change": 0.47583968388371434
    },
    {
      "date": "2024-06-30T00:00:00",
      "quarter_label": "2024-06 (Q2)",
      "revenue": 1511000000,
      "gross_profit": 129000000,
      "operating_income": -72000000,
      "net_income": -92000000,
      "opex": 201000000,
      "cogs": 1382000000,
      "rd": 37000000,
      "sga": null,
      "fcf": -407000000,
      "ocf": -399000000,
      "capex": -8000000,
      "gross_margin": 0.08537392455327597,
      "op_margin": -0.04765056254136334,
      "fcf_margin": -0.26935804103242883,
      "incr_op_margin_yoy": 0.008602150537634409,
      "rev_growth_yoy": -0.2353238866396761,
      "rev_growth_yoy_accel": 0.3861504723346829,
      "op_leverage_ratio": Infinity,
      "fcf_margin_change": -0.11186439158280986
    },
    {
      "date": "2024-09-30T00:00:00",
      "quarter_label": "2024-09 (Q3)",
      "revenue": 1377000000,
      "gross_profit": 105000000,
      "operating_income": -67000000,
      "net_income": -78000000,
      "opex": 172000000,
      "cogs": 1272000000,
      "rd": 30000000,
      "sga": null,
      "fcf": 56000000,
      "ocf": 62000000,
      "capex": -6000000,
      "gross_margin": 0.07625272331154684,
      "op_margin": -0.048656499636891795,
      "fcf_margin": 0.04066811909949165,
      "incr_op_margin_yoy": 0.030226700251889168,
      "rev_growth_yoy": 0.4051020408163265,
      "rev_growth_yoy_accel": 0.6404259274560026,
      "fcf_margin_change": 0.31002616013192047
    },
    {
      "date": "2024-12-31T00:00:00",
      "quarter_label": "2024-12 (Q4)",
      "revenue": 1084000000,
      "gross_profit": 85000000,
      "operating_income": -94000000,
      "net_income": -113000000,
      "opex": 179000000,
      "cogs": 999000000,
      "rd": 33000000,
      "sga": null,
      "fcf": -83000000,
      "ocf": -80000000,
      "capex": -3000000,
      "gross_margin": 0.07841328413284133,
      "op_margin": -0.08671586715867159,
      "fcf_margin": -0.07656826568265683,
      "incr_op_margin_yoy": 0.09813084112149532,
      "rev_growth_yoy": 0.24597701149425288,
      "rev_growth_yoy_accel": -0.15912502932207362,
      "fcf_margin_change": -0.11723638478214848
    },
    {
      "date": "2025-03-31T00:00:00",
      "quarter_label": "2025-03 (Q1)",
      "revenue": 1153000000,
      "gross_profit": 99000000,
      "operating_income": -56000000,
      "net_income": -85000000,
      "opex": 155000000,
      "cogs": 1054000000,
      "rd": 21000000,
      "sga": null,
      "fcf": -283000000,
      "ocf": -279000000,
      "capex": -4000000,
      "gross_margin": 0.08586296617519515,
      "op_margin": -0.04856895056374675,
      "fcf_margin": -0.24544666088464875,
      "incr_op_margin_yoy": -1.1071428571428572,
      "rev_growth_yoy": -0.023708721422523286,
      "rev_growth_yoy_accel": -0.26968573291677617,
      "op_leverage_ratio": Infinity,
      "fcf_margin_change": -0.16887839520199194
    },
    {
      "date": "2025-06-30T00:00:00",
      "quarter_label": "2025-06 (Q2)",
      "revenue": 1567000000,
      "gross_profit": 128000000,
      "operating_income": -13000000,
      "net_income": -29000000,
      "opex": 141000000,
      "cogs": 1439000000,
      "rd": 21000000,
      "sga": null,
      "fcf": 821000000,
      "ocf": 823000000,
      "capex": -2000000,
      "gross_margin": 0.0816847479259732,
      "op_margin": -0.008296107211231652,
      "fcf_margin": 0.5239310784939375,
      "incr_op_margin_yoy": 1.0535714285714286,
      "rev_growth_yoy": 0.037061548643282594,
      "rev_growth_yoy_accel": 0.060770270065805876,
      "op_leverage_ratio": Infinity,
      "fcf_margin_change": 0.7693777393785862
    },
    {
      "date": "2025-09-30T00:00:00",
      "quarter_label": "2025-09 (Q3)",
      "revenue": 915000000,
      "gross_profit": 66000000,
      "operating_income": -68000000,
      "net_income": -90000000,
      "opex": 134000000,
      "cogs": 849000000,
      "rd": 19000000,
      "sga": null,
      "fcf": 432000000,
      "ocf": 435000000,
      "capex": -3000000,
      "gross_margin": 0.07213114754098361,
      "op_margin": -0.07431693989071038,
      "fcf_margin": 0.4721311475409836,
      "incr_op_margin_yoy": 0.0021645021645021645,
      "rev_growth_yoy": -0.3355119825708061,
      "rev_growth_yoy_accel": -0.3725735312140887,
      "fcf_margin_change": -0.051799930952953877
    }
  ],
  "signals": [
    {
      "quarter": "2025-09 (Q3)",
      "signal": "YoY REVENUE GROWTH DECELERATION",
      "detail": "YoY growth: -33.6% vs prior quarter YoY: +3.7% (decel: -37.3%)",
      "severity": "WARNING"
    },
    {
      "quarter": "2025-06 (Q2)",
      "signal": "FCF TURNED POSITIVE",
      "detail": "FCF margin: -24.5% -> +52.4%",
      "severity": "HIGH"
    },
    {
      "quarter": "2025-06 (Q2)",
      "signal": "YoY REVENUE GROWTH ACCELERATION",
      "detail": "YoY growth: +3.7% vs prior quarter YoY: -2.4% (accel: +6.1%)",
      "severity": "MEDIUM"
    },
    {
      "quarter": "2025-03 (Q1)",
      "signal": "YoY REVENUE GROWTH DECELERATION",
      "detail": "YoY growth: -2.4% vs prior quarter YoY: +24.6% (decel: -27.0%)",
      "severity": "WARNING"
    },
    {
      "quarter": "2024-12 (Q4)",
      "signal": "YoY REVENUE GROWTH DECELERATION",
      "detail": "YoY growth: +24.6% vs prior quarter YoY: +40.5% (decel: -15.9%)",
      "severity": "WARNING"
    },
    {
      "quarter": "2024-09 (Q3)",
      "signal": "FCF TURNED POSITIVE",
      "detail": "FCF margin: -26.9% -> +4.1%",
      "severity": "HIGH"
    },
    {
      "quarter": "2024-09 (Q3)",
      "signal": "YoY REVENUE GROWTH ACCELERATION",
      "detail": "YoY growth: +40.5% vs prior quarter YoY: -23.5% (accel: +64.0%)",
      "severity": "HIGH"
    },
    {
      "quarter": "2024-06 (Q2)",
      "signal": "YoY REVENUE GROWTH ACCELERATION",
      "detail": "YoY growth: -23.5% vs prior quarter YoY: -62.1% (accel: +38.6%)",
      "severity": "HIGH"
    },
    {
      "quarter": "2024-03 (Q1)",
      "signal": "FCF MARGIN EXPANSION",
      "detail": "FCF margin: -63.3% -> -15.7% (+47.6%)",
      "severity": "MEDIUM"
    },
    {
      "quarter": "2024-03 (Q1)",
      "signal": "OPERATING LEVERAGE",
      "detail": "Rev growth +35.7% vs OpEx growth +7.5% (leverage: 4.8x)",
      "severity": "MEDIUM"
    },
    {
      "quarter": "2024-03 (Q1)",
      "signal": "YoY REVENUE GROWTH ACCELERATION",
      "detail": "YoY growth: -62.1% vs prior quarter YoY: -69.5% (accel: +7.4%)",
      "severity": "MEDIUM"
    },
    {
      "quarter": "2023-09 (Q3)",
      "signal": "YoY REVENUE GROWTH DECELERATION",
      "detail": "YoY growth: -70.8% vs prior quarter YoY: -52.9% (decel: -17.9%)",
      "severity": "WARNING"
    },
    {
      "quarter": "2023-06 (Q2)",
      "signal": "YoY REVENUE GROWTH DECELERATION",
      "detail": "YoY growth: -52.9% vs prior quarter YoY: -39.4% (decel: -13.5%)",
      "severity": "WARNING"
    },
    {
      "quarter": "2023-03 (Q1)",
      "signal": "FCF MARGIN EXPANSION",
      "detail": "FCF margin: +48.7% -> +69.0% (+20.4%)",
      "severity": "MEDIUM"
    },
    {
      "quarter": "2023-03 (Q1)",
      "signal": "YoY REVENUE GROWTH DECELERATION",
      "detail": "YoY growth: -39.4% vs prior quarter YoY: -25.2% (decel: -14.2%)",
      "severity": "WARNING"
    },
    {
      "quarter": "2022-12 (Q4)",
      "signal": "FCF TURNED POSITIVE",
      "detail": "FCF margin: -10.0% -> +48.7%",
      "severity": "HIGH"
    },
    {
      "quarter": "2022-12 (Q4)",
      "signal": "GROSS MARGIN INFLECTION",
      "detail": "GM: +11.6% -> -12.6% -> +2.5% (reversal +15.1%)",
      "severity": "HIGH"
    },
    {
      "quarter": "2022-12 (Q4)",
      "signal": "YoY REVENUE GROWTH DECELERATION",
      "detail": "YoY growth: -25.2% vs prior quarter YoY: +48.3% (decel: -73.5%)",
      "severity": "WARNING"
    },
    {
      "quarter": "2022-09 (Q3)",
      "signal": "FCF MARGIN EXPANSION",
      "detail": "FCF margin: -45.3% -> -10.0% (+35.4%)",
      "severity": "MEDIUM"
    },
    {
      "quarter": "2022-09 (Q3)",
      "signal": "YoY REVENUE GROWTH DECELERATION",
      "detail": "YoY growth: +48.3% vs prior quarter YoY: +254.1% (decel: -205.8%)",
      "severity": "WARNING"
    },
    {
      "quarter": "2022-06 (Q2)",
      "signal": "YoY REVENUE GROWTH DECELERATION",
      "detail": "YoY growth: +254.1% vs prior quarter YoY: +589.3% (decel: -335.2%)",
      "severity": "WARNING"
    },
    {
      "quarter": "2022-06 (Q2)",
      "signal": "OP MARGIN TURNED POSITIVE (YoY)",
      "detail": "Op margin: -12.9% (year-ago) -> +0.8%",
      "severity": "HIGH"
    },
    {
      "quarter": "2022-03 (Q1)",
      "signal": "FCF MARGIN EXPANSION",
      "detail": "FCF margin: +2.6% -> +29.9% (+27.3%)",
      "severity": "MEDIUM"
    },
    {
      "quarter": "2022-03 (Q1)",
      "signal": "OPERATING LEVERAGE",
      "detail": "Rev growth +34.8% vs OpEx growth +11.6% (leverage: 3.0x)",
      "severity": "MEDIUM"
    },
    {
      "quarter": "2022-03 (Q1)",
      "signal": "GROSS MARGIN INFLECTION",
      "detail": "GM: +8.9% -> +7.1% -> +10.4% (reversal +3.3%)",
      "severity": "MEDIUM"
    },
    {
      "quarter": "2022-03 (Q1)",
      "signal": "YoY REVENUE GROWTH DECELERATION",
      "detail": "YoY growth: +589.3% vs prior quarter YoY: +1435.6% (decel: -846.3%)",
      "severity": "WARNING"
    },
    {
      "quarter": "2022-03 (Q1)",
      "signal": "OP MARGIN TURNED POSITIVE (YoY)",
      "detail": "Op margin: -32.7% (year-ago) -> +2.3%",
      "severity": "HIGH"
    },
    {
      "quarter": "2022-03 (Q1)",
      "signal": "OP MARGIN TURNED POSITIVE (QoQ)",
      "detail": "Op margin: -2.7% -> +2.3%",
      "severity": "HIGH"
    },
    {
      "quarter": "2021-12 (Q4)",
      "signal": "FCF TURNED POSITIVE",
      "detail": "FCF margin: -159.0% -> +2.6%",
      "severity": "HIGH"
    },
    {
      "quarter": "2021-12 (Q4)",
      "signal": "OPERATING LEVERAGE",
      "detail": "Rev growth +68.6% vs OpEx growth +38.0% (leverage: 1.8x)",
      "severity": "MEDIUM"
    },
    {
      "quarter": "2021-03 (Q1)",
      "signal": "FCF MARGIN EXPANSION",
      "detail": "FCF margin: -144.8% -> -54.7% (+90.0%)",
      "severity": "MEDIUM"
    }
  ],
  "data_quality": {
    "n_quarters": 20,
    "coverage": {
      "revenue": [
        20,
        20
      ],
      "gross_profit": [
        20,
        20
      ],
      "op_income": [
        20,
        20
      ],
      "fcf": [
        20,
        20
      ]
    },
    "gaps": [],
    "warnings": []
  },
  "market_cap": null,
  "source": "SEC EDGAR",
  "last_updated": "2026-02-03T01:11:26.791796"
}