{
  "ticker": "OPRX",
  "name": "OptimizeRx Corp",
  "quarters": [
    {
      "date": "2020-12-31T00:00:00",
      "quarter_label": "2020-12 (Q4)",
      "revenue": 16426301,
      "gross_profit": 8604021,
      "operating_income": 1356468,
      "net_income": 1357166,
      "opex": 7247553,
      "cogs": 7822280,
      "rd": null,
      "sga": null,
      "fcf": -2615392,
      "ocf": -2592605,
      "capex": -22787,
      "gross_margin": 0.523795405916402,
      "op_margin": 0.08257902981322454,
      "fcf_margin": -0.15921977808637502
    },
    {
      "date": "2021-03-31T00:00:00",
      "quarter_label": "2021-03 (Q1)",
      "revenue": 11229211,
      "gross_profit": 6124608,
      "operating_income": -638308,
      "net_income": -637377,
      "opex": 6762916,
      "cogs": 5104603,
      "rd": null,
      "sga": 2474946,
      "fcf": 1645879,
      "ocf": 1665750,
      "capex": -19871,
      "gross_margin": 0.54541748302708,
      "op_margin": -0.05684353068082878,
      "fcf_margin": 0.1465712061159061,
      "fcf_margin_change": 0.3057909842022811
    },
    {
      "date": "2021-06-30T00:00:00",
      "quarter_label": "2021-06 (Q2)",
      "revenue": 13625639,
      "gross_profit": 8044675,
      "operating_income": 340139,
      "net_income": 352100,
      "opex": 7704536,
      "cogs": 5580964,
      "rd": null,
      "sga": 2900702,
      "fcf": 166121,
      "ocf": 189904,
      "capex": -23783,
      "gross_margin": 0.5904071728305733,
      "op_margin": 0.02496315952594957,
      "fcf_margin": 0.012191795188467858,
      "op_leverage_ratio": 1.532757541851295,
      "fcf_margin_change": -0.13437941092743824
    },
    {
      "date": "2021-09-30T00:00:00",
      "quarter_label": "2021-09 (Q3)",
      "revenue": 16124951,
      "gross_profit": 9077119,
      "operating_income": 38190,
      "net_income": 39894,
      "opex": 9038929,
      "cogs": 7047832,
      "rd": null,
      "sga": 3411602,
      "fcf": 186017,
      "ocf": 204928,
      "capex": -18911,
      "gross_margin": 0.5629238191173418,
      "op_margin": 0.0023683792899587726,
      "fcf_margin": 0.01153597303954598,
      "op_leverage_ratio": 1.0590740567287191,
      "fcf_margin_change": -0.0006558221489218769
    },
    {
      "date": "2021-12-31T00:00:00",
      "quarter_label": "2021-12 (Q4)",
      "revenue": 20312797,
      "gross_profit": 12391813,
      "operating_income": 621080,
      "net_income": 623462,
      "opex": 11770733,
      "cogs": 7920984,
      "rd": null,
      "sga": 18911453,
      "fcf": -1372300,
      "ocf": -1334543,
      "capex": -37757,
      "gross_margin": 0.6100495662906492,
      "op_margin": 0.030575799088623786,
      "fcf_margin": -0.0675583968076873,
      "incr_op_margin_yoy": -0.18921619885881782,
      "rev_growth_yoy": 0.23660202013831355,
      "op_leverage_ratio": 0.8593295333264563,
      "fcf_margin_change": -0.07909436984723328
    },
    {
      "date": "2022-03-31T00:00:00",
      "quarter_label": "2022-03 (Q1)",
      "revenue": 13731530,
      "gross_profit": 8101672,
      "operating_income": -3761101,
      "net_income": -3761098,
      "opex": 11862773,
      "cogs": 5629858,
      "rd": null,
      "sga": 3382809,
      "fcf": 4065764,
      "ocf": 4080244,
      "capex": -14480,
      "gross_margin": 0.5900050467792008,
      "op_margin": -0.2739025439991028,
      "fcf_margin": 0.2960896564330413,
      "incr_op_margin_yoy": -1.2479595926818283,
      "rev_growth_yoy": 0.22284014433427246,
      "rev_growth_yoy_accel": -0.01376187580404109,
      "fcf_margin_change": 0.3636480532407286
    },
    {
      "date": "2022-06-30T00:00:00",
      "quarter_label": "2022-06 (Q2)",
      "revenue": 13978665,
      "gross_profit": 8989949,
      "operating_income": -3908530,
      "net_income": -3884714,
      "opex": 12898479,
      "cogs": 4988716,
      "rd": null,
      "sga": 3891607,
      "fcf": 281273,
      "ocf": 308128,
      "capex": -26855,
      "gross_margin": 0.6431192821345958,
      "op_margin": -0.27960681510001134,
      "fcf_margin": 0.020121592441052133,
      "rev_growth_yoy": 0.025908950031627874,
      "rev_growth_yoy_accel": -0.19693119430264458,
      "op_leverage_ratio": 0.20614132045869782,
      "fcf_margin_change": -0.27596806399198914
    },
    {
      "date": "2022-09-30T00:00:00",
      "quarter_label": "2022-09 (Q3)",
      "revenue": 15085504,
      "gross_profit": 9420771,
      "operating_income": -3756759,
      "net_income": -3466792,
      "opex": 13177530,
      "cogs": 5664733,
      "rd": null,
      "sga": 3811334,
      "fcf": 3438890,
      "ocf": 3462222,
      "capex": -23332,
      "gross_margin": 0.6244916311712224,
      "op_margin": -0.24903105656927338,
      "fcf_margin": 0.22795990110771241,
      "incr_op_margin_yoy": 3.6509307352852045,
      "rev_growth_yoy": -0.06446202534196849,
      "rev_growth_yoy_accel": -0.09037097537359637,
      "op_leverage_ratio": 3.659937540940743,
      "fcf_margin_change": 0.20783830866666028
    },
    {
      "date": "2022-12-31T00:00:00",
      "quarter_label": "2022-12 (Q4)",
      "revenue": 19654457,
      "gross_profit": 12454428,
      "operating_income": -864348,
      "net_income": -325836,
      "opex": 13318776,
      "cogs": 7200029,
      "rd": null,
      "sga": 22403957,
      "fcf": 2787146,
      "ocf": 2803484,
      "capex": -16338,
      "gross_margin": 0.6336694012966118,
      "op_margin": -0.04397720069295224,
      "fcf_margin": 0.1418073264501787,
      "rev_growth_yoy": -0.03241011072970404,
      "rev_growth_yoy_accel": 0.03205191461226445,
      "op_leverage_ratio": 28.256262865638686,
      "fcf_margin_change": -0.0861525746575337
    },
    {
      "date": "2023-03-31T00:00:00",
      "quarter_label": "2023-03 (Q1)",
      "revenue": 13002910,
      "gross_profit": 7433289,
      "operating_income": -7063186,
      "net_income": -6397714,
      "opex": 14496475,
      "cogs": 5569621,
      "rd": null,
      "sga": 14032542,
      "fcf": -114580,
      "ocf": -86000,
      "capex": -28580,
      "gross_margin": 0.5716634968633945,
      "op_margin": -0.5432004066781975,
      "fcf_margin": -0.008811873649821464,
      "rev_growth_yoy": -0.0530618219528341,
      "rev_growth_yoy_accel": -0.02065171122313006,
      "fcf_margin_change": -0.15061920010000018
    },
    {
      "date": "2023-06-30T00:00:00",
      "quarter_label": "2023-06 (Q2)",
      "revenue": 13818166,
      "gross_profit": 7825021,
      "operating_income": -4881868,
      "net_income": -4161449,
      "opex": 12706889,
      "cogs": 5993145,
      "rd": null,
      "sga": 12242128,
      "fcf": -2388976,
      "ocf": -2369000,
      "capex": -19976,
      "gross_margin": 0.5662850627210586,
      "op_margin": -0.3532934833754349,
      "fcf_margin": -0.1728866189623138,
      "rev_growth_yoy": -0.011481711594061379,
      "rev_growth_yoy_accel": 0.04158011035877272,
      "op_leverage_ratio": Infinity,
      "fcf_margin_change": -0.16407474531249233
    },
    {
      "date": "2023-09-30T00:00:00",
      "quarter_label": "2023-09 (Q3)",
      "revenue": 16331484,
      "gross_profit": 9800301,
      "operating_income": -3553488,
      "net_income": -2865298,
      "opex": 13353789,
      "cogs": 6531183,
      "rd": null,
      "sga": 12887083,
      "fcf": 1439556,
      "ocf": 1473000,
      "capex": -33444,
      "gross_margin": 0.60008637304485,
      "op_margin": -0.2175851257607698,
      "fcf_margin": 0.0881460619255421,
      "incr_op_margin_yoy": 0.16314146294483056,
      "rev_growth_yoy": 0.08259452252970799,
      "rev_growth_yoy_accel": 0.09407623412376936,
      "op_leverage_ratio": 3.5727211505922813,
      "fcf_margin_change": 0.2610326808878559
    },
    {
      "date": "2023-12-31T00:00:00",
      "quarter_label": "2023-12 (Q4)",
      "revenue": 28368946,
      "gross_profit": 17841306,
      "operating_income": -10903173,
      "net_income": -4141406,
      "opex": 28744479,
      "cogs": 10527640,
      "rd": null,
      "sga": null,
      "fcf": -6263000,
      "ocf": -6258000,
      "capex": -5000,
      "gross_margin": 0.6289026740718531,
      "op_margin": -0.38433479340402704,
      "fcf_margin": -0.22076956965549582,
      "incr_op_margin_yoy": -1.151969438483427,
      "rev_growth_yoy": 0.44338487702814683,
      "rev_growth_yoy_accel": 0.3607903544984388,
      "op_leverage_ratio": 0.639522308314682,
      "fcf_margin_change": -0.3089156315810379
    },
    {
      "date": "2024-03-31T00:00:00",
      "quarter_label": "2024-03 (Q1)",
      "revenue": 19690000,
      "gross_profit": 12204000,
      "operating_income": -5029000,
      "net_income": -6899000,
      "opex": 17233000,
      "cogs": 7486000,
      "rd": null,
      "sga": null,
      "fcf": 2086000,
      "ocf": 2118000,
      "capex": -32000,
      "gross_margin": 0.6198070086338243,
      "op_margin": -0.2554088369730828,
      "fcf_margin": 0.10594210259014729,
      "incr_op_margin_yoy": 0.3041959955675787,
      "rev_growth_yoy": 0.5142764196629831,
      "rev_growth_yoy_accel": 0.07089154263483627,
      "fcf_margin_change": 0.3267116722456431
    },
    {
      "date": "2024-06-30T00:00:00",
      "quarter_label": "2024-06 (Q2)",
      "revenue": 18812000,
      "gross_profit": 11704000,
      "operating_income": -3749000,
      "net_income": -4008000,
      "opex": 15453000,
      "cogs": 7108000,
      "rd": null,
      "sga": null,
      "fcf": 737000,
      "ocf": 782000,
      "capex": -45000,
      "gross_margin": 0.6221560705932384,
      "op_margin": -0.19928768870933447,
      "fcf_margin": 0.039177120986604294,
      "incr_op_margin_yoy": 0.2268533555580742,
      "rev_growth_yoy": 0.3613962952826012,
      "rev_growth_yoy_accel": -0.1528801243803819,
      "fcf_margin_change": -0.066764981603543
    },
    {
      "date": "2024-09-30T00:00:00",
      "quarter_label": "2024-09 (Q3)",
      "revenue": 21309000,
      "gross_profit": 13447000,
      "operating_income": -8562000,
      "net_income": -9124000,
      "opex": 22009000,
      "cogs": 7862000,
      "rd": null,
      "sga": null,
      "fcf": 1773000,
      "ocf": 1791000,
      "capex": -18000,
      "gross_margin": 0.6310479140269369,
      "op_margin": -0.4018020554695199,
      "fcf_margin": 0.0832042798817401,
      "incr_op_margin_yoy": -1.0062272024841306,
      "rev_growth_yoy": 0.30478038615474257,
      "rev_growth_yoy_accel": -0.05661590912785863,
      "op_leverage_ratio": 0.3128653244323557,
      "fcf_margin_change": 0.04402715889513581
    },
    {
      "date": "2024-12-31T00:00:00",
      "quarter_label": "2024-12 (Q4)",
      "revenue": 32316000,
      "gross_profit": 22023000,
      "operating_income": 3634000,
      "net_income": -78000,
      "opex": 18389000,
      "cogs": 10293000,
      "rd": null,
      "sga": null,
      "fcf": 181000,
      "ocf": 198000,
      "capex": -17000,
      "gross_margin": 0.6814890456739695,
      "op_margin": 0.11245203614308702,
      "fcf_margin": 0.005600940710483971,
      "incr_op_margin_yoy": 3.6830438600535995,
      "rev_growth_yoy": 0.1391329096258987,
      "rev_growth_yoy_accel": -0.16564747652884387,
      "op_leverage_ratio": Infinity,
      "fcf_margin_change": -0.07760333917125613
    },
    {
      "date": "2025-03-31T00:00:00",
      "quarter_label": "2025-03 (Q1)",
      "revenue": 21928000,
      "gross_profit": 13344000,
      "operating_income": -2114000,
      "net_income": -2199000,
      "opex": 15458000,
      "cogs": 8584000,
      "rd": null,
      "sga": null,
      "fcf": 3837000,
      "ocf": 3864000,
      "capex": -27000,
      "gross_margin": 0.6085370302809193,
      "op_margin": -0.09640642101422839,
      "fcf_margin": 0.17498175848230574,
      "incr_op_margin_yoy": 1.302502234137623,
      "rev_growth_yoy": 0.11366175723717623,
      "rev_growth_yoy_accel": -0.025471152388722468,
      "fcf_margin_change": 0.16938081777182176
    },
    {
      "date": "2025-06-30T00:00:00",
      "quarter_label": "2025-06 (Q2)",
      "revenue": 29195000,
      "gross_profit": 18635000,
      "operating_income": 3189000,
      "net_income": 1532000,
      "opex": 15446000,
      "cogs": 10560000,
      "rd": null,
      "sga": null,
      "fcf": 4551000,
      "ocf": 4561000,
      "capex": -10000,
      "gross_margin": 0.638294228463778,
      "op_margin": 0.10923103271108066,
      "fcf_margin": 0.15588285665353657,
      "incr_op_margin_yoy": 0.6682076471154772,
      "rev_growth_yoy": 0.551934935147778,
      "rev_growth_yoy_accel": 0.43827317791060183,
      "op_leverage_ratio": Infinity,
      "fcf_margin_change": -0.019098901828769166
    },
    {
      "date": "2025-09-30T00:00:00",
      "quarter_label": "2025-09 (Q3)",
      "revenue": 26067000,
      "gross_profit": 17516000,
      "operating_income": 2050000,
      "net_income": 779000,
      "opex": 15466000,
      "cogs": 8551000,
      "rd": null,
      "sga": null,
      "fcf": 3192000,
      "ocf": 3202000,
      "capex": -10000,
      "gross_margin": 0.671960716614877,
      "op_margin": 0.07864349560747305,
      "fcf_margin": 0.12245367706295315,
      "incr_op_margin_yoy": 2.230348886086591,
      "rev_growth_yoy": 0.22328593552020273,
      "rev_growth_yoy_accel": -0.3286489996275753,
      "fcf_margin_change": -0.03342917959058342
    }
  ],
  "signals": [
    {
      "quarter": "2025-09 (Q3)",
      "signal": "YoY REVENUE GROWTH DECELERATION",
      "detail": "YoY growth: +22.3% vs prior quarter YoY: +55.2% (decel: -32.9%)",
      "severity": "WARNING"
    },
    {
      "quarter": "2025-09 (Q3)",
      "signal": "OP MARGIN TURNED POSITIVE (YoY)",
      "detail": "Op margin: -40.2% (year-ago) -> +7.9%",
      "severity": "HIGH"
    },
    {
      "quarter": "2025-06 (Q2)",
      "signal": "GROSS MARGIN INFLECTION",
      "detail": "GM: +68.1% -> +60.9% -> +63.8% (reversal +3.0%)",
      "severity": "MEDIUM"
    },
    {
      "quarter": "2025-06 (Q2)",
      "signal": "YoY REVENUE GROWTH ACCELERATION",
      "detail": "YoY growth: +55.2% vs prior quarter YoY: +11.4% (accel: +43.8%)",
      "severity": "HIGH"
    },
    {
      "quarter": "2025-06 (Q2)",
      "signal": "OP MARGIN TURNED POSITIVE (YoY)",
      "detail": "Op margin: -19.9% (year-ago) -> +10.9%",
      "severity": "HIGH"
    },
    {
      "quarter": "2025-06 (Q2)",
      "signal": "OP MARGIN TURNED POSITIVE (QoQ)",
      "detail": "Op margin: -9.6% -> +10.9%",
      "severity": "HIGH"
    },
    {
      "quarter": "2025-03 (Q1)",
      "signal": "FCF MARGIN EXPANSION",
      "detail": "FCF margin: +0.6% -> +17.5% (+16.9%)",
      "severity": "MEDIUM"
    },
    {
      "quarter": "2024-12 (Q4)",
      "signal": "YoY REVENUE GROWTH DECELERATION",
      "detail": "YoY growth: +13.9% vs prior quarter YoY: +30.5% (decel: -16.6%)",
      "severity": "WARNING"
    },
    {
      "quarter": "2024-12 (Q4)",
      "signal": "OP MARGIN TURNED POSITIVE (YoY)",
      "detail": "Op margin: -38.4% (year-ago) -> +11.2%",
      "severity": "HIGH"
    },
    {
      "quarter": "2024-12 (Q4)",
      "signal": "OP MARGIN TURNED POSITIVE (QoQ)",
      "detail": "Op margin: -40.2% -> +11.2%",
      "severity": "HIGH"
    },
    {
      "quarter": "2024-09 (Q3)",
      "signal": "YoY REVENUE GROWTH DECELERATION",
      "detail": "YoY growth: +30.5% vs prior quarter YoY: +36.1% (decel: -5.7%)",
      "severity": "WARNING"
    },
    {
      "quarter": "2024-06 (Q2)",
      "signal": "YoY REVENUE GROWTH DECELERATION",
      "detail": "YoY growth: +36.1% vs prior quarter YoY: +51.4% (decel: -15.3%)",
      "severity": "WARNING"
    },
    {
      "quarter": "2024-03 (Q1)",
      "signal": "FCF TURNED POSITIVE",
      "detail": "FCF margin: -22.1% -> +10.6%",
      "severity": "HIGH"
    },
    {
      "quarter": "2024-03 (Q1)",
      "signal": "YoY REVENUE GROWTH ACCELERATION",
      "detail": "YoY growth: +51.4% vs prior quarter YoY: +44.3% (accel: +7.1%)",
      "severity": "MEDIUM"
    },
    {
      "quarter": "2023-12 (Q4)",
      "signal": "YoY REVENUE GROWTH ACCELERATION",
      "detail": "YoY growth: +44.3% vs prior quarter YoY: +8.3% (accel: +36.1%)",
      "severity": "HIGH"
    },
    {
      "quarter": "2023-09 (Q3)",
      "signal": "FCF TURNED POSITIVE",
      "detail": "FCF margin: -17.3% -> +8.8%",
      "severity": "HIGH"
    },
    {
      "quarter": "2023-09 (Q3)",
      "signal": "OPERATING LEVERAGE",
      "detail": "Rev growth +18.2% vs OpEx growth +5.1% (leverage: 3.6x)",
      "severity": "MEDIUM"
    },
    {
      "quarter": "2023-09 (Q3)",
      "signal": "GROSS MARGIN INFLECTION",
      "detail": "GM: +57.2% -> +56.6% -> +60.0% (reversal +3.4%)",
      "severity": "MEDIUM"
    },
    {
      "quarter": "2023-09 (Q3)",
      "signal": "YoY REVENUE GROWTH ACCELERATION",
      "detail": "YoY growth: +8.3% vs prior quarter YoY: -1.1% (accel: +9.4%)",
      "severity": "MEDIUM"
    },
    {
      "quarter": "2022-12 (Q4)",
      "signal": "OPERATING LEVERAGE",
      "detail": "Rev growth +30.3% vs OpEx growth +1.1% (leverage: 28.3x)",
      "severity": "MEDIUM"
    },
    {
      "quarter": "2022-09 (Q3)",
      "signal": "FCF MARGIN EXPANSION",
      "detail": "FCF margin: +2.0% -> +22.8% (+20.8%)",
      "severity": "MEDIUM"
    },
    {
      "quarter": "2022-09 (Q3)",
      "signal": "OPERATING LEVERAGE",
      "detail": "Rev growth +7.9% vs OpEx growth +2.2% (leverage: 3.7x)",
      "severity": "MEDIUM"
    },
    {
      "quarter": "2022-09 (Q3)",
      "signal": "YoY REVENUE GROWTH DECELERATION",
      "detail": "YoY growth: -6.4% vs prior quarter YoY: +2.6% (decel: -9.0%)",
      "severity": "WARNING"
    },
    {
      "quarter": "2022-06 (Q2)",
      "signal": "GROSS MARGIN INFLECTION",
      "detail": "GM: +61.0% -> +59.0% -> +64.3% (reversal +5.3%)",
      "severity": "HIGH"
    },
    {
      "quarter": "2022-06 (Q2)",
      "signal": "YoY REVENUE GROWTH DECELERATION",
      "detail": "YoY growth: +2.6% vs prior quarter YoY: +22.3% (decel: -19.7%)",
      "severity": "WARNING"
    },
    {
      "quarter": "2022-03 (Q1)",
      "signal": "FCF TURNED POSITIVE",
      "detail": "FCF margin: -6.8% -> +29.6%",
      "severity": "HIGH"
    },
    {
      "quarter": "2021-12 (Q4)",
      "signal": "GROSS MARGIN INFLECTION",
      "detail": "GM: +59.0% -> +56.3% -> +61.0% (reversal +4.7%)",
      "severity": "MEDIUM"
    },
    {
      "quarter": "2021-06 (Q2)",
      "signal": "OPERATING LEVERAGE",
      "detail": "Rev growth +21.3% vs OpEx growth +13.9% (leverage: 1.5x)",
      "severity": "MEDIUM"
    },
    {
      "quarter": "2021-06 (Q2)",
      "signal": "OP MARGIN TURNED POSITIVE (QoQ)",
      "detail": "Op margin: -5.7% -> +2.5%",
      "severity": "HIGH"
    },
    {
      "quarter": "2021-03 (Q1)",
      "signal": "FCF TURNED POSITIVE",
      "detail": "FCF margin: -15.9% -> +14.7%",
      "severity": "HIGH"
    }
  ],
  "data_quality": {
    "n_quarters": 20,
    "coverage": {
      "revenue": [
        20,
        20
      ],
      "gross_profit": [
        20,
        20
      ],
      "op_income": [
        20,
        20
      ],
      "fcf": [
        20,
        20
      ]
    },
    "gaps": [],
    "warnings": []
  },
  "market_cap": null,
  "source": "SEC EDGAR",
  "last_updated": "2026-02-02T22:57:48.023902"
}