{
  "ticker": "OPTX",
  "name": "SYNTEC OPTICS HOLDINGS, INC.",
  "quarters": [
    {
      "date": "2023-03-31T00:00:00",
      "quarter_label": "2023-03 (Q1)",
      "revenue": 6884436,
      "gross_profit": 1711701,
      "operating_income": -321250,
      "net_income": -212647,
      "opex": 321250,
      "cogs": 5172735,
      "rd": null,
      "sga": null,
      "fcf": 299868,
      "ocf": 526739,
      "capex": -226871,
      "gross_margin": 0.2486334392534116,
      "op_margin": -0.046663227023971174,
      "fcf_margin": 0.04355738073532821
    },
    {
      "date": "2023-06-30T00:00:00",
      "quarter_label": "2023-06 (Q2)",
      "revenue": 200615,
      "gross_profit": 2376634,
      "operating_income": -366781,
      "net_income": -258018,
      "opex": 366781,
      "cogs": 5315662,
      "rd": null,
      "sga": null,
      "fcf": -540519,
      "ocf": 60909,
      "capex": -601428,
      "gross_margin": 11.846741270592927,
      "op_margin": -1.8282830296837225,
      "fcf_margin": -2.694309996759963,
      "fcf_margin_change": -2.737867377495291
    },
    {
      "date": "2023-09-30T00:00:00",
      "quarter_label": "2023-09 (Q3)",
      "revenue": 18750,
      "gross_profit": 1844058,
      "operating_income": -157363,
      "net_income": -12101,
      "opex": 157363,
      "cogs": 4756467,
      "rd": null,
      "sga": null,
      "fcf": 365862,
      "ocf": 517193,
      "capex": -151331,
      "gross_margin": 98.34976,
      "op_margin": -8.392693333333334,
      "fcf_margin": 19.51264,
      "fcf_margin_change": 22.206949996759963
    },
    {
      "date": "2023-12-31T00:00:00",
      "quarter_label": "2023-12 (Q4)",
      "revenue": 28980315,
      "gross_profit": 1988597,
      "operating_income": 2386506,
      "net_income": 2459199,
      "opex": -397909,
      "cogs": 6275326,
      "rd": null,
      "sga": null,
      "fcf": 745830,
      "ocf": 1687381,
      "capex": -941551,
      "gross_margin": 0.06861888837302148,
      "op_margin": 0.08234920841957721,
      "fcf_margin": 0.025735745108360623,
      "op_leverage_ratio": Infinity,
      "fcf_margin_change": -19.48690425489164
    },
    {
      "date": "2024-03-31T00:00:00",
      "quarter_label": "2024-03 (Q1)",
      "revenue": 6255908,
      "gross_profit": 707443,
      "operating_income": -1407100,
      "net_income": -1209143,
      "opex": 2114543,
      "cogs": 5548465,
      "rd": null,
      "sga": null,
      "fcf": -385059,
      "ocf": -289841,
      "capex": -95218,
      "gross_margin": 0.1130839839716313,
      "op_margin": -0.22492338442317247,
      "fcf_margin": -0.06155125682794568,
      "rev_growth_yoy": -0.09129694865345542,
      "fcf_margin_change": -0.08728700193630631
    },
    {
      "date": "2024-06-30T00:00:00",
      "quarter_label": "2024-06 (Q2)",
      "revenue": 0,
      "gross_profit": 2174327,
      "operating_income": 158544,
      "net_income": 281843,
      "opex": 2015783,
      "cogs": 4831673,
      "rd": null,
      "sga": null,
      "fcf": -1853591,
      "ocf": -1694042,
      "capex": -159549,
      "gross_margin": null,
      "op_margin": null,
      "fcf_margin": null,
      "rev_growth_yoy": -1.0,
      "rev_growth_yoy_accel": -0.9087030513465446
    },
    {
      "date": "2024-09-30T00:00:00",
      "quarter_label": "2024-09 (Q3)",
      "revenue": 0,
      "gross_profit": 1833720,
      "operating_income": 106240,
      "net_income": -13289,
      "opex": 1727480,
      "cogs": 6032635,
      "rd": null,
      "sga": null,
      "fcf": 43823,
      "ocf": 417285,
      "capex": -373462,
      "gross_margin": null,
      "op_margin": null,
      "fcf_margin": null,
      "rev_growth_yoy": -1.0,
      "rev_growth_yoy_accel": 0.0
    },
    {
      "date": "2024-12-31T00:00:00",
      "quarter_label": "2024-12 (Q4)",
      "revenue": 28449941,
      "gross_profit": 986836,
      "operating_income": -1434078,
      "net_income": -1539072,
      "opex": 2420914,
      "cogs": 6334842,
      "rd": null,
      "sga": null,
      "fcf": 12131,
      "ocf": 623768,
      "capex": -611637,
      "gross_margin": 0.0346867503169866,
      "op_margin": -0.05040706411306793,
      "fcf_margin": 0.0004263980723193767,
      "rev_growth_yoy": -0.018301181336365737,
      "rev_growth_yoy_accel": 0.9816988186636343
    },
    {
      "date": "2025-03-31T00:00:00",
      "quarter_label": "2025-03 (Q1)",
      "revenue": 7069042,
      "gross_profit": 2308618,
      "operating_income": 528452,
      "net_income": 323665,
      "opex": 1780166,
      "cogs": 4760424,
      "rd": null,
      "sga": null,
      "fcf": 84559,
      "ocf": 299290,
      "capex": -214731,
      "gross_margin": 0.32658145191385196,
      "op_margin": 0.0747558155687857,
      "fcf_margin": 0.011961875456391404,
      "rev_growth_yoy": 0.12997857385370756,
      "rev_growth_yoy_accel": 0.1482797551900733,
      "fcf_margin_change": 0.011535477384072028
    },
    {
      "date": "2025-06-30T00:00:00",
      "quarter_label": "2025-06 (Q2)",
      "revenue": 6559455,
      "gross_profit": 1597966,
      "operating_income": -146250,
      "net_income": -343921,
      "opex": 1744216,
      "cogs": 4961489,
      "rd": null,
      "sga": null,
      "fcf": -548090,
      "ocf": -158049,
      "capex": -390041,
      "gross_margin": 0.2436126172067649,
      "op_margin": -0.02229605965739532,
      "fcf_margin": -0.08355724675296956,
      "incr_op_margin_yoy": -0.046466360391221526,
      "fcf_margin_change": -0.09551912220936097
    },
    {
      "date": "2025-09-30T00:00:00",
      "quarter_label": "2025-09 (Q3)",
      "revenue": 6950220,
      "gross_profit": 854359,
      "operating_income": -1218603,
      "net_income": -1429133,
      "opex": 2072962,
      "cogs": 6095861,
      "rd": null,
      "sga": null,
      "fcf": 496252,
      "ocf": 535288,
      "capex": -39036,
      "gross_margin": 0.12292546135230252,
      "op_margin": -0.1753330110413771,
      "fcf_margin": 0.07140090529508418,
      "incr_op_margin_yoy": -0.19061885810808865,
      "op_leverage_ratio": 0.31607321188645204,
      "fcf_margin_change": 0.15495815204805374
    }
  ],
  "signals": [
    {
      "quarter": "2025-09 (Q3)",
      "signal": "FCF TURNED POSITIVE",
      "detail": "FCF margin: -8.4% -> +7.1%",
      "severity": "HIGH"
    },
    {
      "quarter": "2025-03 (Q1)",
      "signal": "YoY REVENUE GROWTH ACCELERATION",
      "detail": "YoY growth: +13.0% vs prior quarter YoY: -1.8% (accel: +14.8%)",
      "severity": "MEDIUM"
    },
    {
      "quarter": "2025-03 (Q1)",
      "signal": "OP MARGIN TURNED POSITIVE (YoY)",
      "detail": "Op margin: -22.5% (year-ago) -> +7.5%",
      "severity": "HIGH"
    },
    {
      "quarter": "2025-03 (Q1)",
      "signal": "OP MARGIN TURNED POSITIVE (QoQ)",
      "detail": "Op margin: -5.0% -> +7.5%",
      "severity": "HIGH"
    },
    {
      "quarter": "2024-12 (Q4)",
      "signal": "YoY REVENUE GROWTH ACCELERATION",
      "detail": "YoY growth: -1.8% vs prior quarter YoY: -100.0% (accel: +98.2%)",
      "severity": "HIGH"
    },
    {
      "quarter": "2024-06 (Q2)",
      "signal": "YoY REVENUE GROWTH DECELERATION",
      "detail": "YoY growth: -100.0% vs prior quarter YoY: -9.1% (decel: -90.9%)",
      "severity": "WARNING"
    },
    {
      "quarter": "2024-03 (Q1)",
      "signal": "GROSS MARGIN INFLECTION",
      "detail": "GM: +9835.0% -> +6.9% -> +11.3% (reversal +4.4%)",
      "severity": "MEDIUM"
    },
    {
      "quarter": "2023-12 (Q4)",
      "signal": "OP MARGIN TURNED POSITIVE (QoQ)",
      "detail": "Op margin: -839.3% -> +8.2%",
      "severity": "HIGH"
    },
    {
      "quarter": "2023-09 (Q3)",
      "signal": "FCF TURNED POSITIVE",
      "detail": "FCF margin: -269.4% -> +1951.3%",
      "severity": "HIGH"
    }
  ],
  "data_quality": {
    "n_quarters": 11,
    "coverage": {
      "revenue": [
        11,
        11
      ],
      "gross_profit": [
        11,
        11
      ],
      "op_income": [
        11,
        11
      ],
      "fcf": [
        11,
        11
      ]
    },
    "gaps": [],
    "warnings": []
  },
  "market_cap": null,
  "source": "SEC EDGAR",
  "last_updated": "2026-02-02T23:01:26.383689"
}