{
  "ticker": "OPXS",
  "name": "OPTEX SYSTEMS HOLDINGS, INC.",
  "sector": "Industrials",
  "industry": "Aerospace & Defense",
  "quarters": [
    {
      "date": "2021-03-28T00:00:00",
      "quarter_label": "2021-03 (Q1)",
      "revenue": 4246000,
      "gross_profit": 378000,
      "operating_income": -414000,
      "net_income": -602000,
      "opex": 792000,
      "cogs": 3868000,
      "rd": null,
      "sga": null,
      "fcf": -388000,
      "ocf": -341000,
      "capex": -47000,
      "gross_margin": 0.08902496467263307,
      "op_margin": -0.09750353273669336,
      "fcf_margin": -0.09138012246820537
    },
    {
      "date": "2021-06-27T00:00:00",
      "quarter_label": "2021-06 (Q2)",
      "revenue": 4433000,
      "gross_profit": 746000,
      "operating_income": 57000,
      "net_income": 1374000,
      "opex": 689000,
      "cogs": 3687000,
      "rd": null,
      "sga": null,
      "fcf": 948000,
      "ocf": 1034000,
      "capex": -86000,
      "gross_margin": 0.16828332957365216,
      "op_margin": 0.012858109632303182,
      "fcf_margin": 0.21385066546356868,
      "op_leverage_ratio": null,
      "fcf_margin_change": 0.30523078793177405
    },
    {
      "date": "2021-10-03T00:00:00",
      "quarter_label": "2021-10 (Q4)",
      "revenue": 5073000,
      "gross_profit": 561000,
      "operating_income": -215000,
      "net_income": 272000,
      "opex": 776000,
      "cogs": 4512000,
      "rd": null,
      "sga": null,
      "fcf": -695000,
      "ocf": -635000,
      "capex": -60000,
      "gross_margin": 0.11058545239503252,
      "op_margin": -0.042381233983835996,
      "fcf_margin": -0.13699980287798147,
      "op_leverage_ratio": 1.1433579397984293,
      "fcf_margin_change": -0.35085046834155015
    },
    {
      "date": "2022-01-02T00:00:00",
      "quarter_label": "2022-01 (Q1)",
      "revenue": 4340000,
      "gross_profit": 823000,
      "operating_income": 15000,
      "net_income": 29000,
      "opex": 808000,
      "cogs": 3517000,
      "rd": null,
      "sga": null,
      "fcf": 1459000,
      "ocf": 1549000,
      "capex": -90000,
      "gross_margin": 0.18963133640552995,
      "op_margin": 0.0034562211981566822,
      "fcf_margin": 0.33617511520737325,
      "fcf_margin_change": 0.4731749180853547
    },
    {
      "date": "2022-04-03T00:00:00",
      "quarter_label": "2022-04 (Q2)",
      "revenue": 5136000,
      "gross_profit": 716000,
      "operating_income": -191000,
      "net_income": -151000,
      "opex": 907000,
      "cogs": 4420000,
      "rd": null,
      "sga": null,
      "fcf": -237000,
      "ocf": -209000,
      "capex": -28000,
      "gross_margin": 0.1394080996884735,
      "op_margin": -0.03718847352024922,
      "fcf_margin": -0.04614485981308411,
      "rev_growth_yoy": 0.209609043805935,
      "op_leverage_ratio": 1.4969231485360517,
      "fcf_margin_change": -0.38231997502045734
    },
    {
      "date": "2022-07-03T00:00:00",
      "quarter_label": "2022-07 (Q3)",
      "revenue": 6170000,
      "gross_profit": 1268000,
      "operating_income": 510000,
      "net_income": 428000,
      "opex": 758000,
      "cogs": 4902000,
      "rd": null,
      "sga": null,
      "fcf": 432000,
      "ocf": 550000,
      "capex": -118000,
      "gross_margin": 0.20551053484602919,
      "op_margin": 0.08265802269043761,
      "fcf_margin": 0.0700162074554295,
      "incr_op_margin_yoy": 0.2607944732297064,
      "rev_growth_yoy": 0.39183397247913376,
      "rev_growth_yoy_accel": 0.18222492867319875,
      "op_leverage_ratio": null,
      "fcf_margin_change": 0.11616106726851361
    },
    {
      "date": "2022-10-02T00:00:00",
      "quarter_label": "2022-10 (Q4)",
      "revenue": 6738000,
      "gross_profit": 2090000,
      "operating_income": 1313000,
      "net_income": 977000,
      "opex": 777000,
      "cogs": 4648000,
      "rd": null,
      "sga": null,
      "fcf": 131000,
      "ocf": 152000,
      "capex": -21000,
      "gross_margin": 0.3101810626298605,
      "op_margin": 0.19486494508756308,
      "fcf_margin": 0.01944197091124963,
      "incr_op_margin_yoy": 0.9177177177177177,
      "rev_growth_yoy": 0.3282081608515671,
      "rev_growth_yoy_accel": -0.06362581162756664,
      "op_leverage_ratio": 3.6726435212829482,
      "fcf_margin_change": -0.05057423654417986
    },
    {
      "date": "2023-01-01T00:00:00",
      "quarter_label": "2023-01 (Q1)",
      "revenue": 4040000,
      "gross_profit": 717000,
      "operating_income": -282000,
      "net_income": -223000,
      "opex": 999000,
      "cogs": 3323000,
      "rd": null,
      "sga": null,
      "fcf": 361000,
      "ocf": 451000,
      "capex": -90000,
      "gross_margin": 0.17747524752475247,
      "op_margin": -0.06980198019801981,
      "fcf_margin": 0.08935643564356435,
      "rev_growth_yoy": -0.06912442396313365,
      "rev_growth_yoy_accel": -0.3973325848147008,
      "fcf_margin_change": 0.06991446473231472
    },
    {
      "date": "2023-04-02T00:00:00",
      "quarter_label": "2023-04 (Q2)",
      "revenue": 6370000,
      "gross_profit": 1553000,
      "operating_income": 615000,
      "net_income": 479000,
      "opex": 938000,
      "cogs": 4817000,
      "rd": null,
      "sga": null,
      "fcf": -1568000,
      "ocf": -1512000,
      "capex": -56000,
      "gross_margin": 0.24379905808477237,
      "op_margin": 0.09654631083202511,
      "fcf_margin": -0.24615384615384617,
      "incr_op_margin_yoy": 0.653160453808752,
      "rev_growth_yoy": 0.24026479750778817,
      "rev_growth_yoy_accel": 0.30938922147092185,
      "op_leverage_ratio": null,
      "fcf_margin_change": -0.3355102817974105
    },
    {
      "date": "2023-07-02T00:00:00",
      "quarter_label": "2023-07 (Q3)",
      "revenue": 7172000,
      "gross_profit": 1712000,
      "operating_income": 752000,
      "net_income": 576000,
      "opex": 960000,
      "cogs": 5460000,
      "rd": null,
      "sga": null,
      "fcf": -562000,
      "ocf": -340000,
      "capex": -222000,
      "gross_margin": 0.23870607919687675,
      "op_margin": 0.10485220301171222,
      "fcf_margin": -0.07836029001673174,
      "incr_op_margin_yoy": 0.24151696606786427,
      "rev_growth_yoy": 0.16239870340356563,
      "rev_growth_yoy_accel": -0.07786609410422254,
      "op_leverage_ratio": 5.368031968031968,
      "fcf_margin_change": 0.16779355613711444
    },
    {
      "date": "2023-10-01T00:00:00",
      "quarter_label": "2023-10 (Q4)",
      "revenue": 8077000,
      "gross_profit": 2636000,
      "operating_income": 1701000,
      "net_income": 1431000,
      "opex": 935000,
      "cogs": 5441000,
      "rd": null,
      "sga": null,
      "fcf": 1097000,
      "ocf": 1105000,
      "capex": -8000,
      "gross_margin": 0.3263587965828897,
      "op_margin": 0.21059799430481616,
      "fcf_margin": 0.13581775411662747,
      "incr_op_margin_yoy": 0.28976848394324123,
      "rev_growth_yoy": 0.19872365687147522,
      "rev_growth_yoy_accel": 0.03632495346790959,
      "op_leverage_ratio": null,
      "fcf_margin_change": 0.21417804413335922
    },
    {
      "date": "2023-12-31T00:00:00",
      "quarter_label": "2023-12 (Q4)",
      "revenue": 6968000,
      "gross_profit": 1684000,
      "operating_income": 553000,
      "net_income": 431000,
      "opex": 1131000,
      "cogs": 5284000,
      "rd": null,
      "sga": null,
      "fcf": 2196000,
      "ocf": 2254000,
      "capex": -58000,
      "gross_margin": 0.24167623421354764,
      "op_margin": 0.07936280137772675,
      "fcf_margin": 0.31515499425947185,
      "incr_op_margin_yoy": 0.2851775956284153,
      "rev_growth_yoy": 0.7247524752475247,
      "rev_growth_yoy_accel": 0.5260288183760495,
      "fcf_margin_change": 0.17933724014284438
    },
    {
      "date": "2024-03-31T00:00:00",
      "quarter_label": "2024-03 (Q1)",
      "revenue": 8523000,
      "gross_profit": 2557000,
      "operating_income": 1356000,
      "net_income": 1062000,
      "opex": 1201000,
      "cogs": 5966000,
      "rd": null,
      "sga": null,
      "fcf": -1385000,
      "ocf": -1276000,
      "capex": -109000,
      "gross_margin": 0.3000117329578787,
      "op_margin": 0.15909890883491729,
      "fcf_margin": -0.16250146661973483,
      "incr_op_margin_yoy": 0.344170924291686,
      "rev_growth_yoy": 0.3379905808477237,
      "rev_growth_yoy_accel": -0.386761894399801,
      "op_leverage_ratio": 3.60567697228145,
      "fcf_margin_change": -0.47765646087920666
    },
    {
      "date": "2024-06-30T00:00:00",
      "quarter_label": "2024-06 (Q2)",
      "revenue": 9060000,
      "gross_profit": 2881000,
      "operating_income": 1615000,
      "net_income": 1261000,
      "opex": 1266000,
      "cogs": 6179000,
      "rd": null,
      "sga": null,
      "fcf": -256000,
      "ocf": 50000,
      "capex": -306000,
      "gross_margin": 0.3179911699779249,
      "op_margin": 0.1782560706401766,
      "fcf_margin": -0.0282560706401766,
      "incr_op_margin_yoy": 0.4570974576271186,
      "rev_growth_yoy": 0.2632459564974902,
      "rev_growth_yoy_accel": -0.07474462435023349,
      "op_leverage_ratio": 1.1641567162158504,
      "fcf_margin_change": 0.13424539597955823
    },
    {
      "date": "2024-09-29T00:00:00",
      "quarter_label": "2024-09 (Q3)",
      "revenue": 9443000,
      "gross_profit": 2407000,
      "operating_income": 1298000,
      "net_income": 1014000,
      "opex": 1109000,
      "cogs": 7036000,
      "rd": null,
      "sga": null,
      "fcf": 545000,
      "ocf": 753000,
      "capex": -208000,
      "gross_margin": 0.25489780790003175,
      "op_margin": 0.1374563168484592,
      "fcf_margin": 0.05771470930848247,
      "incr_op_margin_yoy": -0.29502196193265007,
      "rev_growth_yoy": 0.16912219883620155,
      "rev_growth_yoy_accel": -0.09412375766128867,
      "op_leverage_ratio": null,
      "fcf_margin_change": 0.08597077994865907
    },
    {
      "date": "2024-12-29T00:00:00",
      "quarter_label": "2024-12 (Q4)",
      "revenue": 8198000,
      "gross_profit": 2128000,
      "operating_income": 916000,
      "net_income": 844000,
      "opex": 1212000,
      "cogs": 6070000,
      "rd": null,
      "sga": null,
      "fcf": 2482000,
      "ocf": 2801000,
      "capex": -319000,
      "gross_margin": 0.25957550622102954,
      "op_margin": 0.11173456940717248,
      "fcf_margin": 0.3027567699438887,
      "incr_op_margin_yoy": 0.2951219512195122,
      "rev_growth_yoy": 0.1765212399540758,
      "rev_growth_yoy_accel": 0.007399041117874233,
      "fcf_margin_change": 0.24504206063540626
    },
    {
      "date": "2025-03-30T00:00:00",
      "quarter_label": "2025-03 (Q1)",
      "revenue": 10730000,
      "gross_profit": 3361000,
      "operating_income": 2237000,
      "net_income": 1768000,
      "opex": 1124000,
      "cogs": 7369000,
      "rd": null,
      "sga": null,
      "fcf": 1050000,
      "ocf": 1184000,
      "capex": -134000,
      "gross_margin": 0.3132339235787512,
      "op_margin": 0.20848089468779124,
      "fcf_margin": 0.097856477166822,
      "incr_op_margin_yoy": 0.3991844132306298,
      "rev_growth_yoy": 0.2589463803824944,
      "rev_growth_yoy_accel": 0.08242514042841861,
      "op_leverage_ratio": null,
      "fcf_margin_change": -0.20490029277706673
    },
    {
      "date": "2025-06-29T00:00:00",
      "quarter_label": "2025-06 (Q2)",
      "revenue": 11110000,
      "gross_profit": 3168000,
      "operating_income": 1911000,
      "net_income": 1510000,
      "opex": 1257000,
      "cogs": 7942000,
      "rd": null,
      "sga": null,
      "fcf": 1383000,
      "ocf": 1383000,
      "capex": null,
      "gross_margin": 0.2851485148514851,
      "op_margin": 0.172007200720072,
      "fcf_margin": 0.12448244824482448,
      "incr_op_margin_yoy": 0.144390243902439,
      "rev_growth_yoy": 0.22626931567328917,
      "rev_growth_yoy_accel": -0.03267706470920523,
      "op_leverage_ratio": 0.29929436825988553,
      "fcf_margin_change": 0.026625971078002478
    },
    {
      "date": "2025-09-28T00:00:00",
      "quarter_label": "2025-09 (Q3)",
      "revenue": 11299000,
      "gross_profit": 3399000,
      "operating_income": 2067000,
      "net_income": 1025000,
      "opex": 1332000,
      "cogs": 7900000,
      "rd": null,
      "sga": null,
      "fcf": 1522000,
      "ocf": 1563000,
      "capex": -41000,
      "gross_margin": 0.300823081688645,
      "op_margin": 0.18293654305690768,
      "fcf_margin": 0.1347021860341623,
      "incr_op_margin_yoy": 0.41433189655172414,
      "rev_growth_yoy": 0.19654770729641005,
      "rev_growth_yoy_accel": -0.02972160837687912,
      "op_leverage_ratio": 0.2851161116111611,
      "fcf_margin_change": 0.010219737789337838
    },
    {
      "date": "2025-12-28T00:00:00",
      "quarter_label": "2025-12 (Q4)",
      "revenue": 9145000,
      "gross_profit": 2096000,
      "operating_income": 149000,
      "net_income": 242000,
      "opex": 1947000,
      "cogs": 7049000,
      "rd": null,
      "sga": null,
      "fcf": -548000,
      "ocf": -92000,
      "capex": -456000,
      "gross_margin": 0.2291962821213778,
      "op_margin": 0.01629305631492619,
      "fcf_margin": -0.05992345544013122,
      "rev_growth_yoy": 0.11551597950719687,
      "rev_growth_yoy_accel": -0.08103172778921318,
      "fcf_margin_change": -0.19462564147429354
    }
  ],
  "signals": [
    {
      "quarter": "2025-12 (Q4)",
      "signal": "YoY REVENUE GROWTH DECELERATION",
      "detail": "YoY growth: +11.6% vs prior quarter YoY: +19.7% (decel: -8.1%)",
      "severity": "WARNING"
    },
    {
      "quarter": "2025-09 (Q3)",
      "signal": "INCREMENTAL MARGIN (YoY)",
      "detail": "YoY Incr OPM: +41.4% vs year-ago OPM: +13.7%",
      "severity": "HIGH"
    },
    {
      "quarter": "2025-03 (Q1)",
      "signal": "YoY REVENUE GROWTH ACCELERATION",
      "detail": "YoY growth: +25.9% vs prior quarter YoY: +17.7% (accel: +8.2%)",
      "severity": "MEDIUM"
    },
    {
      "quarter": "2025-03 (Q1)",
      "signal": "INCREMENTAL MARGIN (YoY)",
      "detail": "YoY Incr OPM: +39.9% vs year-ago OPM: +15.9%",
      "severity": "HIGH"
    },
    {
      "quarter": "2024-12 (Q4)",
      "signal": "FCF MARGIN EXPANSION",
      "detail": "FCF margin: +5.8% -> +30.3% (+24.5%)",
      "severity": "MEDIUM"
    },
    {
      "quarter": "2024-12 (Q4)",
      "signal": "INCREMENTAL MARGIN (YoY)",
      "detail": "YoY Incr OPM: +29.5% vs year-ago OPM: +7.9%",
      "severity": "HIGH"
    },
    {
      "quarter": "2024-09 (Q3)",
      "signal": "FCF TURNED POSITIVE",
      "detail": "FCF margin: -2.8% -> +5.8%",
      "severity": "HIGH"
    },
    {
      "quarter": "2024-09 (Q3)",
      "signal": "YoY REVENUE GROWTH DECELERATION",
      "detail": "YoY growth: +16.9% vs prior quarter YoY: +26.3% (decel: -9.4%)",
      "severity": "WARNING"
    },
    {
      "quarter": "2024-06 (Q2)",
      "signal": "FCF MARGIN EXPANSION",
      "detail": "FCF margin: -16.3% -> -2.8% (+13.4%)",
      "severity": "MEDIUM"
    },
    {
      "quarter": "2024-06 (Q2)",
      "signal": "YoY REVENUE GROWTH DECELERATION",
      "detail": "YoY growth: +26.3% vs prior quarter YoY: +33.8% (decel: -7.5%)",
      "severity": "WARNING"
    },
    {
      "quarter": "2024-06 (Q2)",
      "signal": "INCREMENTAL MARGIN (YoY)",
      "detail": "YoY Incr OPM: +45.7% vs year-ago OPM: +10.5%",
      "severity": "HIGH"
    },
    {
      "quarter": "2024-03 (Q1)",
      "signal": "OPERATING LEVERAGE",
      "detail": "Rev growth +22.3% vs OpEx growth +6.2% (leverage: 3.6x)",
      "severity": "MEDIUM"
    },
    {
      "quarter": "2024-03 (Q1)",
      "signal": "GROSS MARGIN INFLECTION",
      "detail": "GM: +32.6% -> +24.2% -> +30.0% (reversal +5.8%)",
      "severity": "HIGH"
    },
    {
      "quarter": "2024-03 (Q1)",
      "signal": "YoY REVENUE GROWTH DECELERATION",
      "detail": "YoY growth: +33.8% vs prior quarter YoY: +72.5% (decel: -38.7%)",
      "severity": "WARNING"
    },
    {
      "quarter": "2024-03 (Q1)",
      "signal": "INCREMENTAL MARGIN (YoY)",
      "detail": "YoY Incr OPM: +34.4% vs year-ago OPM: +9.7%",
      "severity": "HIGH"
    },
    {
      "quarter": "2023-12 (Q4)",
      "signal": "FCF MARGIN EXPANSION",
      "detail": "FCF margin: +13.6% -> +31.5% (+17.9%)",
      "severity": "MEDIUM"
    },
    {
      "quarter": "2023-12 (Q4)",
      "signal": "YoY REVENUE GROWTH ACCELERATION",
      "detail": "YoY growth: +72.5% vs prior quarter YoY: +19.9% (accel: +52.6%)",
      "severity": "HIGH"
    },
    {
      "quarter": "2023-12 (Q4)",
      "signal": "OP MARGIN TURNED POSITIVE (YoY)",
      "detail": "Op margin: -7.0% (year-ago) -> +7.9%",
      "severity": "HIGH"
    },
    {
      "quarter": "2023-10 (Q4)",
      "signal": "FCF TURNED POSITIVE",
      "detail": "FCF margin: -7.8% -> +13.6%",
      "severity": "HIGH"
    },
    {
      "quarter": "2023-10 (Q4)",
      "signal": "GROSS MARGIN INFLECTION",
      "detail": "GM: +24.4% -> +23.9% -> +32.6% (reversal +8.8%)",
      "severity": "HIGH"
    },
    {
      "quarter": "2023-07 (Q3)",
      "signal": "FCF MARGIN EXPANSION",
      "detail": "FCF margin: -24.6% -> -7.8% (+16.8%)",
      "severity": "MEDIUM"
    },
    {
      "quarter": "2023-07 (Q3)",
      "signal": "OPERATING LEVERAGE",
      "detail": "Rev growth +12.6% vs OpEx growth +2.3% (leverage: 5.4x)",
      "severity": "MEDIUM"
    },
    {
      "quarter": "2023-07 (Q3)",
      "signal": "YoY REVENUE GROWTH DECELERATION",
      "detail": "YoY growth: +16.2% vs prior quarter YoY: +24.0% (decel: -7.8%)",
      "severity": "WARNING"
    },
    {
      "quarter": "2023-07 (Q3)",
      "signal": "INCREMENTAL MARGIN (YoY)",
      "detail": "YoY Incr OPM: +24.2% vs year-ago OPM: +8.3%",
      "severity": "MEDIUM"
    },
    {
      "quarter": "2023-04 (Q2)",
      "signal": "GROSS MARGIN INFLECTION",
      "detail": "GM: +31.0% -> +17.7% -> +24.4% (reversal +6.6%)",
      "severity": "HIGH"
    },
    {
      "quarter": "2023-04 (Q2)",
      "signal": "YoY REVENUE GROWTH ACCELERATION",
      "detail": "YoY growth: +24.0% vs prior quarter YoY: -6.9% (accel: +30.9%)",
      "severity": "HIGH"
    },
    {
      "quarter": "2023-04 (Q2)",
      "signal": "OP MARGIN TURNED POSITIVE (YoY)",
      "detail": "Op margin: -3.7% (year-ago) -> +9.7%",
      "severity": "HIGH"
    },
    {
      "quarter": "2023-04 (Q2)",
      "signal": "OP MARGIN TURNED POSITIVE (QoQ)",
      "detail": "Op margin: -7.0% -> +9.7%",
      "severity": "HIGH"
    },
    {
      "quarter": "2023-01 (Q1)",
      "signal": "FCF MARGIN EXPANSION",
      "detail": "FCF margin: +1.9% -> +8.9% (+7.0%)",
      "severity": "MEDIUM"
    },
    {
      "quarter": "2023-01 (Q1)",
      "signal": "YoY REVENUE GROWTH DECELERATION",
      "detail": "YoY growth: -6.9% vs prior quarter YoY: +32.8% (decel: -39.7%)",
      "severity": "WARNING"
    },
    {
      "quarter": "2022-10 (Q4)",
      "signal": "OPERATING LEVERAGE",
      "detail": "Rev growth +9.2% vs OpEx growth +2.5% (leverage: 3.7x)",
      "severity": "MEDIUM"
    },
    {
      "quarter": "2022-10 (Q4)",
      "signal": "YoY REVENUE GROWTH DECELERATION",
      "detail": "YoY growth: +32.8% vs prior quarter YoY: +39.2% (decel: -6.4%)",
      "severity": "WARNING"
    },
    {
      "quarter": "2022-10 (Q4)",
      "signal": "OP MARGIN TURNED POSITIVE (YoY)",
      "detail": "Op margin: -4.2% (year-ago) -> +19.5%",
      "severity": "HIGH"
    },
    {
      "quarter": "2022-07 (Q3)",
      "signal": "FCF TURNED POSITIVE",
      "detail": "FCF margin: -4.6% -> +7.0%",
      "severity": "HIGH"
    },
    {
      "quarter": "2022-07 (Q3)",
      "signal": "GROSS MARGIN INFLECTION",
      "detail": "GM: +19.0% -> +13.9% -> +20.6% (reversal +6.6%)",
      "severity": "HIGH"
    },
    {
      "quarter": "2022-07 (Q3)",
      "signal": "YoY REVENUE GROWTH ACCELERATION",
      "detail": "YoY growth: +39.2% vs prior quarter YoY: +21.0% (accel: +18.2%)",
      "severity": "HIGH"
    },
    {
      "quarter": "2022-07 (Q3)",
      "signal": "INCREMENTAL MARGIN (YoY)",
      "detail": "YoY Incr OPM: +26.1% vs year-ago OPM: +1.3%",
      "severity": "HIGH"
    },
    {
      "quarter": "2022-07 (Q3)",
      "signal": "OP MARGIN TURNED POSITIVE (QoQ)",
      "detail": "Op margin: -3.7% -> +8.3%",
      "severity": "HIGH"
    },
    {
      "quarter": "2022-01 (Q1)",
      "signal": "FCF TURNED POSITIVE",
      "detail": "FCF margin: -13.7% -> +33.6%",
      "severity": "HIGH"
    },
    {
      "quarter": "2022-01 (Q1)",
      "signal": "GROSS MARGIN INFLECTION",
      "detail": "GM: +16.8% -> +11.1% -> +19.0% (reversal +7.9%)",
      "severity": "HIGH"
    },
    {
      "quarter": "2022-01 (Q1)",
      "signal": "OP MARGIN TURNED POSITIVE (QoQ)",
      "detail": "Op margin: -4.2% -> +0.3%",
      "severity": "HIGH"
    },
    {
      "quarter": "2021-06 (Q2)",
      "signal": "FCF TURNED POSITIVE",
      "detail": "FCF margin: -9.1% -> +21.4%",
      "severity": "HIGH"
    },
    {
      "quarter": "2021-06 (Q2)",
      "signal": "OP MARGIN TURNED POSITIVE (QoQ)",
      "detail": "Op margin: -9.8% -> +1.3%",
      "severity": "HIGH"
    }
  ],
  "data_quality": {
    "n_quarters": 20,
    "coverage": {
      "revenue": [
        20,
        20
      ],
      "gross_profit": [
        20,
        20
      ],
      "op_income": [
        20,
        20
      ],
      "fcf": [
        20,
        20
      ]
    },
    "gaps": [],
    "warnings": []
  },
  "market_cap": null,
  "source": "SEC EDGAR",
  "last_updated": "2026-02-13T11:43:22.529522"
}