{
  "ticker": "ORA",
  "name": "ORMAT TECHNOLOGIES, INC.",
  "quarters": [
    {
      "date": "2020-12-31T00:00:00",
      "quarter_label": "2020-12 (Q4)",
      "revenue": 179382000,
      "gross_profit": 75041000,
      "operating_income": 53195000,
      "net_income": 20698000,
      "opex": 21846000,
      "cogs": 104341000,
      "rd": 1114000,
      "sga": null,
      "fcf": -62839000,
      "ocf": 26115000,
      "capex": -88954000,
      "gross_margin": 0.41833071322652216,
      "op_margin": 0.2965459187655395,
      "fcf_margin": -0.35030828065246233
    },
    {
      "date": "2021-03-31T00:00:00",
      "quarter_label": "2021-03 (Q1)",
      "revenue": 166352000,
      "gross_profit": 73647000,
      "operating_income": 49889000,
      "net_income": 15259000,
      "opex": 23758000,
      "cogs": 92705000,
      "rd": 876000,
      "sga": null,
      "fcf": -18972000,
      "ocf": 68924000,
      "capex": -87896000,
      "gross_margin": 0.4427178513032606,
      "op_margin": 0.29990021159949987,
      "fcf_margin": -0.114047321342695,
      "fcf_margin_change": 0.23626095930976732
    },
    {
      "date": "2021-06-30T00:00:00",
      "quarter_label": "2021-06 (Q2)",
      "revenue": 146901000,
      "gross_profit": 51975000,
      "operating_income": 28619000,
      "net_income": 13026000,
      "opex": 23356000,
      "cogs": 94926000,
      "rd": 1128000,
      "sga": null,
      "fcf": -90072000,
      "ocf": 29920000,
      "capex": -119992000,
      "gross_margin": 0.35380970857924726,
      "op_margin": 0.1948182789769981,
      "fcf_margin": -0.6131476300365553,
      "fcf_margin_change": -0.49910030869386024
    },
    {
      "date": "2021-09-30T00:00:00",
      "quarter_label": "2021-09 (Q3)",
      "revenue": 158842000,
      "gross_profit": 63140000,
      "operating_income": 35988000,
      "net_income": 14902000,
      "opex": 27152000,
      "cogs": 95702000,
      "rd": 1175000,
      "sga": null,
      "fcf": -34588000,
      "ocf": 45947000,
      "capex": -80535000,
      "gross_margin": 0.39750192014706437,
      "op_margin": 0.2265647624683648,
      "fcf_margin": -0.21775097266466048,
      "op_leverage_ratio": 0.500136106659762,
      "fcf_margin_change": 0.3953966573718948
    },
    {
      "date": "2021-12-31T00:00:00",
      "quarter_label": "2021-12 (Q4)",
      "revenue": 190989000,
      "gross_profit": 75576000,
      "operating_income": 54861000,
      "net_income": 18905000,
      "opex": 20715000,
      "cogs": 115413000,
      "rd": 950000,
      "sga": null,
      "fcf": -16818000,
      "ocf": 114031000,
      "capex": -130849000,
      "gross_margin": 0.39570865337794325,
      "op_margin": 0.2872469095078774,
      "fcf_margin": -0.0880574273911063,
      "incr_op_margin_yoy": 0.14353407426552942,
      "rev_growth_yoy": 0.06470548884503462,
      "op_leverage_ratio": Infinity,
      "fcf_margin_change": 0.1296935452735542
    },
    {
      "date": "2022-03-31T00:00:00",
      "quarter_label": "2022-03 (Q1)",
      "revenue": 183710000,
      "gross_profit": 69905000,
      "operating_income": 45078000,
      "net_income": 18430000,
      "opex": 24827000,
      "cogs": 113805000,
      "rd": 1064000,
      "sga": null,
      "fcf": -55470000,
      "ocf": 81776000,
      "capex": -137246000,
      "gross_margin": 0.3805182080452888,
      "op_margin": 0.24537586413368898,
      "fcf_margin": -0.3019432801698329,
      "incr_op_margin_yoy": -0.2771632676575642,
      "rev_growth_yoy": 0.10434500336635567,
      "rev_growth_yoy_accel": 0.039639514521321056,
      "fcf_margin_change": -0.21388585277872663
    },
    {
      "date": "2022-06-30T00:00:00",
      "quarter_label": "2022-06 (Q2)",
      "revenue": 169078000,
      "gross_profit": 57601000,
      "operating_income": 38607000,
      "net_income": 11260000,
      "opex": 18994000,
      "cogs": 111477000,
      "rd": 1388000,
      "sga": null,
      "fcf": -92679000,
      "ocf": 33514000,
      "capex": -126193000,
      "gross_margin": 0.3406770839494198,
      "op_margin": 0.22833840002838926,
      "fcf_margin": -0.5481434604147198,
      "incr_op_margin_yoy": 0.45037651621048835,
      "rev_growth_yoy": 0.15096561629941252,
      "rev_growth_yoy_accel": 0.046620612933056846,
      "fcf_margin_change": -0.24620018024488693
    },
    {
      "date": "2022-09-30T00:00:00",
      "quarter_label": "2022-09 (Q3)",
      "revenue": 175885000,
      "gross_profit": 61108000,
      "operating_income": 38893000,
      "net_income": 18110000,
      "opex": 22215000,
      "cogs": 114777000,
      "rd": 1238000,
      "sga": null,
      "fcf": -53982000,
      "ocf": 90957000,
      "capex": -144939000,
      "gross_margin": 0.347431560394576,
      "op_margin": 0.22112744122580094,
      "fcf_margin": -0.306916451090201,
      "incr_op_margin_yoy": 0.170451211641143,
      "rev_growth_yoy": 0.10729529973180897,
      "rev_growth_yoy_accel": -0.04367031656760355,
      "op_leverage_ratio": 0.23740745776170596,
      "fcf_margin_change": 0.24122700932451885
    },
    {
      "date": "2022-12-31T00:00:00",
      "quarter_label": "2022-12 (Q4)",
      "revenue": 205486000,
      "gross_profit": 80210000,
      "operating_income": 30225000,
      "net_income": 18041000,
      "opex": 49985000,
      "cogs": 125276000,
      "rd": 1388000,
      "sga": null,
      "fcf": -80371000,
      "ocf": 74727000,
      "capex": -155098000,
      "gross_margin": 0.3903428944064316,
      "op_margin": 0.1470903127220346,
      "fcf_margin": -0.391126402771965,
      "incr_op_margin_yoy": -1.6993860798785956,
      "rev_growth_yoy": 0.07590489504631157,
      "rev_growth_yoy_accel": -0.031390404685497406,
      "op_leverage_ratio": 0.13463191327025245,
      "fcf_margin_change": -0.08420995168176398
    },
    {
      "date": "2023-03-31T00:00:00",
      "quarter_label": "2023-03 (Q1)",
      "revenue": 185232000,
      "gross_profit": 76069000,
      "operating_income": 53166000,
      "net_income": 29029000,
      "opex": 22903000,
      "cogs": 109163000,
      "rd": 1288000,
      "sga": null,
      "fcf": -50421000,
      "ocf": 56456000,
      "capex": -106877000,
      "gross_margin": 0.41066878293167486,
      "op_margin": 0.28702384037315365,
      "fcf_margin": -0.2722045866804872,
      "incr_op_margin_yoy": 5.314060446780552,
      "rev_growth_yoy": 0.008284796690436013,
      "rev_growth_yoy_accel": -0.06762009835587555,
      "fcf_margin_change": 0.11892181609147778
    },
    {
      "date": "2023-06-30T00:00:00",
      "quarter_label": "2023-06 (Q2)",
      "revenue": 194796000,
      "gross_profit": 49490000,
      "operating_income": 24224000,
      "net_income": 24191000,
      "opex": 25266000,
      "cogs": 145306000,
      "rd": 2083000,
      "sga": null,
      "fcf": -85787000,
      "ocf": 74049000,
      "capex": -159836000,
      "gross_margin": 0.25406065832973984,
      "op_margin": 0.12435573625741801,
      "fcf_margin": -0.4403940532659808,
      "incr_op_margin_yoy": -0.5592581071622987,
      "rev_growth_yoy": 0.15210731141839862,
      "rev_growth_yoy_accel": 0.1438225147279626,
      "op_leverage_ratio": 0.5004402160938201,
      "fcf_margin_change": -0.1681894665854936
    },
    {
      "date": "2023-09-30T00:00:00",
      "quarter_label": "2023-09 (Q3)",
      "revenue": 208056000,
      "gross_profit": 60003000,
      "operating_income": 37567000,
      "net_income": 35453000,
      "opex": 22436000,
      "cogs": 148053000,
      "rd": 1392000,
      "sga": null,
      "fcf": -142327000,
      "ocf": 39751000,
      "capex": -182078000,
      "gross_margin": 0.2883983158380436,
      "op_margin": 0.18056196408659206,
      "fcf_margin": -0.6840802476256392,
      "incr_op_margin_yoy": -0.04121724534518666,
      "rev_growth_yoy": 0.1829092873184183,
      "rev_growth_yoy_accel": 0.03080197590001968,
      "op_leverage_ratio": Infinity,
      "fcf_margin_change": -0.24368619435965844
    },
    {
      "date": "2023-12-31T00:00:00",
      "quarter_label": "2023-12 (Q4)",
      "revenue": 241340000,
      "gross_profit": 78456000,
      "operating_income": 51628000,
      "net_income": 35726000,
      "opex": 26828000,
      "cogs": 162884000,
      "rd": 2452000,
      "sga": null,
      "fcf": -30447000,
      "ocf": 139145000,
      "capex": -169592000,
      "gross_margin": 0.32508494240490593,
      "op_margin": 0.2139222673406812,
      "fcf_margin": -0.12615811717908346,
      "incr_op_margin_yoy": 0.5969487365426451,
      "rev_growth_yoy": 0.17448390644618125,
      "rev_growth_yoy_accel": -0.008425380872237043,
      "op_leverage_ratio": 0.8172188369069474,
      "fcf_margin_change": 0.5579221304465558
    },
    {
      "date": "2024-03-31T00:00:00",
      "quarter_label": "2024-03 (Q1)",
      "revenue": 224166000,
      "gross_profit": 78810000,
      "operating_income": 52583000,
      "net_income": 38587000,
      "opex": 26227000,
      "cogs": 145356000,
      "rd": 1564000,
      "sga": null,
      "fcf": 11823000,
      "ocf": 115209000,
      "capex": -103386000,
      "gross_margin": 0.35156981879500016,
      "op_margin": 0.2345717013284798,
      "fcf_margin": 0.05274216428896443,
      "incr_op_margin_yoy": -0.014974058663379052,
      "rev_growth_yoy": 0.21019046385073853,
      "rev_growth_yoy_accel": 0.035706557404557276,
      "fcf_margin_change": 0.17890028146804787
    },
    {
      "date": "2024-06-30T00:00:00",
      "quarter_label": "2024-06 (Q2)",
      "revenue": 212963000,
      "gross_profit": 61386000,
      "operating_income": 35127000,
      "net_income": 22243000,
      "opex": 26259000,
      "cogs": 151577000,
      "rd": 1730000,
      "sga": null,
      "fcf": -116144000,
      "ocf": 30695000,
      "capex": -146839000,
      "gross_margin": 0.28824725421786884,
      "op_margin": 0.16494414522710518,
      "fcf_margin": -0.545371731239699,
      "incr_op_margin_yoy": 0.6001541256123741,
      "rev_growth_yoy": 0.09326166861742541,
      "rev_growth_yoy_accel": -0.11692879523331312,
      "fcf_margin_change": -0.5981138955286633
    },
    {
      "date": "2024-09-30T00:00:00",
      "quarter_label": "2024-09 (Q3)",
      "revenue": 211784000,
      "gross_profit": 58862000,
      "operating_income": 35675000,
      "net_income": 22082000,
      "opex": 23187000,
      "cogs": 152922000,
      "rd": 1816000,
      "sga": null,
      "fcf": -3320000,
      "ocf": 106396000,
      "capex": -109716000,
      "gross_margin": 0.2779341215578136,
      "op_margin": 0.1684499301174782,
      "fcf_margin": -0.015676349488157746,
      "incr_op_margin_yoy": -0.5075107296137339,
      "rev_growth_yoy": 0.017918252778098203,
      "rev_growth_yoy_accel": -0.0753434158393272,
      "fcf_margin_change": 0.5296953817515412
    },
    {
      "date": "2024-12-31T00:00:00",
      "quarter_label": "2024-12 (Q4)",
      "revenue": 230741000,
      "gross_profit": 73561000,
      "operating_income": 49085000,
      "net_income": 40821000,
      "opex": 24476000,
      "cogs": 157180000,
      "rd": 1391000,
      "sga": null,
      "fcf": 30882000,
      "ocf": 158619000,
      "capex": -127737000,
      "gross_margin": 0.3188033336078114,
      "op_margin": 0.21272769035411998,
      "fcf_margin": 0.13383837289428407,
      "incr_op_margin_yoy": 0.23992829512218133,
      "rev_growth_yoy": -0.04391729510234524,
      "rev_growth_yoy_accel": -0.061835547880443445,
      "op_leverage_ratio": 1.6101565687621713,
      "fcf_margin_change": 0.14951472238244182
    },
    {
      "date": "2025-03-31T00:00:00",
      "quarter_label": "2025-03 (Q1)",
      "revenue": 229762000,
      "gross_profit": 72927000,
      "operating_income": 50913000,
      "net_income": 40362000,
      "opex": 22014000,
      "cogs": 156835000,
      "rd": 2542000,
      "sga": null,
      "fcf": -104592000,
      "ocf": 88010000,
      "capex": -192602000,
      "gross_margin": 0.3174023554808889,
      "op_margin": 0.221590167216511,
      "fcf_margin": -0.4552188786657498,
      "incr_op_margin_yoy": -0.29842744817726946,
      "rev_growth_yoy": 0.024963643014551715,
      "rev_growth_yoy_accel": 0.06888093811689695,
      "fcf_margin_change": -0.5890572515600339
    },
    {
      "date": "2025-06-30T00:00:00",
      "quarter_label": "2025-06 (Q2)",
      "revenue": 234018000,
      "gross_profit": 56895000,
      "operating_income": 35318000,
      "net_income": 28046000,
      "opex": 21577000,
      "cogs": 177123000,
      "rd": 1439000,
      "sga": null,
      "fcf": -37927000,
      "ocf": 96897000,
      "capex": -134824000,
      "gross_margin": 0.24312232392380073,
      "op_margin": 0.15092001469972396,
      "fcf_margin": -0.16206872975583075,
      "incr_op_margin_yoy": 0.009071479458560912,
      "rev_growth_yoy": 0.09886693932748881,
      "rev_growth_yoy_accel": 0.0739032963129371,
      "op_leverage_ratio": Infinity,
      "fcf_margin_change": 0.29315014890991903
    },
    {
      "date": "2025-09-30T00:00:00",
      "quarter_label": "2025-09 (Q3)",
      "revenue": 249727000,
      "gross_profit": 64037000,
      "operating_income": 40432000,
      "net_income": 24137000,
      "opex": 23605000,
      "cogs": 185690000,
      "rd": 1284000,
      "sga": null,
      "fcf": -102113000,
      "ocf": 45154000,
      "capex": -147267000,
      "gross_margin": 0.25642801939718174,
      "op_margin": 0.16190480004164548,
      "fcf_margin": -0.40889851718076137,
      "incr_op_margin_yoy": 0.12537226892971035,
      "rev_growth_yoy": 0.1791589544063763,
      "rev_growth_yoy_accel": 0.08029201507888749,
      "op_leverage_ratio": 0.7142041792904448,
      "fcf_margin_change": -0.2468297874249306
    }
  ],
  "signals": [
    {
      "quarter": "2025-09 (Q3)",
      "signal": "YoY REVENUE GROWTH ACCELERATION",
      "detail": "YoY growth: +17.9% vs prior quarter YoY: +9.9% (accel: +8.0%)",
      "severity": "MEDIUM"
    },
    {
      "quarter": "2025-06 (Q2)",
      "signal": "FCF MARGIN EXPANSION",
      "detail": "FCF margin: -45.5% -> -16.2% (+29.3%)",
      "severity": "MEDIUM"
    },
    {
      "quarter": "2025-06 (Q2)",
      "signal": "YoY REVENUE GROWTH ACCELERATION",
      "detail": "YoY growth: +9.9% vs prior quarter YoY: +2.5% (accel: +7.4%)",
      "severity": "MEDIUM"
    },
    {
      "quarter": "2025-03 (Q1)",
      "signal": "YoY REVENUE GROWTH ACCELERATION",
      "detail": "YoY growth: +2.5% vs prior quarter YoY: -4.4% (accel: +6.9%)",
      "severity": "MEDIUM"
    },
    {
      "quarter": "2024-12 (Q4)",
      "signal": "FCF TURNED POSITIVE",
      "detail": "FCF margin: -1.6% -> +13.4%",
      "severity": "HIGH"
    },
    {
      "quarter": "2024-12 (Q4)",
      "signal": "OPERATING LEVERAGE",
      "detail": "Rev growth +9.0% vs OpEx growth +5.6% (leverage: 1.6x)",
      "severity": "MEDIUM"
    },
    {
      "quarter": "2024-12 (Q4)",
      "signal": "GROSS MARGIN INFLECTION",
      "detail": "GM: +28.8% -> +27.8% -> +31.9% (reversal +4.1%)",
      "severity": "MEDIUM"
    },
    {
      "quarter": "2024-12 (Q4)",
      "signal": "YoY REVENUE GROWTH DECELERATION",
      "detail": "YoY growth: -4.4% vs prior quarter YoY: +1.8% (decel: -6.2%)",
      "severity": "WARNING"
    },
    {
      "quarter": "2024-09 (Q3)",
      "signal": "FCF MARGIN EXPANSION",
      "detail": "FCF margin: -54.5% -> -1.6% (+53.0%)",
      "severity": "MEDIUM"
    },
    {
      "quarter": "2024-09 (Q3)",
      "signal": "YoY REVENUE GROWTH DECELERATION",
      "detail": "YoY growth: +1.8% vs prior quarter YoY: +9.3% (decel: -7.5%)",
      "severity": "WARNING"
    },
    {
      "quarter": "2024-06 (Q2)",
      "signal": "YoY REVENUE GROWTH DECELERATION",
      "detail": "YoY growth: +9.3% vs prior quarter YoY: +21.0% (decel: -11.7%)",
      "severity": "WARNING"
    },
    {
      "quarter": "2024-06 (Q2)",
      "signal": "INCREMENTAL MARGIN (YoY)",
      "detail": "YoY Incr OPM: +60.0% vs year-ago OPM: +12.4%",
      "severity": "HIGH"
    },
    {
      "quarter": "2024-03 (Q1)",
      "signal": "FCF TURNED POSITIVE",
      "detail": "FCF margin: -12.6% -> +5.3%",
      "severity": "HIGH"
    },
    {
      "quarter": "2023-12 (Q4)",
      "signal": "FCF MARGIN EXPANSION",
      "detail": "FCF margin: -68.4% -> -12.6% (+55.8%)",
      "severity": "MEDIUM"
    },
    {
      "quarter": "2023-12 (Q4)",
      "signal": "INCREMENTAL MARGIN (YoY)",
      "detail": "YoY Incr OPM: +59.7% vs year-ago OPM: +14.7%",
      "severity": "HIGH"
    },
    {
      "quarter": "2023-09 (Q3)",
      "signal": "GROSS MARGIN INFLECTION",
      "detail": "GM: +41.1% -> +25.4% -> +28.8% (reversal +3.4%)",
      "severity": "MEDIUM"
    },
    {
      "quarter": "2023-06 (Q2)",
      "signal": "YoY REVENUE GROWTH ACCELERATION",
      "detail": "YoY growth: +15.2% vs prior quarter YoY: +0.8% (accel: +14.4%)",
      "severity": "MEDIUM"
    },
    {
      "quarter": "2023-03 (Q1)",
      "signal": "FCF MARGIN EXPANSION",
      "detail": "FCF margin: -39.1% -> -27.2% (+11.9%)",
      "severity": "MEDIUM"
    },
    {
      "quarter": "2023-03 (Q1)",
      "signal": "YoY REVENUE GROWTH DECELERATION",
      "detail": "YoY growth: +0.8% vs prior quarter YoY: +7.6% (decel: -6.8%)",
      "severity": "WARNING"
    },
    {
      "quarter": "2023-03 (Q1)",
      "signal": "INCREMENTAL MARGIN (YoY)",
      "detail": "YoY Incr OPM: +531.4% vs year-ago OPM: +24.5%",
      "severity": "HIGH"
    },
    {
      "quarter": "2022-09 (Q3)",
      "signal": "FCF MARGIN EXPANSION",
      "detail": "FCF margin: -54.8% -> -30.7% (+24.1%)",
      "severity": "MEDIUM"
    },
    {
      "quarter": "2022-06 (Q2)",
      "signal": "INCREMENTAL MARGIN (YoY)",
      "detail": "YoY Incr OPM: +45.0% vs year-ago OPM: +19.5%",
      "severity": "HIGH"
    },
    {
      "quarter": "2021-12 (Q4)",
      "signal": "FCF MARGIN EXPANSION",
      "detail": "FCF margin: -21.8% -> -8.8% (+13.0%)",
      "severity": "MEDIUM"
    },
    {
      "quarter": "2021-09 (Q3)",
      "signal": "FCF MARGIN EXPANSION",
      "detail": "FCF margin: -61.3% -> -21.8% (+39.5%)",
      "severity": "MEDIUM"
    },
    {
      "quarter": "2021-09 (Q3)",
      "signal": "GROSS MARGIN INFLECTION",
      "detail": "GM: +44.3% -> +35.4% -> +39.8% (reversal +4.4%)",
      "severity": "MEDIUM"
    },
    {
      "quarter": "2021-03 (Q1)",
      "signal": "FCF MARGIN EXPANSION",
      "detail": "FCF margin: -35.0% -> -11.4% (+23.6%)",
      "severity": "MEDIUM"
    }
  ],
  "data_quality": {
    "n_quarters": 20,
    "coverage": {
      "revenue": [
        20,
        20
      ],
      "gross_profit": [
        20,
        20
      ],
      "op_income": [
        20,
        20
      ],
      "fcf": [
        20,
        20
      ]
    },
    "gaps": [],
    "warnings": []
  },
  "market_cap": null,
  "source": "SEC EDGAR",
  "last_updated": "2026-02-02T20:47:54.314593"
}