{
  "ticker": "ORBS",
  "name": "EIGHTCO HOLDINGS INC.",
  "quarters": [
    {
      "date": "2021-03-31T00:00:00",
      "quarter_label": "2021-03 (Q1)",
      "revenue": 1757652,
      "gross_profit": 474494,
      "operating_income": -19561,
      "net_income": -29007,
      "opex": 494055,
      "cogs": 1283158,
      "rd": null,
      "sga": 494055,
      "fcf": -31773,
      "ocf": -31773,
      "capex": null,
      "gross_margin": 0.26995901350210394,
      "op_margin": -0.011129051712170554,
      "fcf_margin": -0.018076957213373296
    },
    {
      "date": "2021-06-30T00:00:00",
      "quarter_label": "2021-06 (Q2)",
      "revenue": 2006694,
      "gross_profit": 602405,
      "operating_income": -44014,
      "net_income": -1177,
      "opex": 646419,
      "cogs": 1404289,
      "rd": null,
      "sga": 646419,
      "fcf": -214874,
      "ocf": -214874,
      "capex": null,
      "gross_margin": 0.30019773817034384,
      "op_margin": -0.021933588280026752,
      "fcf_margin": -0.10707860789936084,
      "op_leverage_ratio": 0.4594440546132508,
      "fcf_margin_change": -0.08900165068598755
    },
    {
      "date": "2021-09-30T00:00:00",
      "quarter_label": "2021-09 (Q3)",
      "revenue": 2002982,
      "gross_profit": 570476,
      "operating_income": 365259,
      "net_income": 607103,
      "opex": 205217,
      "cogs": 1432506,
      "rd": null,
      "sga": 205217,
      "fcf": 594566,
      "ocf": 594566,
      "capex": null,
      "gross_margin": 0.284813343305132,
      "op_margin": 0.18235760481122645,
      "fcf_margin": 0.2968404109472776,
      "fcf_margin_change": 0.40391901884663844
    },
    {
      "date": "2021-12-31T00:00:00",
      "quarter_label": "2021-12 (Q4)",
      "revenue": 2106957,
      "gross_profit": 544793,
      "operating_income": -732976,
      "net_income": -548139,
      "opex": 1277769,
      "cogs": 1562164,
      "rd": null,
      "sga": 1277769,
      "fcf": -545078,
      "ocf": -545078,
      "capex": null,
      "gross_margin": 0.2585686371387741,
      "op_margin": -0.34788370147088904,
      "fcf_margin": -0.2587039033069968,
      "op_leverage_ratio": 0.009932232106139222,
      "fcf_margin_change": -0.5555443142542744
    },
    {
      "date": "2022-03-31T00:00:00",
      "quarter_label": "2022-03 (Q1)",
      "revenue": 3719647,
      "gross_profit": 545264,
      "operating_income": -1376531,
      "net_income": -1010390,
      "opex": 1921795,
      "cogs": 3174383,
      "rd": null,
      "sga": 1921795,
      "fcf": -1558506,
      "ocf": -1551911,
      "capex": -6595,
      "gross_margin": 0.14659025439779635,
      "op_margin": -0.3700703319427892,
      "fcf_margin": -0.4189929850870257,
      "incr_op_margin_yoy": -0.6916276545047261,
      "rev_growth_yoy": 1.1162590774510541,
      "op_leverage_ratio": 1.5186026991960226,
      "fcf_margin_change": -0.16028908178002893
    },
    {
      "date": "2022-06-30T00:00:00",
      "quarter_label": "2022-06 (Q2)",
      "revenue": 7345959,
      "gross_profit": 799084,
      "operating_income": -3493224,
      "net_income": -3364449,
      "opex": 4292308,
      "cogs": 6546875,
      "rd": null,
      "sga": 4292308,
      "fcf": -4388272,
      "ocf": -4342268,
      "capex": -46004,
      "gross_margin": 0.10877871765960033,
      "op_margin": -0.47553001589036914,
      "fcf_margin": -0.5973722423443965,
      "incr_op_margin_yoy": -0.6460083925409209,
      "rev_growth_yoy": 2.660727046575113,
      "rev_growth_yoy_accel": 1.544467969124059,
      "op_leverage_ratio": 0.7903658339666989,
      "fcf_margin_change": -0.17837925725737075
    },
    {
      "date": "2022-09-30T00:00:00",
      "quarter_label": "2022-09 (Q3)",
      "revenue": 4701929,
      "gross_profit": 419982,
      "operating_income": -3769329,
      "net_income": -34883145,
      "opex": 4189311,
      "cogs": 4281947,
      "rd": null,
      "sga": 4189311,
      "fcf": -9308138,
      "ocf": -9278093,
      "capex": -30045,
      "gross_margin": 0.08932121263421886,
      "op_margin": -0.801655873578695,
      "fcf_margin": -1.9796423978328894,
      "incr_op_margin_yoy": -1.531926340161552,
      "rev_growth_yoy": 1.3474644305340737,
      "rev_growth_yoy_accel": -1.3132626160410394,
      "fcf_margin_change": -1.3822701554884929
    },
    {
      "date": "2022-12-31T00:00:00",
      "quarter_label": "2022-12 (Q4)",
      "revenue": 16053244,
      "gross_profit": 429580,
      "operating_income": -6868420,
      "net_income": -8000427,
      "opex": 7298000,
      "cogs": 15623664,
      "rd": null,
      "sga": 5998000,
      "fcf": -1547117,
      "ocf": -1547117,
      "capex": null,
      "gross_margin": 0.026759700406970705,
      "op_margin": -0.427852463963047,
      "fcf_margin": -0.09637410357682223,
      "incr_op_margin_yoy": -0.4399338691366383,
      "rev_growth_yoy": 6.61916071376872,
      "rev_growth_yoy_accel": 5.271696283234646,
      "op_leverage_ratio": 3.2533848073528557,
      "fcf_margin_change": 1.8832682942560672
    },
    {
      "date": "2023-03-31T00:00:00",
      "quarter_label": "2023-03 (Q1)",
      "revenue": 15889715,
      "gross_profit": 1819092,
      "operating_income": -3530339,
      "net_income": -49851140,
      "opex": 5349431,
      "cogs": 14070623,
      "rd": null,
      "sga": 5349431,
      "fcf": -4973589,
      "ocf": -4937282,
      "capex": -36307,
      "gross_margin": 0.11448235541040226,
      "op_margin": -0.22217761614981765,
      "fcf_margin": -0.31300680975083567,
      "incr_op_margin_yoy": -0.17697583941190798,
      "rev_growth_yoy": 3.27183412834605,
      "rev_growth_yoy_accel": -3.3473265854226697,
      "fcf_margin_change": -0.21663270617401342
    },
    {
      "date": "2023-06-30T00:00:00",
      "quarter_label": "2023-06 (Q2)",
      "revenue": 20547153,
      "gross_profit": 2529894,
      "operating_income": -2764096,
      "net_income": -8853248,
      "opex": 5293990,
      "cogs": 18017259,
      "rd": null,
      "sga": 5001242,
      "fcf": -812796,
      "ocf": -735076,
      "capex": -77720,
      "gross_margin": 0.12312625500963564,
      "op_margin": -0.13452452512520835,
      "fcf_margin": -0.039557597103598734,
      "incr_op_margin_yoy": 0.05523197371389285,
      "rev_growth_yoy": 1.7970688374383794,
      "rev_growth_yoy_accel": -1.4747652909076705,
      "op_leverage_ratio": Infinity,
      "fcf_margin_change": 0.27344921264723693
    },
    {
      "date": "2023-09-30T00:00:00",
      "quarter_label": "2023-09 (Q3)",
      "revenue": 23334588,
      "gross_profit": 2747304,
      "operating_income": -687543,
      "net_income": -3453150,
      "opex": 3434847,
      "cogs": 20587284,
      "rd": null,
      "sga": 3434847,
      "fcf": -1029024,
      "ocf": -1025648,
      "capex": -3376,
      "gross_margin": 0.11773526920638153,
      "op_margin": -0.029464544220793615,
      "fcf_margin": -0.044098657323626195,
      "incr_op_margin_yoy": 0.16539700533348461,
      "rev_growth_yoy": 3.962769110294945,
      "rev_growth_yoy_accel": 2.1657002728565655,
      "op_leverage_ratio": Infinity,
      "fcf_margin_change": -0.004541060220027461
    },
    {
      "date": "2023-12-31T00:00:00",
      "quarter_label": "2023-12 (Q4)",
      "revenue": 15526028,
      "gross_profit": 1396171,
      "operating_income": -2995194,
      "net_income": -6162851,
      "opex": 4391365,
      "cogs": 14129857,
      "rd": null,
      "sga": 2550131,
      "fcf": 298927,
      "ocf": 298927,
      "capex": null,
      "gross_margin": 0.08992454477088409,
      "op_margin": -0.19291437578239587,
      "fcf_margin": 0.019253282294737585,
      "rev_growth_yoy": -0.03284171099623229,
      "rev_growth_yoy_accel": -3.9956108212911774,
      "fcf_margin_change": 0.06335193961836377
    },
    {
      "date": "2024-03-31T00:00:00",
      "quarter_label": "2024-03 (Q1)",
      "revenue": 9619820,
      "gross_profit": 1885762,
      "operating_income": -2991035,
      "net_income": 4947871,
      "opex": 4876797,
      "cogs": 7734058,
      "rd": null,
      "sga": 3461959,
      "fcf": -723292,
      "ocf": -723292,
      "capex": null,
      "gross_margin": 0.1960288238241464,
      "op_margin": -0.31092421687723887,
      "fcf_margin": -0.0751876854244674,
      "incr_op_margin_yoy": -0.08601483756905019,
      "rev_growth_yoy": -0.39458826039359424,
      "rev_growth_yoy_accel": -0.36174654939736195,
      "fcf_margin_change": -0.09444096771920499
    },
    {
      "date": "2024-06-30T00:00:00",
      "quarter_label": "2024-06 (Q2)",
      "revenue": 7017013,
      "gross_profit": 1777811,
      "operating_income": -1683410,
      "net_income": 4448892,
      "opex": 3461221,
      "cogs": 5239202,
      "rd": null,
      "sga": 3461221,
      "fcf": -440274,
      "ocf": -440274,
      "capex": null,
      "gross_margin": 0.25335723334130916,
      "op_margin": -0.23990407314337311,
      "fcf_margin": -0.06274379141096076,
      "incr_op_margin_yoy": -0.07987249208064366,
      "rev_growth_yoy": -0.6584922008416446,
      "rev_growth_yoy_accel": -0.2639039404480504,
      "fcf_margin_change": 0.012443894013506637
    },
    {
      "date": "2024-09-30T00:00:00",
      "quarter_label": "2024-09 (Q3)",
      "revenue": 7672395,
      "gross_profit": 2046871,
      "operating_income": -1676320,
      "net_income": -3177373,
      "opex": 3723191,
      "cogs": 5625524,
      "rd": null,
      "sga": 3723191,
      "fcf": 82360,
      "ocf": 77701,
      "capex": 4659,
      "gross_margin": 0.26678383998738336,
      "op_margin": -0.21848718685625546,
      "fcf_margin": 0.010734588091462965,
      "incr_op_margin_yoy": 0.0631314529197795,
      "rev_growth_yoy": -0.67120075143388,
      "rev_growth_yoy_accel": -0.012708550592235413,
      "op_leverage_ratio": 1.2340137480113909,
      "fcf_margin_change": 0.07347837950242372
    },
    {
      "date": "2024-12-31T00:00:00",
      "quarter_label": "2024-12 (Q4)",
      "revenue": 15312044,
      "gross_profit": 271554,
      "operating_income": -1841794,
      "net_income": -2503955,
      "opex": 2113348,
      "cogs": 15040490,
      "rd": null,
      "sga": 2113348,
      "fcf": -5551236,
      "ocf": -5551236,
      "capex": null,
      "gross_margin": 0.017734666906652045,
      "op_margin": -0.12028400649841393,
      "fcf_margin": -0.36254049426712726,
      "rev_growth_yoy": -0.01378227580164096,
      "rev_growth_yoy_accel": 0.6574184756322391,
      "op_leverage_ratio": Infinity,
      "fcf_margin_change": -0.3732750823585902
    },
    {
      "date": "2025-03-31T00:00:00",
      "quarter_label": "2025-03 (Q1)",
      "revenue": 9913987,
      "gross_profit": 813259,
      "operating_income": -1416166,
      "net_income": -2548725,
      "opex": 2229425,
      "cogs": 9100728,
      "rd": null,
      "sga": 2229425,
      "fcf": 999667,
      "ocf": 999824,
      "capex": -157,
      "gross_margin": 0.08203147734609699,
      "op_margin": -0.14284525489089303,
      "fcf_margin": 0.10083400351442866,
      "rev_growth_yoy": 0.030579262397841124,
      "rev_growth_yoy_accel": 0.04436153819948208,
      "fcf_margin_change": 0.4633744977815559
    },
    {
      "date": "2025-06-30T00:00:00",
      "quarter_label": "2025-06 (Q2)",
      "revenue": 7578646,
      "gross_profit": 1245296,
      "operating_income": -1206536,
      "net_income": -1169519,
      "opex": 2451832,
      "cogs": 6333350,
      "rd": null,
      "sga": 2451832,
      "fcf": -661261,
      "ocf": -659210,
      "capex": -2051,
      "gross_margin": 0.16431642274886568,
      "op_margin": -0.15920205271495727,
      "fcf_margin": -0.08725318480372352,
      "rev_growth_yoy": 0.0800387572318877,
      "rev_growth_yoy_accel": 0.04945949483404658,
      "fcf_margin_change": -0.1880871883181522
    },
    {
      "date": "2025-09-30T00:00:00",
      "quarter_label": "2025-09 (Q3)",
      "revenue": 5300527,
      "gross_profit": -195850,
      "operating_income": -6198058,
      "net_income": -25844218,
      "opex": 6002208,
      "cogs": 5496377,
      "rd": null,
      "sga": 6002208,
      "fcf": -1619862,
      "ocf": -1619862,
      "capex": null,
      "gross_margin": -0.03694915618767719,
      "op_margin": -1.169328634681042,
      "fcf_margin": -0.3056039522107896,
      "incr_op_margin_yoy": 1.9064037290439435,
      "rev_growth_yoy": -0.3091431032943429,
      "rev_growth_yoy_accel": -0.3891818605262306,
      "fcf_margin_change": -0.2183507674070661
    }
  ],
  "signals": [
    {
      "quarter": "2025-09 (Q3)",
      "signal": "YoY REVENUE GROWTH DECELERATION",
      "detail": "YoY growth: -30.9% vs prior quarter YoY: +8.0% (decel: -38.9%)",
      "severity": "WARNING"
    },
    {
      "quarter": "2025-03 (Q1)",
      "signal": "FCF TURNED POSITIVE",
      "detail": "FCF margin: -36.3% -> +10.1%",
      "severity": "HIGH"
    },
    {
      "quarter": "2025-03 (Q1)",
      "signal": "GROSS MARGIN INFLECTION",
      "detail": "GM: +26.7% -> +1.8% -> +8.2% (reversal +6.4%)",
      "severity": "HIGH"
    },
    {
      "quarter": "2024-12 (Q4)",
      "signal": "YoY REVENUE GROWTH ACCELERATION",
      "detail": "YoY growth: -1.4% vs prior quarter YoY: -67.1% (accel: +65.7%)",
      "severity": "HIGH"
    },
    {
      "quarter": "2024-09 (Q3)",
      "signal": "FCF TURNED POSITIVE",
      "detail": "FCF margin: -6.3% -> +1.1%",
      "severity": "HIGH"
    },
    {
      "quarter": "2024-06 (Q2)",
      "signal": "YoY REVENUE GROWTH DECELERATION",
      "detail": "YoY growth: -65.8% vs prior quarter YoY: -39.5% (decel: -26.4%)",
      "severity": "WARNING"
    },
    {
      "quarter": "2024-03 (Q1)",
      "signal": "GROSS MARGIN INFLECTION",
      "detail": "GM: +11.8% -> +9.0% -> +19.6% (reversal +10.6%)",
      "severity": "HIGH"
    },
    {
      "quarter": "2024-03 (Q1)",
      "signal": "YoY REVENUE GROWTH DECELERATION",
      "detail": "YoY growth: -39.5% vs prior quarter YoY: -3.3% (decel: -36.2%)",
      "severity": "WARNING"
    },
    {
      "quarter": "2023-12 (Q4)",
      "signal": "FCF TURNED POSITIVE",
      "detail": "FCF margin: -4.4% -> +1.9%",
      "severity": "HIGH"
    },
    {
      "quarter": "2023-12 (Q4)",
      "signal": "YoY REVENUE GROWTH DECELERATION",
      "detail": "YoY growth: -3.3% vs prior quarter YoY: +396.3% (decel: -399.6%)",
      "severity": "WARNING"
    },
    {
      "quarter": "2023-09 (Q3)",
      "signal": "YoY REVENUE GROWTH ACCELERATION",
      "detail": "YoY growth: +396.3% vs prior quarter YoY: +179.7% (accel: +216.6%)",
      "severity": "HIGH"
    },
    {
      "quarter": "2023-06 (Q2)",
      "signal": "FCF MARGIN EXPANSION",
      "detail": "FCF margin: -31.3% -> -4.0% (+27.3%)",
      "severity": "MEDIUM"
    },
    {
      "quarter": "2023-06 (Q2)",
      "signal": "YoY REVENUE GROWTH DECELERATION",
      "detail": "YoY growth: +179.7% vs prior quarter YoY: +327.2% (decel: -147.5%)",
      "severity": "WARNING"
    },
    {
      "quarter": "2023-03 (Q1)",
      "signal": "GROSS MARGIN INFLECTION",
      "detail": "GM: +8.9% -> +2.7% -> +11.4% (reversal +8.8%)",
      "severity": "HIGH"
    },
    {
      "quarter": "2023-03 (Q1)",
      "signal": "YoY REVENUE GROWTH DECELERATION",
      "detail": "YoY growth: +327.2% vs prior quarter YoY: +661.9% (decel: -334.7%)",
      "severity": "WARNING"
    },
    {
      "quarter": "2022-12 (Q4)",
      "signal": "FCF MARGIN EXPANSION",
      "detail": "FCF margin: -198.0% -> -9.6% (+188.3%)",
      "severity": "MEDIUM"
    },
    {
      "quarter": "2022-12 (Q4)",
      "signal": "OPERATING LEVERAGE",
      "detail": "Rev growth +241.4% vs OpEx growth +74.2% (leverage: 3.3x)",
      "severity": "MEDIUM"
    },
    {
      "quarter": "2022-12 (Q4)",
      "signal": "YoY REVENUE GROWTH ACCELERATION",
      "detail": "YoY growth: +661.9% vs prior quarter YoY: +134.7% (accel: +527.2%)",
      "severity": "HIGH"
    },
    {
      "quarter": "2022-09 (Q3)",
      "signal": "YoY REVENUE GROWTH DECELERATION",
      "detail": "YoY growth: +134.7% vs prior quarter YoY: +266.1% (decel: -131.3%)",
      "severity": "WARNING"
    },
    {
      "quarter": "2022-06 (Q2)",
      "signal": "YoY REVENUE GROWTH ACCELERATION",
      "detail": "YoY growth: +266.1% vs prior quarter YoY: +111.6% (accel: +154.4%)",
      "severity": "HIGH"
    },
    {
      "quarter": "2022-03 (Q1)",
      "signal": "OPERATING LEVERAGE",
      "detail": "Rev growth +76.5% vs OpEx growth +50.4% (leverage: 1.5x)",
      "severity": "MEDIUM"
    },
    {
      "quarter": "2021-09 (Q3)",
      "signal": "FCF TURNED POSITIVE",
      "detail": "FCF margin: -10.7% -> +29.7%",
      "severity": "HIGH"
    },
    {
      "quarter": "2021-09 (Q3)",
      "signal": "OP MARGIN TURNED POSITIVE (QoQ)",
      "detail": "Op margin: -2.2% -> +18.2%",
      "severity": "HIGH"
    }
  ],
  "data_quality": {
    "n_quarters": 19,
    "coverage": {
      "revenue": [
        19,
        19
      ],
      "gross_profit": [
        19,
        19
      ],
      "op_income": [
        19,
        19
      ],
      "fcf": [
        19,
        19
      ]
    },
    "gaps": [],
    "warnings": []
  },
  "market_cap": null,
  "source": "SEC EDGAR",
  "last_updated": "2026-02-02T22:48:59.316667"
}