{
  "ticker": "ORGNW",
  "name": "ORIGIN MATERIALS, INC.",
  "quarters": [
    {
      "date": "2022-03-31T00:00:00",
      "quarter_label": "2022-03 (Q1)",
      "revenue": 0,
      "gross_profit": 0,
      "operating_income": -7556000,
      "net_income": 7346000,
      "opex": 7556000,
      "cogs": 0,
      "rd": 2337000,
      "sga": null,
      "fcf": -11670000,
      "ocf": -1290000,
      "capex": -10380000,
      "gross_margin": null,
      "op_margin": null,
      "fcf_margin": null
    },
    {
      "date": "2022-06-30T00:00:00",
      "quarter_label": "2022-06 (Q2)",
      "revenue": 0,
      "gross_profit": 0,
      "operating_income": -8673000,
      "net_income": 46931000,
      "opex": 8673000,
      "cogs": 0,
      "rd": 2649000,
      "sga": null,
      "fcf": -16407000,
      "ocf": -1742000,
      "capex": -14665000,
      "gross_margin": null,
      "op_margin": null,
      "fcf_margin": null
    },
    {
      "date": "2022-09-30T00:00:00",
      "quarter_label": "2022-09 (Q3)",
      "revenue": 0,
      "gross_profit": 0,
      "operating_income": -9746000,
      "net_income": 8299000,
      "opex": 9746000,
      "cogs": 0,
      "rd": 3732000,
      "sga": null,
      "fcf": -39210000,
      "ocf": -6430000,
      "capex": -32780000,
      "gross_margin": null,
      "op_margin": null,
      "fcf_margin": null
    },
    {
      "date": "2022-12-31T00:00:00",
      "quarter_label": "2022-12 (Q4)",
      "revenue": 0,
      "gross_profit": null,
      "operating_income": -12973000,
      "net_income": 15993000,
      "opex": 12973000,
      "cogs": null,
      "rd": 5424000,
      "sga": null,
      "fcf": -42496000,
      "ocf": -16630000,
      "capex": -25866000,
      "gross_margin": null,
      "op_margin": null,
      "fcf_margin": null
    },
    {
      "date": "2023-03-31T00:00:00",
      "quarter_label": "2023-03 (Q1)",
      "revenue": 1704000,
      "gross_profit": 744000,
      "operating_income": -12275000,
      "net_income": 9769000,
      "opex": 13019000,
      "cogs": 960000,
      "rd": 5075000,
      "sga": null,
      "fcf": -60030000,
      "ocf": -19067000,
      "capex": -40963000,
      "gross_margin": 0.43661971830985913,
      "op_margin": -7.203638497652582,
      "fcf_margin": -35.228873239436616,
      "incr_op_margin_yoy": -2.7693661971830985
    },
    {
      "date": "2023-06-30T00:00:00",
      "quarter_label": "2023-06 (Q2)",
      "revenue": 6898000,
      "gross_profit": 84000,
      "operating_income": -14278000,
      "net_income": -6464000,
      "opex": 14362000,
      "cogs": 6814000,
      "rd": 5396000,
      "sga": null,
      "fcf": -47888000,
      "ocf": -16567000,
      "capex": -31321000,
      "gross_margin": 0.012177442737025224,
      "op_margin": -2.069875326181502,
      "fcf_margin": -6.942302116555523,
      "incr_op_margin_yoy": -0.8125543635836474,
      "op_leverage_ratio": 29.548399980423618,
      "fcf_margin_change": 28.286571122881092
    },
    {
      "date": "2023-09-30T00:00:00",
      "quarter_label": "2023-09 (Q3)",
      "revenue": 7140000,
      "gross_profit": 800000,
      "operating_income": -12146000,
      "net_income": 30931000,
      "opex": 12946000,
      "cogs": 6340000,
      "rd": 4927000,
      "sga": null,
      "fcf": -28642000,
      "ocf": -10813000,
      "capex": -17829000,
      "gross_margin": 0.11204481792717087,
      "op_margin": -1.7011204481792717,
      "fcf_margin": -4.011484593837535,
      "incr_op_margin_yoy": -0.33613445378151263,
      "op_leverage_ratio": Infinity,
      "fcf_margin_change": 2.9308175227179882
    },
    {
      "date": "2023-12-31T00:00:00",
      "quarter_label": "2023-12 (Q4)",
      "revenue": 13063000,
      "gross_profit": null,
      "operating_income": -16183000,
      "net_income": -10438000,
      "opex": 19769000,
      "cogs": null,
      "rd": 5953000,
      "sga": null,
      "fcf": -25983000,
      "ocf": -13908000,
      "capex": -12075000,
      "gross_margin": null,
      "op_margin": -1.2388425323432597,
      "fcf_margin": -1.9890530506009338,
      "incr_op_margin_yoy": -0.24573222077623824,
      "op_leverage_ratio": 1.5739964636008295,
      "fcf_margin_change": 2.022431543236601
    },
    {
      "date": "2024-03-31T00:00:00",
      "quarter_label": "2024-03 (Q1)",
      "revenue": 6825000,
      "gross_profit": null,
      "operating_income": -17997000,
      "net_income": -13913000,
      "opex": 18135000,
      "cogs": null,
      "rd": 5819000,
      "sga": null,
      "fcf": -18674000,
      "ocf": -16735000,
      "capex": -1939000,
      "gross_margin": null,
      "op_margin": -2.6369230769230767,
      "fcf_margin": -2.7361172161172163,
      "incr_op_margin_yoy": -1.1173598906463582,
      "rev_growth_yoy": 3.005281690140845,
      "fcf_margin_change": -0.7470641655162824
    },
    {
      "date": "2024-06-30T00:00:00",
      "quarter_label": "2024-06 (Q2)",
      "revenue": 7033000,
      "gross_profit": null,
      "operating_income": -18257000,
      "net_income": -19499000,
      "opex": 18464000,
      "cogs": null,
      "rd": 4392000,
      "sga": null,
      "fcf": -15598000,
      "ocf": -14962000,
      "capex": -636000,
      "gross_margin": null,
      "op_margin": -2.5959050191952224,
      "fcf_margin": -2.217830228920802,
      "rev_growth_yoy": 0.019570890113076254,
      "rev_growth_yoy_accel": -2.9857108000277686,
      "op_leverage_ratio": 1.6798957881024752,
      "fcf_margin_change": 0.5182869871964142
    },
    {
      "date": "2024-09-30T00:00:00",
      "quarter_label": "2024-09 (Q3)",
      "revenue": 8202000,
      "gross_profit": null,
      "operating_income": -32405000,
      "net_income": -36763000,
      "opex": 32466000,
      "cogs": null,
      "rd": 5127000,
      "sga": null,
      "fcf": -15968000,
      "ocf": -13426000,
      "capex": -2542000,
      "gross_margin": null,
      "op_margin": -3.950865642526213,
      "fcf_margin": -1.9468422336015605,
      "incr_op_margin_yoy": -19.076271186440678,
      "rev_growth_yoy": 0.14873949579831933,
      "rev_growth_yoy_accel": 0.12916860568524308,
      "op_leverage_ratio": 0.21918438537136528,
      "fcf_margin_change": 0.27098799531924156
    },
    {
      "date": "2024-12-31T00:00:00",
      "quarter_label": "2024-12 (Q4)",
      "revenue": 9222000,
      "gross_profit": null,
      "operating_income": -16204000,
      "net_income": -13522000,
      "opex": 16216000,
      "cogs": null,
      "rd": 3216000,
      "sga": null,
      "fcf": -9543000,
      "ocf": -5707000,
      "capex": -3836000,
      "gross_margin": null,
      "op_margin": -1.757102580785079,
      "fcf_margin": -1.034808067664281,
      "incr_op_margin_yoy": 0.005467326217130955,
      "rev_growth_yoy": -0.2940365919007885,
      "rev_growth_yoy_accel": -0.4427760876991078,
      "op_leverage_ratio": Infinity,
      "fcf_margin_change": 0.9120341659372795
    },
    {
      "date": "2025-03-31T00:00:00",
      "quarter_label": "2025-03 (Q1)",
      "revenue": 5430000,
      "gross_profit": null,
      "operating_income": -32623000,
      "net_income": -26441000,
      "opex": 32736000,
      "cogs": null,
      "rd": 3301000,
      "sga": null,
      "fcf": -15433000,
      "ocf": -8439000,
      "capex": -6994000,
      "gross_margin": null,
      "op_margin": -6.007918968692449,
      "fcf_margin": -2.842173112338858,
      "incr_op_margin_yoy": 10.484587813620072,
      "rev_growth_yoy": -0.2043956043956044,
      "rev_growth_yoy_accel": 0.08964098750518412,
      "fcf_margin_change": -1.807365044674577
    },
    {
      "date": "2025-06-30T00:00:00",
      "quarter_label": "2025-06 (Q2)",
      "revenue": 5813000,
      "gross_profit": null,
      "operating_income": -14966000,
      "net_income": -12747000,
      "opex": 15148000,
      "cogs": null,
      "rd": 3278000,
      "sga": null,
      "fcf": -16010000,
      "ocf": -7294000,
      "capex": -8716000,
      "gross_margin": null,
      "op_margin": -2.5745742301737486,
      "fcf_margin": -2.754171684156202,
      "incr_op_margin_yoy": -2.6975409836065576,
      "rev_growth_yoy": -0.17346793686904594,
      "rev_growth_yoy_accel": 0.030927667526558456,
      "op_leverage_ratio": Infinity,
      "fcf_margin_change": 0.08800142818265622
    },
    {
      "date": "2025-09-30T00:00:00",
      "quarter_label": "2025-09 (Q3)",
      "revenue": 4657000,
      "gross_profit": null,
      "operating_income": -16934000,
      "net_income": -16382000,
      "opex": 17091000,
      "cogs": null,
      "rd": 3328000,
      "sga": null,
      "fcf": -13527000,
      "ocf": -8139000,
      "capex": -5388000,
      "gross_margin": null,
      "op_margin": -3.6362465106291606,
      "fcf_margin": -2.9046596521365684,
      "incr_op_margin_yoy": -4.364174894217207,
      "rev_growth_yoy": -0.4322116556937332,
      "rev_growth_yoy_accel": -0.2587437188246873,
      "fcf_margin_change": -0.15048796798036657
    }
  ],
  "signals": [
    {
      "quarter": "2025-09 (Q3)",
      "signal": "YoY REVENUE GROWTH DECELERATION",
      "detail": "YoY growth: -43.2% vs prior quarter YoY: -17.3% (decel: -25.9%)",
      "severity": "WARNING"
    },
    {
      "quarter": "2025-06 (Q2)",
      "signal": "FCF MARGIN EXPANSION",
      "detail": "FCF margin: -284.2% -> -275.4% (+8.8%)",
      "severity": "MEDIUM"
    },
    {
      "quarter": "2025-03 (Q1)",
      "signal": "YoY REVENUE GROWTH ACCELERATION",
      "detail": "YoY growth: -20.4% vs prior quarter YoY: -29.4% (accel: +9.0%)",
      "severity": "MEDIUM"
    },
    {
      "quarter": "2024-12 (Q4)",
      "signal": "FCF MARGIN EXPANSION",
      "detail": "FCF margin: -194.7% -> -103.5% (+91.2%)",
      "severity": "MEDIUM"
    },
    {
      "quarter": "2024-12 (Q4)",
      "signal": "YoY REVENUE GROWTH DECELERATION",
      "detail": "YoY growth: -29.4% vs prior quarter YoY: +14.9% (decel: -44.3%)",
      "severity": "WARNING"
    },
    {
      "quarter": "2024-09 (Q3)",
      "signal": "FCF MARGIN EXPANSION",
      "detail": "FCF margin: -221.8% -> -194.7% (+27.1%)",
      "severity": "MEDIUM"
    },
    {
      "quarter": "2024-09 (Q3)",
      "signal": "YoY REVENUE GROWTH ACCELERATION",
      "detail": "YoY growth: +14.9% vs prior quarter YoY: +2.0% (accel: +12.9%)",
      "severity": "MEDIUM"
    },
    {
      "quarter": "2024-06 (Q2)",
      "signal": "FCF MARGIN EXPANSION",
      "detail": "FCF margin: -273.6% -> -221.8% (+51.8%)",
      "severity": "MEDIUM"
    },
    {
      "quarter": "2024-06 (Q2)",
      "signal": "OPERATING LEVERAGE",
      "detail": "Rev growth +3.0% vs OpEx growth +1.8% (leverage: 1.7x)",
      "severity": "MEDIUM"
    },
    {
      "quarter": "2024-06 (Q2)",
      "signal": "YoY REVENUE GROWTH DECELERATION",
      "detail": "YoY growth: +2.0% vs prior quarter YoY: +300.5% (decel: -298.6%)",
      "severity": "WARNING"
    },
    {
      "quarter": "2023-12 (Q4)",
      "signal": "FCF MARGIN EXPANSION",
      "detail": "FCF margin: -401.1% -> -198.9% (+202.2%)",
      "severity": "MEDIUM"
    },
    {
      "quarter": "2023-12 (Q4)",
      "signal": "OPERATING LEVERAGE",
      "detail": "Rev growth +83.0% vs OpEx growth +52.7% (leverage: 1.6x)",
      "severity": "MEDIUM"
    },
    {
      "quarter": "2023-09 (Q3)",
      "signal": "FCF MARGIN EXPANSION",
      "detail": "FCF margin: -694.2% -> -401.1% (+293.1%)",
      "severity": "MEDIUM"
    },
    {
      "quarter": "2023-09 (Q3)",
      "signal": "GROSS MARGIN INFLECTION",
      "detail": "GM: +43.7% -> +1.2% -> +11.2% (reversal +10.0%)",
      "severity": "HIGH"
    },
    {
      "quarter": "2023-06 (Q2)",
      "signal": "FCF MARGIN EXPANSION",
      "detail": "FCF margin: -3522.9% -> -694.2% (+2828.7%)",
      "severity": "MEDIUM"
    },
    {
      "quarter": "2023-06 (Q2)",
      "signal": "OPERATING LEVERAGE",
      "detail": "Rev growth +304.8% vs OpEx growth +10.3% (leverage: 29.5x)",
      "severity": "MEDIUM"
    }
  ],
  "data_quality": {
    "n_quarters": 15,
    "coverage": {
      "revenue": [
        15,
        15
      ],
      "gross_profit": [
        6,
        15
      ],
      "op_income": [
        15,
        15
      ],
      "fcf": [
        15,
        15
      ]
    },
    "gaps": [],
    "warnings": [
      "gross_profit: 6/15Q"
    ]
  },
  "market_cap": null,
  "source": "SEC EDGAR",
  "last_updated": "2026-02-03T01:10:55.905673"
}