{
  "ticker": "ORGO",
  "name": "ORGANOGENESIS HOLDINGS INC.",
  "quarters": [
    {
      "date": "2020-12-31T00:00:00",
      "quarter_label": "2020-12 (Q4)",
      "revenue": 106807000,
      "gross_profit": 81287000,
      "operating_income": 21771000,
      "net_income": 18494000,
      "opex": 59516000,
      "cogs": 25520000,
      "rd": 6299000,
      "sga": 53217000,
      "fcf": 17797000,
      "ocf": 23215000,
      "capex": -5418000,
      "gross_margin": 0.7610643497149063,
      "op_margin": 0.20383495463780463,
      "fcf_margin": 0.16662765549074499
    },
    {
      "date": "2021-03-31T00:00:00",
      "quarter_label": "2021-03 (Q1)",
      "revenue": 102552000,
      "gross_profit": 77057000,
      "operating_income": 12616000,
      "net_income": 9943000,
      "opex": 64441000,
      "cogs": 25495000,
      "rd": 6209000,
      "sga": 58232000,
      "fcf": -6257000,
      "ocf": -1300000,
      "capex": -4957000,
      "gross_margin": 0.7513944145409158,
      "op_margin": 0.12302051642093767,
      "fcf_margin": -0.06101294952804431,
      "fcf_margin_change": -0.2276406050187893
    },
    {
      "date": "2021-06-30T00:00:00",
      "quarter_label": "2021-06 (Q2)",
      "revenue": 123196000,
      "gross_profit": 93256000,
      "operating_income": 23587000,
      "net_income": 20687000,
      "opex": 69669000,
      "cogs": 29940000,
      "rd": 7320000,
      "sga": 62349000,
      "fcf": 13147000,
      "ocf": 17480000,
      "capex": -4333000,
      "gross_margin": 0.7569726289814604,
      "op_margin": 0.1914591382837105,
      "fcf_margin": 0.10671612714698529,
      "op_leverage_ratio": 2.481283617595415,
      "fcf_margin_change": 0.1677290766750296
    },
    {
      "date": "2021-09-30T00:00:00",
      "quarter_label": "2021-09 (Q3)",
      "revenue": 113753000,
      "gross_profit": 87586000,
      "operating_income": 16264000,
      "net_income": 12577000,
      "opex": 71322000,
      "cogs": 26167000,
      "rd": 8953000,
      "sga": 62369000,
      "fcf": 11147000,
      "ocf": 27850000,
      "capex": -16703000,
      "gross_margin": 0.7699665063778538,
      "op_margin": 0.14297644897277434,
      "fcf_margin": 0.09799301996430863,
      "fcf_margin_change": -0.00872310718267666
    },
    {
      "date": "2021-12-31T00:00:00",
      "quarter_label": "2021-12 (Q4)",
      "revenue": 128558000,
      "gross_profit": 95961000,
      "operating_income": 20451000,
      "net_income": 51695000,
      "opex": 75510000,
      "cogs": 32597000,
      "rd": 8260000,
      "sga": 67250000,
      "fcf": 12721000,
      "ocf": 17948000,
      "capex": -5227000,
      "gross_margin": 0.7464412949796979,
      "op_margin": 0.159079948350161,
      "fcf_margin": 0.09895144603991972,
      "incr_op_margin_yoy": -0.060686864971725436,
      "rev_growth_yoy": 0.2036477009933806,
      "op_leverage_ratio": 2.2164727315860078,
      "fcf_margin_change": 0.0009584260756110852
    },
    {
      "date": "2022-03-31T00:00:00",
      "quarter_label": "2022-03 (Q1)",
      "revenue": 98117000,
      "gross_profit": 73037000,
      "operating_income": 872000,
      "net_income": 87000,
      "opex": 72165000,
      "cogs": 25080000,
      "rd": 8587000,
      "sga": 63578000,
      "fcf": -5261000,
      "ocf": 1411000,
      "capex": -6672000,
      "gross_margin": 0.7443868035100951,
      "op_margin": 0.008887348777479948,
      "fcf_margin": -0.053619658163213305,
      "incr_op_margin_yoy": 2.6480270574971816,
      "rev_growth_yoy": -0.04324635306966222,
      "rev_growth_yoy_accel": -0.24689405406304282,
      "fcf_margin_change": -0.15257110420313302
    },
    {
      "date": "2022-06-30T00:00:00",
      "quarter_label": "2022-06 (Q2)",
      "revenue": 121401000,
      "gross_profit": 94749000,
      "operating_income": 11935000,
      "net_income": 8744000,
      "opex": 82814000,
      "cogs": 26652000,
      "rd": 10205000,
      "sga": 72609000,
      "fcf": 4027000,
      "ocf": 10195000,
      "capex": -6168000,
      "gross_margin": 0.7804630933847332,
      "op_margin": 0.09831055757366085,
      "fcf_margin": 0.03317106119389461,
      "incr_op_margin_yoy": 6.491364902506964,
      "rev_growth_yoy": -0.014570278255787526,
      "rev_growth_yoy_accel": 0.028676074813874696,
      "op_leverage_ratio": 1.6081668986753883,
      "fcf_margin_change": 0.08679071935710791
    },
    {
      "date": "2022-09-30T00:00:00",
      "quarter_label": "2022-09 (Q3)",
      "revenue": 116859000,
      "gross_profit": 90682000,
      "operating_income": 1779000,
      "net_income": 215000,
      "opex": 88903000,
      "cogs": 26177000,
      "rd": 9575000,
      "sga": 79328000,
      "fcf": -4949000,
      "ocf": 5453000,
      "capex": -10402000,
      "gross_margin": 0.7759950025244098,
      "op_margin": 0.015223474443560188,
      "fcf_margin": -0.04235018269880796,
      "incr_op_margin_yoy": -4.663554410817772,
      "rev_growth_yoy": 0.0273047743795768,
      "rev_growth_yoy_accel": 0.04187505263536433,
      "fcf_margin_change": -0.07552124389270257
    },
    {
      "date": "2022-12-31T00:00:00",
      "quarter_label": "2022-12 (Q4)",
      "revenue": 115516000,
      "gross_profit": 88406000,
      "operating_income": 8718000,
      "net_income": 7486000,
      "opex": 79688000,
      "cogs": 27110000,
      "rd": 11395000,
      "sga": 68293000,
      "fcf": -2856000,
      "ocf": 7800000,
      "capex": -10656000,
      "gross_margin": 0.7653138959105232,
      "op_margin": 0.07547006475293466,
      "fcf_margin": -0.024723847778662697,
      "incr_op_margin_yoy": 0.8996319582886061,
      "rev_growth_yoy": -0.10144837349678744,
      "rev_growth_yoy_accel": -0.12875314787636424,
      "fcf_margin_change": 0.017626334920145266
    },
    {
      "date": "2023-03-31T00:00:00",
      "quarter_label": "2023-03 (Q1)",
      "revenue": 107642000,
      "gross_profit": 81035000,
      "operating_income": -4001000,
      "net_income": -2969000,
      "opex": 85036000,
      "cogs": 26607000,
      "rd": 11202000,
      "sga": 73834000,
      "fcf": -12639000,
      "ocf": -5077000,
      "capex": -7562000,
      "gross_margin": 0.7528195314096728,
      "op_margin": -0.03716950632652682,
      "fcf_margin": -0.1174169933669014,
      "incr_op_margin_yoy": -0.5116010498687664,
      "rev_growth_yoy": 0.0970779783319914,
      "rev_growth_yoy_accel": 0.19852635182877884,
      "fcf_margin_change": -0.0926931455882387
    },
    {
      "date": "2023-06-30T00:00:00",
      "quarter_label": "2023-06 (Q2)",
      "revenue": 117316000,
      "gross_profit": 91000000,
      "operating_income": 9745000,
      "net_income": 5316000,
      "opex": 81255000,
      "cogs": 26316000,
      "rd": 10938000,
      "sga": 70317000,
      "fcf": 1147000,
      "ocf": 8646000,
      "capex": -7499000,
      "gross_margin": 0.7756827713184903,
      "op_margin": 0.0830662484230625,
      "fcf_margin": 0.00977701251321218,
      "incr_op_margin_yoy": 0.5361077111383109,
      "rev_growth_yoy": -0.033648816731328406,
      "rev_growth_yoy_accel": -0.1307267950633198,
      "op_leverage_ratio": Infinity,
      "fcf_margin_change": 0.12719400588011356
    },
    {
      "date": "2023-09-30T00:00:00",
      "quarter_label": "2023-09 (Q3)",
      "revenue": 108531000,
      "gross_profit": 82742000,
      "operating_income": 8050000,
      "net_income": 3167000,
      "opex": 74692000,
      "cogs": 25789000,
      "rd": 10470000,
      "sga": 64222000,
      "fcf": 10755000,
      "ocf": 16734000,
      "capex": -5979000,
      "gross_margin": 0.7623812551252638,
      "op_margin": 0.07417235628530097,
      "fcf_margin": 0.0990961107886226,
      "incr_op_margin_yoy": -0.753001921229587,
      "rev_growth_yoy": -0.07126537108823454,
      "rev_growth_yoy_accel": -0.03761655435690613,
      "fcf_margin_change": 0.08931909827541042
    },
    {
      "date": "2023-12-31T00:00:00",
      "quarter_label": "2023-12 (Q4)",
      "revenue": 99651000,
      "gross_profit": 71882000,
      "operating_income": -1269000,
      "net_income": -568000,
      "opex": 73151000,
      "cogs": 27769000,
      "rd": 11770000,
      "sga": 61381000,
      "fcf": 7290000,
      "ocf": 10614000,
      "capex": -3324000,
      "gross_margin": 0.7213374677624911,
      "op_margin": -0.012734443206791703,
      "fcf_margin": 0.07315531203901617,
      "incr_op_margin_yoy": 0.6294988969429562,
      "rev_growth_yoy": -0.13734028186571556,
      "rev_growth_yoy_accel": -0.06607491077748102,
      "fcf_margin_change": -0.025940798749606434
    },
    {
      "date": "2024-03-31T00:00:00",
      "quarter_label": "2024-03 (Q1)",
      "revenue": 109976000,
      "gross_profit": 81280000,
      "operating_income": -3852000,
      "net_income": -2100000,
      "opex": 85132000,
      "cogs": 28696000,
      "rd": 12810000,
      "sga": 72322000,
      "fcf": -12384000,
      "ocf": -10162000,
      "capex": -2222000,
      "gross_margin": 0.7390703426202081,
      "op_margin": -0.035025823816105334,
      "fcf_margin": -0.11260638684803957,
      "incr_op_margin_yoy": 0.06383890317052271,
      "rev_growth_yoy": 0.021682986194979655,
      "rev_growth_yoy_accel": 0.15902326806069522,
      "op_leverage_ratio": 0.6326093381819419,
      "fcf_margin_change": -0.18576169888705574
    },
    {
      "date": "2024-06-30T00:00:00",
      "quarter_label": "2024-06 (Q2)",
      "revenue": 130234000,
      "gross_profit": 101036000,
      "operating_income": -13892000,
      "net_income": -17043000,
      "opex": 114928000,
      "cogs": 29198000,
      "rd": 15587000,
      "sga": 76540000,
      "fcf": 2858000,
      "ocf": 4738000,
      "capex": -1880000,
      "gross_margin": 0.7758035536035137,
      "op_margin": -0.10666953330159559,
      "fcf_margin": 0.021945114179093016,
      "incr_op_margin_yoy": -1.8297724105898745,
      "rev_growth_yoy": 0.1101128575812336,
      "rev_growth_yoy_accel": 0.08842987138625394,
      "op_leverage_ratio": 0.5263001792075056,
      "fcf_margin_change": 0.1345515010271326
    },
    {
      "date": "2024-09-30T00:00:00",
      "quarter_label": "2024-09 (Q3)",
      "revenue": 115177000,
      "gross_profit": 88381000,
      "operating_income": 6242000,
      "net_income": 12331000,
      "opex": 82139000,
      "cogs": 26796000,
      "rd": 10344000,
      "sga": 71795000,
      "fcf": 6126000,
      "ocf": 8695000,
      "capex": -2569000,
      "gross_margin": 0.7673493839915956,
      "op_margin": 0.05419484792970819,
      "fcf_margin": 0.053187702405862285,
      "incr_op_margin_yoy": -0.27204333433644295,
      "rev_growth_yoy": 0.06123596023256028,
      "rev_growth_yoy_accel": -0.048876897348673315,
      "fcf_margin_change": 0.031242588226769268
    },
    {
      "date": "2024-12-31T00:00:00",
      "quarter_label": "2024-12 (Q4)",
      "revenue": 126656000,
      "gross_profit": 95605000,
      "operating_income": 10219000,
      "net_income": 7673000,
      "opex": 85386000,
      "cogs": 31051000,
      "rd": 11530000,
      "sga": 73856000,
      "fcf": 7576000,
      "ocf": 10937000,
      "capex": -3361000,
      "gross_margin": 0.7548398812531582,
      "op_margin": 0.08068311015664477,
      "fcf_margin": 0.0598155634158666,
      "incr_op_margin_yoy": 0.4254027032031105,
      "rev_growth_yoy": 0.27099577525564217,
      "rev_growth_yoy_accel": 0.20975981502308189,
      "op_leverage_ratio": 2.5211890728224224,
      "fcf_margin_change": 0.006627861010004316
    },
    {
      "date": "2025-03-31T00:00:00",
      "quarter_label": "2025-03 (Q1)",
      "revenue": 86693000,
      "gross_profit": 62970000,
      "operating_income": -26746000,
      "net_income": -18843000,
      "opex": 89716000,
      "cogs": 23723000,
      "rd": 10640000,
      "sga": 72509000,
      "fcf": -23561000,
      "ocf": -19935000,
      "capex": -3626000,
      "gross_margin": 0.7263562225323844,
      "op_margin": -0.308513951530112,
      "fcf_margin": -0.27177511448444513,
      "incr_op_margin_yoy": 0.9832925310312245,
      "rev_growth_yoy": -0.21170982759874882,
      "rev_growth_yoy_accel": -0.482705602854391,
      "fcf_margin_change": -0.3315906779003117
    },
    {
      "date": "2025-06-30T00:00:00",
      "quarter_label": "2025-06 (Q2)",
      "revenue": 101005000,
      "gross_profit": null,
      "operating_income": -12576000,
      "net_income": -9392000,
      "opex": 113581000,
      "cogs": null,
      "rd": 10395000,
      "sga": 73810000,
      "fcf": -36511000,
      "ocf": -32873000,
      "capex": -3638000,
      "gross_margin": null,
      "op_margin": -0.12450868768872828,
      "fcf_margin": -0.36147715459630714,
      "incr_op_margin_yoy": -0.04502377775496938,
      "rev_growth_yoy": -0.22443447947540582,
      "rev_growth_yoy_accel": -0.012724651876657,
      "op_leverage_ratio": 0.620618559865177,
      "fcf_margin_change": -0.089702040111862
    },
    {
      "date": "2025-09-30T00:00:00",
      "quarter_label": "2025-09 (Q3)",
      "revenue": 150864000,
      "gross_profit": null,
      "operating_income": 20727000,
      "net_income": 21567000,
      "opex": 130137000,
      "cogs": null,
      "rd": 13221000,
      "sga": 79743000,
      "fcf": 844000,
      "ocf": 3079000,
      "capex": -2235000,
      "gross_margin": null,
      "op_margin": 0.13738864142538976,
      "fcf_margin": 0.005594442676848022,
      "incr_op_margin_yoy": 0.40589010003642784,
      "rev_growth_yoy": 0.3098448474955937,
      "rev_growth_yoy_accel": 0.5342793269709996,
      "op_leverage_ratio": 3.386499073415819,
      "fcf_margin_change": 0.36707159727315514
    }
  ],
  "signals": [
    {
      "quarter": "2025-09 (Q3)",
      "signal": "FCF TURNED POSITIVE",
      "detail": "FCF margin: -36.1% -> +0.6%",
      "severity": "HIGH"
    },
    {
      "quarter": "2025-09 (Q3)",
      "signal": "OPERATING LEVERAGE",
      "detail": "Rev growth +49.4% vs OpEx growth +14.6% (leverage: 3.4x)",
      "severity": "MEDIUM"
    },
    {
      "quarter": "2025-09 (Q3)",
      "signal": "YoY REVENUE GROWTH ACCELERATION",
      "detail": "YoY growth: +31.0% vs prior quarter YoY: -22.4% (accel: +53.4%)",
      "severity": "HIGH"
    },
    {
      "quarter": "2025-09 (Q3)",
      "signal": "INCREMENTAL MARGIN (YoY)",
      "detail": "YoY Incr OPM: +40.6% vs year-ago OPM: +5.4%",
      "severity": "HIGH"
    },
    {
      "quarter": "2025-09 (Q3)",
      "signal": "OP MARGIN TURNED POSITIVE (QoQ)",
      "detail": "Op margin: -12.5% -> +13.7%",
      "severity": "HIGH"
    },
    {
      "quarter": "2025-03 (Q1)",
      "signal": "YoY REVENUE GROWTH DECELERATION",
      "detail": "YoY growth: -21.2% vs prior quarter YoY: +27.1% (decel: -48.3%)",
      "severity": "WARNING"
    },
    {
      "quarter": "2024-12 (Q4)",
      "signal": "OPERATING LEVERAGE",
      "detail": "Rev growth +10.0% vs OpEx growth +4.0% (leverage: 2.5x)",
      "severity": "MEDIUM"
    },
    {
      "quarter": "2024-12 (Q4)",
      "signal": "YoY REVENUE GROWTH ACCELERATION",
      "detail": "YoY growth: +27.1% vs prior quarter YoY: +6.1% (accel: +21.0%)",
      "severity": "HIGH"
    },
    {
      "quarter": "2024-12 (Q4)",
      "signal": "OP MARGIN TURNED POSITIVE (YoY)",
      "detail": "Op margin: -1.3% (year-ago) -> +8.1%",
      "severity": "HIGH"
    },
    {
      "quarter": "2024-09 (Q3)",
      "signal": "OP MARGIN TURNED POSITIVE (QoQ)",
      "detail": "Op margin: -10.7% -> +5.4%",
      "severity": "HIGH"
    },
    {
      "quarter": "2024-06 (Q2)",
      "signal": "FCF TURNED POSITIVE",
      "detail": "FCF margin: -11.3% -> +2.2%",
      "severity": "HIGH"
    },
    {
      "quarter": "2024-06 (Q2)",
      "signal": "YoY REVENUE GROWTH ACCELERATION",
      "detail": "YoY growth: +11.0% vs prior quarter YoY: +2.2% (accel: +8.8%)",
      "severity": "MEDIUM"
    },
    {
      "quarter": "2024-03 (Q1)",
      "signal": "YoY REVENUE GROWTH ACCELERATION",
      "detail": "YoY growth: +2.2% vs prior quarter YoY: -13.7% (accel: +15.9%)",
      "severity": "HIGH"
    },
    {
      "quarter": "2023-12 (Q4)",
      "signal": "YoY REVENUE GROWTH DECELERATION",
      "detail": "YoY growth: -13.7% vs prior quarter YoY: -7.1% (decel: -6.6%)",
      "severity": "WARNING"
    },
    {
      "quarter": "2023-09 (Q3)",
      "signal": "FCF MARGIN EXPANSION",
      "detail": "FCF margin: +1.0% -> +9.9% (+8.9%)",
      "severity": "MEDIUM"
    },
    {
      "quarter": "2023-06 (Q2)",
      "signal": "FCF TURNED POSITIVE",
      "detail": "FCF margin: -11.7% -> +1.0%",
      "severity": "HIGH"
    },
    {
      "quarter": "2023-06 (Q2)",
      "signal": "GROSS MARGIN INFLECTION",
      "detail": "GM: +76.5% -> +75.3% -> +77.6% (reversal +2.3%)",
      "severity": "MEDIUM"
    },
    {
      "quarter": "2023-06 (Q2)",
      "signal": "YoY REVENUE GROWTH DECELERATION",
      "detail": "YoY growth: -3.4% vs prior quarter YoY: +9.7% (decel: -13.1%)",
      "severity": "WARNING"
    },
    {
      "quarter": "2023-06 (Q2)",
      "signal": "INCREMENTAL MARGIN (YoY)",
      "detail": "YoY Incr OPM: +53.6% vs year-ago OPM: +9.8%",
      "severity": "HIGH"
    },
    {
      "quarter": "2023-06 (Q2)",
      "signal": "OP MARGIN TURNED POSITIVE (QoQ)",
      "detail": "Op margin: -3.7% -> +8.3%",
      "severity": "HIGH"
    },
    {
      "quarter": "2023-03 (Q1)",
      "signal": "YoY REVENUE GROWTH ACCELERATION",
      "detail": "YoY growth: +9.7% vs prior quarter YoY: -10.1% (accel: +19.9%)",
      "severity": "HIGH"
    },
    {
      "quarter": "2022-12 (Q4)",
      "signal": "YoY REVENUE GROWTH DECELERATION",
      "detail": "YoY growth: -10.1% vs prior quarter YoY: +2.7% (decel: -12.9%)",
      "severity": "WARNING"
    },
    {
      "quarter": "2022-12 (Q4)",
      "signal": "INCREMENTAL MARGIN (YoY)",
      "detail": "YoY Incr OPM: +90.0% vs year-ago OPM: +15.9%",
      "severity": "HIGH"
    },
    {
      "quarter": "2022-06 (Q2)",
      "signal": "FCF TURNED POSITIVE",
      "detail": "FCF margin: -5.4% -> +3.3%",
      "severity": "HIGH"
    },
    {
      "quarter": "2022-06 (Q2)",
      "signal": "OPERATING LEVERAGE",
      "detail": "Rev growth +23.7% vs OpEx growth +14.8% (leverage: 1.6x)",
      "severity": "MEDIUM"
    },
    {
      "quarter": "2022-06 (Q2)",
      "signal": "GROSS MARGIN INFLECTION",
      "detail": "GM: +74.6% -> +74.4% -> +78.0% (reversal +3.6%)",
      "severity": "MEDIUM"
    },
    {
      "quarter": "2022-06 (Q2)",
      "signal": "INCREMENTAL MARGIN (YoY)",
      "detail": "YoY Incr OPM: +649.1% vs year-ago OPM: +19.1%",
      "severity": "HIGH"
    },
    {
      "quarter": "2022-03 (Q1)",
      "signal": "YoY REVENUE GROWTH DECELERATION",
      "detail": "YoY growth: -4.3% vs prior quarter YoY: +20.4% (decel: -24.7%)",
      "severity": "WARNING"
    },
    {
      "quarter": "2022-03 (Q1)",
      "signal": "INCREMENTAL MARGIN (YoY)",
      "detail": "YoY Incr OPM: +264.8% vs year-ago OPM: +12.3%",
      "severity": "HIGH"
    },
    {
      "quarter": "2021-12 (Q4)",
      "signal": "OPERATING LEVERAGE",
      "detail": "Rev growth +13.0% vs OpEx growth +5.9% (leverage: 2.2x)",
      "severity": "MEDIUM"
    },
    {
      "quarter": "2021-06 (Q2)",
      "signal": "FCF TURNED POSITIVE",
      "detail": "FCF margin: -6.1% -> +10.7%",
      "severity": "HIGH"
    },
    {
      "quarter": "2021-06 (Q2)",
      "signal": "OPERATING LEVERAGE",
      "detail": "Rev growth +20.1% vs OpEx growth +8.1% (leverage: 2.5x)",
      "severity": "MEDIUM"
    }
  ],
  "data_quality": {
    "n_quarters": 20,
    "coverage": {
      "revenue": [
        20,
        20
      ],
      "gross_profit": [
        18,
        20
      ],
      "op_income": [
        20,
        20
      ],
      "fcf": [
        20,
        20
      ]
    },
    "gaps": [],
    "warnings": []
  },
  "market_cap": null,
  "source": "SEC EDGAR",
  "last_updated": "2026-02-02T22:24:54.679110"
}