{
  "ticker": "ORN",
  "name": "ORION GROUP HOLDINGS, INC.",
  "quarters": [
    {
      "date": "2020-12-31T00:00:00",
      "quarter_label": "2020-12 (Q4)",
      "revenue": 170176000,
      "gross_profit": 21700000,
      "operating_income": 5052000,
      "net_income": 3666000,
      "opex": 16648000,
      "cogs": 148476000,
      "rd": null,
      "sga": 17440000,
      "fcf": 2406000,
      "ocf": 7656000,
      "capex": -5250000,
      "gross_margin": 0.12751504324934185,
      "op_margin": 0.029686912373072583,
      "fcf_margin": 0.014138303873636706
    },
    {
      "date": "2021-03-31T00:00:00",
      "quarter_label": "2021-03 (Q1)",
      "revenue": 153309000,
      "gross_profit": 15455000,
      "operating_income": 2055000,
      "net_income": 928000,
      "opex": 13400000,
      "cogs": 137854000,
      "rd": null,
      "sga": 14630000,
      "fcf": 7500000,
      "ocf": 9118000,
      "capex": -1618000,
      "gross_margin": 0.10080947628645416,
      "op_margin": 0.013404301117351232,
      "fcf_margin": 0.04892080699763223,
      "fcf_margin_change": 0.03478250312399553
    },
    {
      "date": "2021-06-30T00:00:00",
      "quarter_label": "2021-06 (Q2)",
      "revenue": 145875000,
      "gross_profit": 12301000,
      "operating_income": 5566000,
      "net_income": 3530000,
      "opex": 6735000,
      "cogs": 133574000,
      "rd": null,
      "sga": 13715000,
      "fcf": -940000,
      "ocf": 2157000,
      "capex": -3097000,
      "gross_margin": 0.08432562125107113,
      "op_margin": 0.038155955441302486,
      "fcf_margin": -0.006443873179091688,
      "fcf_margin_change": -0.05536468017672392
    },
    {
      "date": "2021-09-30T00:00:00",
      "quarter_label": "2021-09 (Q3)",
      "revenue": 139907000,
      "gross_profit": 6578000,
      "operating_income": -8743000,
      "net_income": -10195000,
      "opex": 15321000,
      "cogs": 133329000,
      "rd": null,
      "sga": 15733000,
      "fcf": -13914000,
      "ocf": -7035000,
      "capex": -6879000,
      "gross_margin": 0.04701694697191706,
      "op_margin": -0.06249151221883108,
      "fcf_margin": -0.09945177868155275,
      "fcf_margin_change": -0.09300790550246106
    },
    {
      "date": "2021-12-31T00:00:00",
      "quarter_label": "2021-12 (Q4)",
      "revenue": 162269000,
      "gross_profit": 6633000,
      "operating_income": -8195000,
      "net_income": -8823000,
      "opex": 14828000,
      "cogs": 155636000,
      "rd": null,
      "sga": 16103000,
      "fcf": -9552000,
      "ocf": -4171000,
      "capex": -5381000,
      "gross_margin": 0.04087656915368924,
      "op_margin": -0.05050256056301573,
      "fcf_margin": -0.05886521763244982,
      "incr_op_margin_yoy": 1.6753509548501329,
      "rev_growth_yoy": -0.04646366115080858,
      "op_leverage_ratio": Infinity,
      "fcf_margin_change": 0.04058656104910293
    },
    {
      "date": "2022-03-31T00:00:00",
      "quarter_label": "2022-03 (Q1)",
      "revenue": 174931000,
      "gross_profit": 12816000,
      "operating_income": -2855000,
      "net_income": -4856000,
      "opex": 15671000,
      "cogs": 162115000,
      "rd": null,
      "sga": 16170000,
      "fcf": 6537000,
      "ocf": 10060000,
      "capex": -3523000,
      "gross_margin": 0.07326317233652126,
      "op_margin": -0.016320720741320863,
      "fcf_margin": 0.03736901978494378,
      "incr_op_margin_yoy": -0.22708352603829432,
      "rev_growth_yoy": 0.14103542518704054,
      "rev_growth_yoy_accel": 0.18749908633784912,
      "op_leverage_ratio": 1.3725297040010893,
      "fcf_margin_change": 0.09623423741739359
    },
    {
      "date": "2022-06-30T00:00:00",
      "quarter_label": "2022-06 (Q2)",
      "revenue": 194575000,
      "gross_profit": 14331000,
      "operating_income": -2848000,
      "net_income": -3054000,
      "opex": 17179000,
      "cogs": 180244000,
      "rd": null,
      "sga": 17233000,
      "fcf": -2862000,
      "ocf": 1616000,
      "capex": -4478000,
      "gross_margin": 0.0736528330977772,
      "op_margin": -0.014637029423101631,
      "fcf_margin": -0.014708981112681485,
      "incr_op_margin_yoy": -0.17277207392197125,
      "rev_growth_yoy": 0.33384747215081406,
      "rev_growth_yoy_accel": 0.19281204696377352,
      "op_leverage_ratio": 1.1669668405975666,
      "fcf_margin_change": -0.052078000897625265
    },
    {
      "date": "2022-09-30T00:00:00",
      "quarter_label": "2022-09 (Q3)",
      "revenue": 182621000,
      "gross_profit": 13432000,
      "operating_income": 1131000,
      "net_income": 247000,
      "opex": 12301000,
      "cogs": 169189000,
      "rd": null,
      "sga": 15380000,
      "fcf": -5201000,
      "ocf": -2575000,
      "capex": -2626000,
      "gross_margin": 0.07355123452395945,
      "op_margin": 0.006193154127948046,
      "fcf_margin": -0.028479747674144813,
      "incr_op_margin_yoy": 0.23116542585569133,
      "rev_growth_yoy": 0.3053028082940811,
      "rev_growth_yoy_accel": -0.028544663856732988,
      "fcf_margin_change": -0.013770766561463327
    },
    {
      "date": "2022-12-31T00:00:00",
      "quarter_label": "2022-12 (Q4)",
      "revenue": 196195000,
      "gross_profit": 10163000,
      "operating_income": -3458000,
      "net_income": -4949000,
      "opex": 13621000,
      "cogs": 186032000,
      "rd": null,
      "sga": 13720000,
      "fcf": -3493000,
      "ocf": 464000,
      "capex": -3957000,
      "gross_margin": 0.05180050460001529,
      "op_margin": -0.017625321746221872,
      "fcf_margin": -0.01780371569102169,
      "incr_op_margin_yoy": 0.1396274243942699,
      "rev_growth_yoy": 0.20907258934238826,
      "rev_growth_yoy_accel": -0.09623021895169281,
      "op_leverage_ratio": 0.6926655934056506,
      "fcf_margin_change": 0.010676031983123124
    },
    {
      "date": "2023-03-31T00:00:00",
      "quarter_label": "2023-03 (Q1)",
      "revenue": 159174000,
      "gross_profit": 5840000,
      "operating_income": -10643000,
      "net_income": -12595000,
      "opex": 16483000,
      "cogs": 153334000,
      "rd": null,
      "sga": 17017000,
      "fcf": -4909000,
      "ocf": -3033000,
      "capex": -1876000,
      "gross_margin": 0.03668940907434631,
      "op_margin": -0.06686393506477188,
      "fcf_margin": -0.0308404638948572,
      "incr_op_margin_yoy": 0.494256520911341,
      "rev_growth_yoy": -0.09007551548896423,
      "rev_growth_yoy_accel": -0.29914810483135246,
      "fcf_margin_change": -0.013036748203835512
    },
    {
      "date": "2023-06-30T00:00:00",
      "quarter_label": "2023-06 (Q2)",
      "revenue": 182534000,
      "gross_profit": 13786000,
      "operating_income": 2039000,
      "net_income": -255000,
      "opex": 11747000,
      "cogs": 168748000,
      "rd": null,
      "sga": 18119000,
      "fcf": -11358000,
      "ocf": -8943000,
      "capex": -2415000,
      "gross_margin": 0.07552565549431886,
      "op_margin": 0.011170521656239385,
      "fcf_margin": -0.06222402401744333,
      "incr_op_margin_yoy": -0.405863300390333,
      "rev_growth_yoy": -0.06188359244507259,
      "rev_growth_yoy_accel": 0.028191923043891634,
      "op_leverage_ratio": Infinity,
      "fcf_margin_change": -0.03138356012258613
    },
    {
      "date": "2023-09-30T00:00:00",
      "quarter_label": "2023-09 (Q3)",
      "revenue": 168476000,
      "gross_profit": 19070000,
      "operating_income": 2561000,
      "net_income": -660000,
      "opex": 16509000,
      "cogs": 149406000,
      "rd": null,
      "sga": 17135000,
      "fcf": -18912000,
      "ocf": -16525000,
      "capex": -2387000,
      "gross_margin": 0.11319119637218357,
      "op_margin": 0.015200978180868492,
      "fcf_margin": -0.11225337733564425,
      "incr_op_margin_yoy": -0.10109579356663131,
      "rev_growth_yoy": -0.07745549526067648,
      "rev_growth_yoy_accel": -0.015571902815603889,
      "fcf_margin_change": -0.05002935331820092
    },
    {
      "date": "2023-12-31T00:00:00",
      "quarter_label": "2023-12 (Q4)",
      "revenue": 201594000,
      "gross_profit": 22967000,
      "operating_income": -587000,
      "net_income": -4365000,
      "opex": 23554000,
      "cogs": 178627000,
      "rd": null,
      "sga": 17160000,
      "fcf": 43448000,
      "ocf": 45679000,
      "capex": -2231000,
      "gross_margin": 0.11392700179568836,
      "op_margin": -0.0029117930097125907,
      "fcf_margin": 0.21552228736966378,
      "incr_op_margin_yoy": 0.5317651416929061,
      "rev_growth_yoy": 0.02751854022783455,
      "rev_growth_yoy_accel": 0.10497403548851103,
      "op_leverage_ratio": 0.46064443521078396,
      "fcf_margin_change": 0.32777566470530806
    },
    {
      "date": "2024-03-31T00:00:00",
      "quarter_label": "2024-03 (Q1)",
      "revenue": 160672000,
      "gross_profit": 15538000,
      "operating_income": -3124000,
      "net_income": -6057000,
      "opex": 18662000,
      "cogs": 145134000,
      "rd": null,
      "sga": 18999000,
      "fcf": -24678000,
      "ocf": -22825000,
      "capex": -1853000,
      "gross_margin": 0.09670633339972116,
      "op_margin": -0.019443337980481975,
      "fcf_margin": -0.15359241187014538,
      "incr_op_margin_yoy": 5.019359145527369,
      "rev_growth_yoy": 0.009411084724892256,
      "rev_growth_yoy_accel": -0.018107455502942293,
      "fcf_margin_change": -0.36911469923980916
    },
    {
      "date": "2024-06-30T00:00:00",
      "quarter_label": "2024-06 (Q2)",
      "revenue": 192167000,
      "gross_profit": 18281000,
      "operating_income": -2768000,
      "net_income": -6603000,
      "opex": 21049000,
      "cogs": 173886000,
      "rd": null,
      "sga": 21135000,
      "fcf": -19966000,
      "ocf": -15332000,
      "capex": -4634000,
      "gross_margin": 0.09513079769159116,
      "op_margin": -0.014404138067410118,
      "fcf_margin": -0.10389921266398497,
      "incr_op_margin_yoy": -0.4990138067061144,
      "rev_growth_yoy": 0.05277372982567631,
      "rev_growth_yoy_accel": 0.04336264510078405,
      "op_leverage_ratio": 1.5325236280349803,
      "fcf_margin_change": 0.049693199206160416
    },
    {
      "date": "2024-09-30T00:00:00",
      "quarter_label": "2024-09 (Q3)",
      "revenue": 226675000,
      "gross_profit": 27064000,
      "operating_income": 7781000,
      "net_income": 4262000,
      "opex": 19283000,
      "cogs": 199611000,
      "rd": null,
      "sga": 20846000,
      "fcf": 33313000,
      "ocf": 37470000,
      "capex": -4157000,
      "gross_margin": 0.11939561045549796,
      "op_margin": 0.03432667916620712,
      "fcf_margin": 0.1469637145693173,
      "incr_op_margin_yoy": 0.08969226275365556,
      "rev_growth_yoy": 0.3454438614402051,
      "rev_growth_yoy_accel": 0.2926701316145288,
      "op_leverage_ratio": Infinity,
      "fcf_margin_change": 0.2508629272333023
    },
    {
      "date": "2024-12-31T00:00:00",
      "quarter_label": "2024-12 (Q4)",
      "revenue": 216880000,
      "gross_profit": 30277000,
      "operating_income": 9632000,
      "net_income": 6754000,
      "opex": 20645000,
      "cogs": 186603000,
      "rd": null,
      "sga": 21557000,
      "fcf": 9916000,
      "ocf": 13363000,
      "capex": -3447000,
      "gross_margin": 0.13960254518627813,
      "op_margin": 0.04441165621541866,
      "fcf_margin": 0.04572113611213574,
      "incr_op_margin_yoy": 0.6685202145754285,
      "rev_growth_yoy": 0.07582566941476433,
      "rev_growth_yoy_accel": -0.2696181920254408,
      "fcf_margin_change": -0.10124257845718157
    },
    {
      "date": "2025-03-31T00:00:00",
      "quarter_label": "2025-03 (Q1)",
      "revenue": 188653000,
      "gross_profit": 23015000,
      "operating_income": 833000,
      "net_income": -1414000,
      "opex": 22182000,
      "cogs": 165638000,
      "rd": null,
      "sga": 22545000,
      "fcf": -12476000,
      "ocf": -3443000,
      "capex": -9033000,
      "gross_margin": 0.12199646970893652,
      "op_margin": 0.004415514198024945,
      "fcf_margin": -0.06613199896105548,
      "incr_op_margin_yoy": 0.14141739037203818,
      "rev_growth_yoy": 0.17414982075283808,
      "rev_growth_yoy_accel": 0.09832415133807375,
      "fcf_margin_change": -0.11185313507319122
    },
    {
      "date": "2025-06-30T00:00:00",
      "quarter_label": "2025-06 (Q2)",
      "revenue": 205286000,
      "gross_profit": 25797000,
      "operating_income": 3432000,
      "net_income": 841000,
      "opex": 22365000,
      "cogs": 179489000,
      "rd": null,
      "sga": 22774000,
      "fcf": -12694000,
      "ocf": -5562000,
      "capex": -7132000,
      "gross_margin": 0.12566370819247294,
      "op_margin": 0.016718139571134903,
      "fcf_margin": -0.06183568290092846,
      "incr_op_margin_yoy": 0.47259699672231115,
      "rev_growth_yoy": 0.06826874541414499,
      "rev_growth_yoy_accel": -0.10588107533869309,
      "op_leverage_ratio": 10.687016573841486,
      "fcf_margin_change": 0.004296316060127023
    },
    {
      "date": "2025-09-30T00:00:00",
      "quarter_label": "2025-09 (Q3)",
      "revenue": 225097000,
      "gross_profit": 29752000,
      "operating_income": 5321000,
      "net_income": 3301000,
      "opex": 24431000,
      "cogs": 195345000,
      "rd": null,
      "sga": 25059000,
      "fcf": 13920000,
      "ocf": 23265000,
      "capex": -9345000,
      "gross_margin": 0.13217412937533596,
      "op_margin": 0.023638697983535985,
      "fcf_margin": 0.061840006752644415,
      "incr_op_margin_yoy": 1.55893536121673,
      "rev_growth_yoy": -0.0069615087680599975,
      "rev_growth_yoy_accel": -0.07523025418220498,
      "op_leverage_ratio": 1.0446857018186486,
      "fcf_margin_change": 0.12367568965357287
    }
  ],
  "signals": [
    {
      "quarter": "2025-09 (Q3)",
      "signal": "FCF TURNED POSITIVE",
      "detail": "FCF margin: -6.2% -> +6.2%",
      "severity": "HIGH"
    },
    {
      "quarter": "2025-09 (Q3)",
      "signal": "YoY REVENUE GROWTH DECELERATION",
      "detail": "YoY growth: -0.7% vs prior quarter YoY: +6.8% (decel: -7.5%)",
      "severity": "WARNING"
    },
    {
      "quarter": "2025-09 (Q3)",
      "signal": "INCREMENTAL MARGIN (YoY)",
      "detail": "YoY Incr OPM: +155.9% vs year-ago OPM: +3.4%",
      "severity": "HIGH"
    },
    {
      "quarter": "2025-06 (Q2)",
      "signal": "OPERATING LEVERAGE",
      "detail": "Rev growth +8.8% vs OpEx growth +0.8% (leverage: 10.7x)",
      "severity": "MEDIUM"
    },
    {
      "quarter": "2025-06 (Q2)",
      "signal": "YoY REVENUE GROWTH DECELERATION",
      "detail": "YoY growth: +6.8% vs prior quarter YoY: +17.4% (decel: -10.6%)",
      "severity": "WARNING"
    },
    {
      "quarter": "2025-06 (Q2)",
      "signal": "OP MARGIN TURNED POSITIVE (YoY)",
      "detail": "Op margin: -1.4% (year-ago) -> +1.7%",
      "severity": "HIGH"
    },
    {
      "quarter": "2025-03 (Q1)",
      "signal": "YoY REVENUE GROWTH ACCELERATION",
      "detail": "YoY growth: +17.4% vs prior quarter YoY: +7.6% (accel: +9.8%)",
      "severity": "MEDIUM"
    },
    {
      "quarter": "2025-03 (Q1)",
      "signal": "OP MARGIN TURNED POSITIVE (YoY)",
      "detail": "Op margin: -1.9% (year-ago) -> +0.4%",
      "severity": "HIGH"
    },
    {
      "quarter": "2024-12 (Q4)",
      "signal": "YoY REVENUE GROWTH DECELERATION",
      "detail": "YoY growth: +7.6% vs prior quarter YoY: +34.5% (decel: -27.0%)",
      "severity": "WARNING"
    },
    {
      "quarter": "2024-12 (Q4)",
      "signal": "OP MARGIN TURNED POSITIVE (YoY)",
      "detail": "Op margin: -0.3% (year-ago) -> +4.4%",
      "severity": "HIGH"
    },
    {
      "quarter": "2024-09 (Q3)",
      "signal": "FCF TURNED POSITIVE",
      "detail": "FCF margin: -10.4% -> +14.7%",
      "severity": "HIGH"
    },
    {
      "quarter": "2024-09 (Q3)",
      "signal": "GROSS MARGIN INFLECTION",
      "detail": "GM: +9.7% -> +9.5% -> +11.9% (reversal +2.4%)",
      "severity": "MEDIUM"
    },
    {
      "quarter": "2024-09 (Q3)",
      "signal": "YoY REVENUE GROWTH ACCELERATION",
      "detail": "YoY growth: +34.5% vs prior quarter YoY: +5.3% (accel: +29.3%)",
      "severity": "HIGH"
    },
    {
      "quarter": "2024-09 (Q3)",
      "signal": "OP MARGIN TURNED POSITIVE (QoQ)",
      "detail": "Op margin: -1.4% -> +3.4%",
      "severity": "HIGH"
    },
    {
      "quarter": "2024-06 (Q2)",
      "signal": "OPERATING LEVERAGE",
      "detail": "Rev growth +19.6% vs OpEx growth +12.8% (leverage: 1.5x)",
      "severity": "MEDIUM"
    },
    {
      "quarter": "2023-12 (Q4)",
      "signal": "FCF TURNED POSITIVE",
      "detail": "FCF margin: -11.2% -> +21.6%",
      "severity": "HIGH"
    },
    {
      "quarter": "2023-12 (Q4)",
      "signal": "YoY REVENUE GROWTH ACCELERATION",
      "detail": "YoY growth: +2.8% vs prior quarter YoY: -7.7% (accel: +10.5%)",
      "severity": "MEDIUM"
    },
    {
      "quarter": "2023-06 (Q2)",
      "signal": "GROSS MARGIN INFLECTION",
      "detail": "GM: +5.2% -> +3.7% -> +7.6% (reversal +3.9%)",
      "severity": "MEDIUM"
    },
    {
      "quarter": "2023-06 (Q2)",
      "signal": "OP MARGIN TURNED POSITIVE (YoY)",
      "detail": "Op margin: -1.5% (year-ago) -> +1.1%",
      "severity": "HIGH"
    },
    {
      "quarter": "2023-06 (Q2)",
      "signal": "OP MARGIN TURNED POSITIVE (QoQ)",
      "detail": "Op margin: -6.7% -> +1.1%",
      "severity": "HIGH"
    },
    {
      "quarter": "2023-03 (Q1)",
      "signal": "YoY REVENUE GROWTH DECELERATION",
      "detail": "YoY growth: -9.0% vs prior quarter YoY: +20.9% (decel: -29.9%)",
      "severity": "WARNING"
    },
    {
      "quarter": "2022-12 (Q4)",
      "signal": "YoY REVENUE GROWTH DECELERATION",
      "detail": "YoY growth: +20.9% vs prior quarter YoY: +30.5% (decel: -9.6%)",
      "severity": "WARNING"
    },
    {
      "quarter": "2022-09 (Q3)",
      "signal": "OP MARGIN TURNED POSITIVE (YoY)",
      "detail": "Op margin: -6.2% (year-ago) -> +0.6%",
      "severity": "HIGH"
    },
    {
      "quarter": "2022-09 (Q3)",
      "signal": "OP MARGIN TURNED POSITIVE (QoQ)",
      "detail": "Op margin: -1.5% -> +0.6%",
      "severity": "HIGH"
    },
    {
      "quarter": "2022-06 (Q2)",
      "signal": "YoY REVENUE GROWTH ACCELERATION",
      "detail": "YoY growth: +33.4% vs prior quarter YoY: +14.1% (accel: +19.3%)",
      "severity": "HIGH"
    },
    {
      "quarter": "2022-03 (Q1)",
      "signal": "FCF TURNED POSITIVE",
      "detail": "FCF margin: -5.9% -> +3.7%",
      "severity": "HIGH"
    },
    {
      "quarter": "2022-03 (Q1)",
      "signal": "GROSS MARGIN INFLECTION",
      "detail": "GM: +4.7% -> +4.1% -> +7.3% (reversal +3.2%)",
      "severity": "MEDIUM"
    },
    {
      "quarter": "2022-03 (Q1)",
      "signal": "YoY REVENUE GROWTH ACCELERATION",
      "detail": "YoY growth: +14.1% vs prior quarter YoY: -4.6% (accel: +18.7%)",
      "severity": "HIGH"
    }
  ],
  "data_quality": {
    "n_quarters": 20,
    "coverage": {
      "revenue": [
        20,
        20
      ],
      "gross_profit": [
        20,
        20
      ],
      "op_income": [
        20,
        20
      ],
      "fcf": [
        20,
        20
      ]
    },
    "gaps": [],
    "warnings": []
  },
  "market_cap": null,
  "source": "SEC EDGAR",
  "last_updated": "2026-02-02T22:27:13.980060"
}