{
  "ticker": "OS",
  "name": "OneStream, Inc.",
  "quarters": [
    {
      "date": "2023-06-30T00:00:00",
      "quarter_label": "2023-06 (Q2)",
      "revenue": 86504000,
      "gross_profit": 57781000,
      "operating_income": -16247000,
      "net_income": -15371000,
      "opex": 74028000,
      "cogs": 28723000,
      "rd": 13226000,
      "sga": null,
      "fcf": null,
      "ocf": null,
      "capex": null,
      "gross_margin": 0.667957551095903,
      "op_margin": -0.1878179043743642,
      "fcf_margin": null
    },
    {
      "date": "2023-09-30T00:00:00",
      "quarter_label": "2023-09 (Q3)",
      "revenue": 107004000,
      "gross_profit": 77479000,
      "operating_income": 7003000,
      "net_income": 6764000,
      "opex": 70476000,
      "cogs": 29525000,
      "rd": 13859000,
      "sga": null,
      "fcf": -5295000,
      "ocf": -4372000,
      "capex": -923000,
      "gross_margin": 0.7240757354865238,
      "op_margin": 0.0654461515457366,
      "fcf_margin": -0.049484131434338906,
      "op_leverage_ratio": Infinity
    },
    {
      "date": "2023-12-31T00:00:00",
      "quarter_label": "2023-12 (Q4)",
      "revenue": 102594000,
      "gross_profit": 72108000,
      "operating_income": 208000,
      "net_income": 2751000,
      "opex": 71900000,
      "cogs": 30486000,
      "rd": 15675000,
      "sga": null,
      "fcf": 26573000,
      "ocf": 26795000,
      "capex": -222000,
      "gross_margin": 0.7028481197730861,
      "op_margin": 0.002027409010273505,
      "fcf_margin": 0.2590112482211435,
      "fcf_margin_change": 0.3084953796554824
    },
    {
      "date": "2024-03-31T00:00:00",
      "quarter_label": "2024-03 (Q1)",
      "revenue": 110291000,
      "gross_profit": 76263000,
      "operating_income": -5380000,
      "net_income": -4959000,
      "opex": 81643000,
      "cogs": 34028000,
      "rd": 16924000,
      "sga": null,
      "fcf": 24850000,
      "ocf": 25540000,
      "capex": -690000,
      "gross_margin": 0.6914707455730749,
      "op_margin": -0.04878004551595325,
      "fcf_margin": 0.22531303551513723,
      "op_leverage_ratio": 0.5536505194233161,
      "fcf_margin_change": -0.033698212706006286
    },
    {
      "date": "2024-06-30T00:00:00",
      "quarter_label": "2024-06 (Q2)",
      "revenue": 117501000,
      "gross_profit": 80526000,
      "operating_income": -11571000,
      "net_income": -7850000,
      "opex": 92097000,
      "cogs": 36975000,
      "rd": 19952000,
      "sga": null,
      "fcf": 7704000,
      "ocf": 8114000,
      "capex": -410000,
      "gross_margin": 0.6853218270482805,
      "op_margin": -0.09847575765312636,
      "fcf_margin": 0.06556539944340899,
      "incr_op_margin_yoy": 0.1508533083846824,
      "rev_growth_yoy": 0.3583302506242486,
      "op_leverage_ratio": 0.5105422042999707,
      "fcf_margin_change": -0.15974763607172826
    },
    {
      "date": "2024-09-30T00:00:00",
      "quarter_label": "2024-09 (Q3)",
      "revenue": 129140000,
      "gross_profit": 64739000,
      "operating_income": -255171000,
      "net_income": -171943000,
      "opex": 319910000,
      "cogs": 64401000,
      "rd": 83040000,
      "sga": null,
      "fcf": 1283000,
      "ocf": 2360000,
      "capex": -1077000,
      "gross_margin": 0.5013086572711786,
      "op_margin": -1.9759253523308038,
      "fcf_margin": 0.00993495431314852,
      "incr_op_margin_yoy": -11.843783881460064,
      "rev_growth_yoy": 0.20687077118612388,
      "rev_growth_yoy_accel": -0.15145947943812474,
      "op_leverage_ratio": 0.040044334995543156,
      "fcf_margin_change": -0.05563044513026047
    },
    {
      "date": "2024-12-31T00:00:00",
      "quarter_label": "2024-12 (Q4)",
      "revenue": 132475000,
      "gross_profit": 88550000,
      "operating_income": -47406000,
      "net_income": -31449000,
      "opex": 135956000,
      "cogs": 43925000,
      "rd": 36896000,
      "sga": null,
      "fcf": 24697000,
      "ocf": 25138000,
      "capex": -441000,
      "gross_margin": 0.6684280052840158,
      "op_margin": -0.3578486506888092,
      "fcf_margin": 0.18642762785431213,
      "incr_op_margin_yoy": -1.5934540343362003,
      "rev_growth_yoy": 0.29125484921145484,
      "rev_growth_yoy_accel": 0.08438407802533096,
      "op_leverage_ratio": Infinity,
      "fcf_margin_change": 0.1764926735411636
    },
    {
      "date": "2025-03-31T00:00:00",
      "quarter_label": "2025-03 (Q1)",
      "revenue": 136309000,
      "gross_profit": 92731000,
      "operating_income": -39873000,
      "net_income": -24016000,
      "opex": 132604000,
      "cogs": 43578000,
      "rd": 35002000,
      "sga": null,
      "fcf": 35817000,
      "ocf": 36197000,
      "capex": -380000,
      "gross_margin": 0.6802999068293363,
      "op_margin": -0.2925192026938793,
      "fcf_margin": 0.2627632804877154,
      "incr_op_margin_yoy": -1.325736028903067,
      "rev_growth_yoy": 0.2359032015304966,
      "rev_growth_yoy_accel": -0.05535164768095824,
      "op_leverage_ratio": Infinity,
      "fcf_margin_change": 0.07633565263340328
    },
    {
      "date": "2025-06-30T00:00:00",
      "quarter_label": "2025-06 (Q2)",
      "revenue": 147590000,
      "gross_profit": 101198000,
      "operating_income": -32240000,
      "net_income": -18432000,
      "opex": 133438000,
      "cogs": 46392000,
      "rd": 33918000,
      "sga": null,
      "fcf": 29375000,
      "ocf": 29741000,
      "capex": -366000,
      "gross_margin": 0.6856697608239041,
      "op_margin": -0.21844298394200148,
      "fcf_margin": 0.1990310996679992,
      "incr_op_margin_yoy": -0.6869287779587224,
      "rev_growth_yoy": 0.25607441638794565,
      "rev_growth_yoy_accel": 0.02017121485744905,
      "op_leverage_ratio": 13.158719873538843,
      "fcf_margin_change": -0.06373218081971621
    },
    {
      "date": "2025-09-30T00:00:00",
      "quarter_label": "2025-09 (Q3)",
      "revenue": 154303000,
      "gross_profit": 105051000,
      "operating_income": -17458000,
      "net_income": -8850000,
      "opex": 122509000,
      "cogs": 49252000,
      "rd": 30639000,
      "sga": null,
      "fcf": 4789000,
      "ocf": 4967000,
      "capex": -178000,
      "gross_margin": 0.6808098351943903,
      "op_margin": -0.11314102771819083,
      "fcf_margin": 0.03103633759551013,
      "incr_op_margin_yoy": 9.446926042204824,
      "rev_growth_yoy": 0.1948505497909246,
      "rev_growth_yoy_accel": -0.06122386659702106,
      "op_leverage_ratio": Infinity,
      "fcf_margin_change": -0.16799476207248906
    }
  ],
  "signals": [
    {
      "quarter": "2025-09 (Q3)",
      "signal": "YoY REVENUE GROWTH DECELERATION",
      "detail": "YoY growth: +19.5% vs prior quarter YoY: +25.6% (decel: -6.1%)",
      "severity": "WARNING"
    },
    {
      "quarter": "2025-06 (Q2)",
      "signal": "OPERATING LEVERAGE",
      "detail": "Rev growth +8.3% vs OpEx growth +0.6% (leverage: 13.2x)",
      "severity": "MEDIUM"
    },
    {
      "quarter": "2025-03 (Q1)",
      "signal": "FCF MARGIN EXPANSION",
      "detail": "FCF margin: +18.6% -> +26.3% (+7.6%)",
      "severity": "MEDIUM"
    },
    {
      "quarter": "2025-03 (Q1)",
      "signal": "YoY REVENUE GROWTH DECELERATION",
      "detail": "YoY growth: +23.6% vs prior quarter YoY: +29.1% (decel: -5.5%)",
      "severity": "WARNING"
    },
    {
      "quarter": "2024-12 (Q4)",
      "signal": "FCF MARGIN EXPANSION",
      "detail": "FCF margin: +1.0% -> +18.6% (+17.6%)",
      "severity": "MEDIUM"
    },
    {
      "quarter": "2024-12 (Q4)",
      "signal": "GROSS MARGIN INFLECTION",
      "detail": "GM: +68.5% -> +50.1% -> +66.8% (reversal +16.7%)",
      "severity": "HIGH"
    },
    {
      "quarter": "2024-12 (Q4)",
      "signal": "YoY REVENUE GROWTH ACCELERATION",
      "detail": "YoY growth: +29.1% vs prior quarter YoY: +20.7% (accel: +8.4%)",
      "severity": "MEDIUM"
    },
    {
      "quarter": "2024-09 (Q3)",
      "signal": "YoY REVENUE GROWTH DECELERATION",
      "detail": "YoY growth: +20.7% vs prior quarter YoY: +35.8% (decel: -15.1%)",
      "severity": "WARNING"
    },
    {
      "quarter": "2023-12 (Q4)",
      "signal": "FCF TURNED POSITIVE",
      "detail": "FCF margin: -4.9% -> +25.9%",
      "severity": "HIGH"
    },
    {
      "quarter": "2023-09 (Q3)",
      "signal": "OP MARGIN TURNED POSITIVE (QoQ)",
      "detail": "Op margin: -18.8% -> +6.5%",
      "severity": "HIGH"
    }
  ],
  "data_quality": {
    "n_quarters": 10,
    "coverage": {
      "revenue": [
        10,
        10
      ],
      "gross_profit": [
        10,
        10
      ],
      "op_income": [
        10,
        10
      ],
      "fcf": [
        9,
        10
      ]
    },
    "gaps": [],
    "warnings": []
  },
  "market_cap": null,
  "source": "SEC EDGAR",
  "last_updated": "2026-02-02T20:57:42.888182"
}