{
  "ticker": "OSIS",
  "name": "OSI SYSTEMS,\u00a0INC.",
  "quarters": [
    {
      "date": "2021-03-31T00:00:00",
      "quarter_label": "2021-03 (Q1)",
      "revenue": 283787000,
      "gross_profit": 104019000,
      "operating_income": 32466000,
      "net_income": null,
      "opex": 71553000,
      "cogs": 179768000,
      "rd": 13932000,
      "sga": 57906000,
      "fcf": 37933000,
      "ocf": 41574000,
      "capex": -3641000,
      "gross_margin": 0.3665389887486037,
      "op_margin": 0.11440270343602772,
      "fcf_margin": 0.13366715177227992
    },
    {
      "date": "2021-06-30T00:00:00",
      "quarter_label": "2021-06 (Q2)",
      "revenue": 332198000,
      "gross_profit": 118067000,
      "operating_income": 33854000,
      "net_income": null,
      "opex": 84213000,
      "cogs": 214131000,
      "rd": 13898000,
      "sga": 68123000,
      "fcf": 3266000,
      "ocf": 8013000,
      "capex": -4747000,
      "gross_margin": 0.3554115316768915,
      "op_margin": 0.10190910240278388,
      "fcf_margin": 0.009831486041457203,
      "op_leverage_ratio": 0.9641524256135163,
      "fcf_margin_change": -0.12383566573082272
    },
    {
      "date": "2021-09-30T00:00:00",
      "quarter_label": "2021-09 (Q3)",
      "revenue": 279257000,
      "gross_profit": 99330000,
      "operating_income": 24680000,
      "net_income": null,
      "opex": 74650000,
      "cogs": 179927000,
      "rd": 14817000,
      "sga": 57323000,
      "fcf": -14493000,
      "ocf": -11019000,
      "capex": -3474000,
      "gross_margin": 0.3556938590617245,
      "op_margin": 0.08837737281428934,
      "fcf_margin": -0.051898430478018454,
      "fcf_margin_change": -0.06172991651947565
    },
    {
      "date": "2021-12-31T00:00:00",
      "quarter_label": "2021-12 (Q4)",
      "revenue": 276681000,
      "gross_profit": 99773000,
      "operating_income": 29086000,
      "net_income": null,
      "opex": 70687000,
      "cogs": 176908000,
      "rd": 14977000,
      "sga": 54879000,
      "fcf": 10538000,
      "ocf": 14465000,
      "capex": -3927000,
      "gross_margin": 0.3606066191751512,
      "op_margin": 0.10512467426386343,
      "fcf_margin": 0.03808718343507505,
      "fcf_margin_change": 0.08998561391309351
    },
    {
      "date": "2022-03-31T00:00:00",
      "quarter_label": "2022-03 (Q1)",
      "revenue": 290477000,
      "gross_profit": 102858000,
      "operating_income": 28426000,
      "net_income": null,
      "opex": 74432000,
      "cogs": 187619000,
      "rd": 15150000,
      "sga": 57813000,
      "fcf": 35475000,
      "ocf": 38367000,
      "capex": -2892000,
      "gross_margin": 0.35410032463843955,
      "op_margin": 0.09785972727616989,
      "fcf_margin": 0.1221267088272049,
      "incr_op_margin_yoy": -0.6038863976083707,
      "rev_growth_yoy": 0.02357401854207557,
      "op_leverage_ratio": 0.9411559177559748,
      "fcf_margin_change": 0.08403952539212986
    },
    {
      "date": "2022-06-30T00:00:00",
      "quarter_label": "2022-06 (Q2)",
      "revenue": 336821000,
      "gross_profit": 122466000,
      "operating_income": 39557000,
      "net_income": null,
      "opex": 82909000,
      "cogs": 214355000,
      "rd": 14639000,
      "sga": 65538000,
      "fcf": 17367000,
      "ocf": 21995000,
      "capex": -4628000,
      "gross_margin": 0.36359371891895104,
      "op_margin": 0.11744220223798398,
      "fcf_margin": 0.051561511900980045,
      "incr_op_margin_yoy": 1.2336145360155744,
      "rev_growth_yoy": 0.013916399255865478,
      "rev_growth_yoy_accel": -0.009657619286210093,
      "op_leverage_ratio": 1.4008746306661584,
      "fcf_margin_change": -0.07056519692622486
    },
    {
      "date": "2022-09-30T00:00:00",
      "quarter_label": "2022-09 (Q3)",
      "revenue": 268071000,
      "gross_profit": 87497000,
      "operating_income": 18300000,
      "net_income": null,
      "opex": 69197000,
      "cogs": 180574000,
      "rd": 14540000,
      "sga": 53438000,
      "fcf": 13961000,
      "ocf": 17242000,
      "capex": -3281000,
      "gross_margin": 0.3263948730000634,
      "op_margin": 0.06826549682733306,
      "fcf_margin": 0.05207948640472114,
      "incr_op_margin_yoy": 0.5703558018952262,
      "rev_growth_yoy": -0.040056292232602944,
      "rev_growth_yoy_accel": -0.05397269148846842,
      "fcf_margin_change": 0.0005179745037410949
    },
    {
      "date": "2022-12-31T00:00:00",
      "quarter_label": "2022-12 (Q4)",
      "revenue": 295597000,
      "gross_profit": 96207000,
      "operating_income": 25491000,
      "net_income": null,
      "opex": 70716000,
      "cogs": 199390000,
      "rd": 14456000,
      "sga": 54003000,
      "fcf": -12779000,
      "ocf": -9078000,
      "capex": -3701000,
      "gross_margin": 0.3254667672540655,
      "op_margin": 0.08623565191798294,
      "fcf_margin": -0.043231155931893764,
      "incr_op_margin_yoy": -0.1900507506872489,
      "rev_growth_yoy": 0.06836754240442965,
      "rev_growth_yoy_accel": 0.10842383463703259,
      "op_leverage_ratio": 4.677596582311111,
      "fcf_margin_change": -0.0953106423366149
    },
    {
      "date": "2023-03-31T00:00:00",
      "quarter_label": "2023-03 (Q1)",
      "revenue": 302889000,
      "gross_profit": 103786000,
      "operating_income": 34337000,
      "net_income": null,
      "opex": 69449000,
      "cogs": 199103000,
      "rd": 14852000,
      "sga": 53707000,
      "fcf": 58805000,
      "ocf": 64514000,
      "capex": -5709000,
      "gross_margin": 0.34265357936405744,
      "op_margin": 0.11336496208181875,
      "fcf_margin": 0.1941470307604436,
      "incr_op_margin_yoy": 0.4762326780534966,
      "rev_growth_yoy": 0.04272971698275595,
      "rev_growth_yoy_accel": -0.0256378254216737,
      "op_leverage_ratio": Infinity,
      "fcf_margin_change": 0.23737818669233735
    },
    {
      "date": "2023-06-30T00:00:00",
      "quarter_label": "2023-06 (Q2)",
      "revenue": 411870000,
      "gross_profit": 143020000,
      "operating_income": 57151000,
      "net_income": null,
      "opex": 85869000,
      "cogs": 268850000,
      "rd": 15504000,
      "sga": 67165000,
      "fcf": 19014000,
      "ocf": 22134000,
      "capex": -3120000,
      "gross_margin": 0.34724549008182193,
      "op_margin": 0.13875980285041398,
      "fcf_margin": 0.04616505207953966,
      "incr_op_margin_yoy": 0.23443350344441632,
      "rev_growth_yoy": 0.22281567954492149,
      "rev_growth_yoy_accel": 0.18008596256216552,
      "op_leverage_ratio": 1.5218089403188584,
      "fcf_margin_change": -0.14798197868090393
    },
    {
      "date": "2023-09-30T00:00:00",
      "quarter_label": "2023-09 (Q3)",
      "revenue": 279210000,
      "gross_profit": 98745000,
      "operating_income": 22559000,
      "net_income": 12879000,
      "opex": 76186000,
      "cogs": 180465000,
      "rd": 15922000,
      "sga": 59798000,
      "fcf": 11905000,
      "ocf": 17144000,
      "capex": -5239000,
      "gross_margin": 0.35365853658536583,
      "op_margin": 0.08079581676874037,
      "fcf_margin": 0.04263815765910963,
      "incr_op_margin_yoy": 0.3823503007451297,
      "rev_growth_yoy": 0.04155242454424388,
      "rev_growth_yoy_accel": -0.1812632550006776,
      "fcf_margin_change": -0.0035268944204300268
    },
    {
      "date": "2023-12-31T00:00:00",
      "quarter_label": "2023-12 (Q4)",
      "revenue": 373235000,
      "gross_profit": 141301000,
      "operating_income": 52321000,
      "net_income": 36553000,
      "opex": 88980000,
      "cogs": 231934000,
      "rd": 16350000,
      "sga": 71604000,
      "fcf": -26978000,
      "ocf": -23528000,
      "capex": -3450000,
      "gross_margin": 0.37858453789167684,
      "op_margin": 0.14018245877262314,
      "fcf_margin": -0.07228153844092863,
      "incr_op_margin_yoy": 0.3455781962441073,
      "rev_growth_yoy": 0.2626481324235361,
      "rev_growth_yoy_accel": 0.2210957078792922,
      "op_leverage_ratio": 2.0053085220226836,
      "fcf_margin_change": -0.11491969610003827
    },
    {
      "date": "2024-03-31T00:00:00",
      "quarter_label": "2024-03 (Q1)",
      "revenue": 405406000,
      "gross_profit": 136095000,
      "operating_income": 51363000,
      "net_income": 34043000,
      "opex": 84732000,
      "cogs": 269311000,
      "rd": 17144000,
      "sga": 66584000,
      "fcf": -56989000,
      "ocf": -52074000,
      "capex": -4915000,
      "gross_margin": 0.33570050763925546,
      "op_margin": 0.12669521418035254,
      "fcf_margin": -0.14057266049343128,
      "incr_op_margin_yoy": 0.16607977213535316,
      "rev_growth_yoy": 0.3384639257285672,
      "rev_growth_yoy_accel": 0.07581579330503113,
      "op_leverage_ratio": Infinity,
      "fcf_margin_change": -0.06829112205250265
    },
    {
      "date": "2024-06-30T00:00:00",
      "quarter_label": "2024-06 (Q2)",
      "revenue": 480907000,
      "gross_profit": 154317000,
      "operating_income": 62818000,
      "net_income": 44679000,
      "opex": 91499000,
      "cogs": 326590000,
      "rd": 15859000,
      "sga": 71745000,
      "fcf": -37541000,
      "ocf": -29043000,
      "capex": -8498000,
      "gross_margin": 0.32088740650479197,
      "op_margin": 0.13062400838415744,
      "fcf_margin": -0.0780629102924266,
      "incr_op_margin_yoy": 0.08208641742833553,
      "rev_growth_yoy": 0.16761842328890184,
      "rev_growth_yoy_accel": -0.17084550243966537,
      "op_leverage_ratio": 2.3319208898242394,
      "fcf_margin_change": 0.06250975020100469
    },
    {
      "date": "2024-09-30T00:00:00",
      "quarter_label": "2024-09 (Q3)",
      "revenue": 344007000,
      "gross_profit": 121502000,
      "operating_income": 30328000,
      "net_income": 17936000,
      "opex": 91174000,
      "cogs": 222505000,
      "rd": 17773000,
      "sga": 72223000,
      "fcf": -44865000,
      "ocf": -37160000,
      "capex": -7705000,
      "gross_margin": 0.3531963012380562,
      "op_margin": 0.08816099672390387,
      "fcf_margin": -0.13041885775580148,
      "incr_op_margin_yoy": 0.11989752612003642,
      "rev_growth_yoy": 0.2320726335016654,
      "rev_growth_yoy_accel": 0.06445421021276357,
      "fcf_margin_change": -0.05235594746337488
    },
    {
      "date": "2024-12-31T00:00:00",
      "quarter_label": "2024-12 (Q4)",
      "revenue": 419820000,
      "gross_profit": 147151000,
      "operating_income": 57957000,
      "net_income": 37819000,
      "opex": 89194000,
      "cogs": 272669000,
      "rd": 18257000,
      "sga": 70722000,
      "fcf": 47058000,
      "ocf": 52548000,
      "capex": -5490000,
      "gross_margin": 0.35050974227049686,
      "op_margin": 0.1380520222952694,
      "fcf_margin": 0.11209089609832786,
      "incr_op_margin_yoy": 0.12098314908232263,
      "rev_growth_yoy": 0.1248141251490348,
      "rev_growth_yoy_accel": -0.10725850835263061,
      "op_leverage_ratio": Infinity,
      "fcf_margin_change": 0.24250975385412932
    },
    {
      "date": "2025-03-31T00:00:00",
      "quarter_label": "2025-03 (Q1)",
      "revenue": 444354000,
      "gross_profit": 150291000,
      "operating_income": 56217000,
      "net_income": 41134000,
      "opex": 94074000,
      "cogs": 294063000,
      "rd": 18570000,
      "sga": 73249000,
      "fcf": 77124000,
      "ocf": 81642000,
      "capex": -4518000,
      "gross_margin": 0.3382235784982244,
      "op_margin": 0.12651399559810422,
      "fcf_margin": 0.17356432033918903,
      "incr_op_margin_yoy": 0.12462770873985828,
      "rev_growth_yoy": 0.0960715924283311,
      "rev_growth_yoy_accel": -0.028742532720703692,
      "op_leverage_ratio": 1.0681224798918507,
      "fcf_margin_change": 0.06147342424086118
    },
    {
      "date": "2025-06-30T00:00:00",
      "quarter_label": "2025-06 (Q2)",
      "revenue": 504985000,
      "gross_profit": 168238000,
      "operating_income": 73022000,
      "net_income": 52748000,
      "opex": 95216000,
      "cogs": 336747000,
      "rd": 18844000,
      "sga": 74685000,
      "fcf": -5557000,
      "ocf": 562000,
      "capex": -6119000,
      "gross_margin": 0.33315445013218214,
      "op_margin": 0.14460231492024517,
      "fcf_margin": -0.011004287256057111,
      "incr_op_margin_yoy": 0.4237893512750228,
      "rev_growth_yoy": 0.05006789254471239,
      "rev_growth_yoy_accel": -0.046003699883618715,
      "op_leverage_ratio": 11.240073310698062,
      "fcf_margin_change": -0.18456860759524615
    },
    {
      "date": "2025-09-30T00:00:00",
      "quarter_label": "2025-09 (Q3)",
      "revenue": 384623000,
      "gross_profit": 123185000,
      "operating_income": 33073000,
      "net_income": 20556000,
      "opex": 90112000,
      "cogs": 261438000,
      "rd": 20427000,
      "sga": 66955000,
      "fcf": 10109000,
      "ocf": 17137000,
      "capex": -7028000,
      "gross_margin": 0.32027465856176046,
      "op_margin": 0.08598809743567078,
      "fcf_margin": 0.02628287959898394,
      "incr_op_margin_yoy": 0.06758420326964742,
      "rev_growth_yoy": 0.11806736490827222,
      "rev_growth_yoy_accel": 0.06799947236355983,
      "fcf_margin_change": 0.03728716685504105
    },
    {
      "date": "2025-12-31T00:00:00",
      "quarter_label": "2025-12 (Q4)",
      "revenue": 464057000,
      "gross_profit": 151629000,
      "operating_income": 58795000,
      "net_income": 38699000,
      "opex": 92834000,
      "cogs": 312428000,
      "rd": 19759000,
      "sga": 70201000,
      "fcf": 55515000,
      "ocf": 62200000,
      "capex": -6685000,
      "gross_margin": 0.3267464988137233,
      "op_margin": 0.12669779789982696,
      "fcf_margin": 0.11962970066177216,
      "incr_op_margin_yoy": 0.01894341840540724,
      "rev_growth_yoy": 0.1053713496260302,
      "rev_growth_yoy_accel": -0.012696015282242012,
      "op_leverage_ratio": 6.8370017253820015,
      "fcf_margin_change": 0.09334682106278822
    }
  ],
  "signals": [
    {
      "quarter": "2025-12 (Q4)",
      "signal": "FCF MARGIN EXPANSION",
      "detail": "FCF margin: +2.6% -> +12.0% (+9.3%)",
      "severity": "MEDIUM"
    },
    {
      "quarter": "2025-12 (Q4)",
      "signal": "OPERATING LEVERAGE",
      "detail": "Rev growth +20.7% vs OpEx growth +3.0% (leverage: 6.8x)",
      "severity": "MEDIUM"
    },
    {
      "quarter": "2025-09 (Q3)",
      "signal": "FCF TURNED POSITIVE",
      "detail": "FCF margin: -1.1% -> +2.6%",
      "severity": "HIGH"
    },
    {
      "quarter": "2025-09 (Q3)",
      "signal": "YoY REVENUE GROWTH ACCELERATION",
      "detail": "YoY growth: +11.8% vs prior quarter YoY: +5.0% (accel: +6.8%)",
      "severity": "MEDIUM"
    },
    {
      "quarter": "2025-06 (Q2)",
      "signal": "OPERATING LEVERAGE",
      "detail": "Rev growth +13.6% vs OpEx growth +1.2% (leverage: 11.2x)",
      "severity": "MEDIUM"
    },
    {
      "quarter": "2025-06 (Q2)",
      "signal": "INCREMENTAL MARGIN (YoY)",
      "detail": "YoY Incr OPM: +42.4% vs year-ago OPM: +13.1%",
      "severity": "HIGH"
    },
    {
      "quarter": "2025-03 (Q1)",
      "signal": "FCF MARGIN EXPANSION",
      "detail": "FCF margin: +11.2% -> +17.4% (+6.1%)",
      "severity": "MEDIUM"
    },
    {
      "quarter": "2024-12 (Q4)",
      "signal": "FCF TURNED POSITIVE",
      "detail": "FCF margin: -13.0% -> +11.2%",
      "severity": "HIGH"
    },
    {
      "quarter": "2024-12 (Q4)",
      "signal": "YoY REVENUE GROWTH DECELERATION",
      "detail": "YoY growth: +12.5% vs prior quarter YoY: +23.2% (decel: -10.7%)",
      "severity": "WARNING"
    },
    {
      "quarter": "2024-09 (Q3)",
      "signal": "GROSS MARGIN INFLECTION",
      "detail": "GM: +33.6% -> +32.1% -> +35.3% (reversal +3.2%)",
      "severity": "MEDIUM"
    },
    {
      "quarter": "2024-09 (Q3)",
      "signal": "YoY REVENUE GROWTH ACCELERATION",
      "detail": "YoY growth: +23.2% vs prior quarter YoY: +16.8% (accel: +6.4%)",
      "severity": "MEDIUM"
    },
    {
      "quarter": "2024-06 (Q2)",
      "signal": "FCF MARGIN EXPANSION",
      "detail": "FCF margin: -14.1% -> -7.8% (+6.3%)",
      "severity": "MEDIUM"
    },
    {
      "quarter": "2024-06 (Q2)",
      "signal": "OPERATING LEVERAGE",
      "detail": "Rev growth +18.6% vs OpEx growth +8.0% (leverage: 2.3x)",
      "severity": "MEDIUM"
    },
    {
      "quarter": "2024-06 (Q2)",
      "signal": "YoY REVENUE GROWTH DECELERATION",
      "detail": "YoY growth: +16.8% vs prior quarter YoY: +33.8% (decel: -17.1%)",
      "severity": "WARNING"
    },
    {
      "quarter": "2024-03 (Q1)",
      "signal": "YoY REVENUE GROWTH ACCELERATION",
      "detail": "YoY growth: +33.8% vs prior quarter YoY: +26.3% (accel: +7.6%)",
      "severity": "MEDIUM"
    },
    {
      "quarter": "2023-12 (Q4)",
      "signal": "OPERATING LEVERAGE",
      "detail": "Rev growth +33.7% vs OpEx growth +16.8% (leverage: 2.0x)",
      "severity": "MEDIUM"
    },
    {
      "quarter": "2023-12 (Q4)",
      "signal": "YoY REVENUE GROWTH ACCELERATION",
      "detail": "YoY growth: +26.3% vs prior quarter YoY: +4.2% (accel: +22.1%)",
      "severity": "HIGH"
    },
    {
      "quarter": "2023-12 (Q4)",
      "signal": "INCREMENTAL MARGIN (YoY)",
      "detail": "YoY Incr OPM: +34.6% vs year-ago OPM: +8.6%",
      "severity": "HIGH"
    },
    {
      "quarter": "2023-09 (Q3)",
      "signal": "YoY REVENUE GROWTH DECELERATION",
      "detail": "YoY growth: +4.2% vs prior quarter YoY: +22.3% (decel: -18.1%)",
      "severity": "WARNING"
    },
    {
      "quarter": "2023-09 (Q3)",
      "signal": "INCREMENTAL MARGIN (YoY)",
      "detail": "YoY Incr OPM: +38.2% vs year-ago OPM: +6.8%",
      "severity": "HIGH"
    },
    {
      "quarter": "2023-06 (Q2)",
      "signal": "OPERATING LEVERAGE",
      "detail": "Rev growth +36.0% vs OpEx growth +23.6% (leverage: 1.5x)",
      "severity": "MEDIUM"
    },
    {
      "quarter": "2023-06 (Q2)",
      "signal": "YoY REVENUE GROWTH ACCELERATION",
      "detail": "YoY growth: +22.3% vs prior quarter YoY: +4.3% (accel: +18.0%)",
      "severity": "HIGH"
    },
    {
      "quarter": "2023-06 (Q2)",
      "signal": "INCREMENTAL MARGIN (YoY)",
      "detail": "YoY Incr OPM: +23.4% vs year-ago OPM: +11.7%",
      "severity": "MEDIUM"
    },
    {
      "quarter": "2023-03 (Q1)",
      "signal": "FCF TURNED POSITIVE",
      "detail": "FCF margin: -4.3% -> +19.4%",
      "severity": "HIGH"
    },
    {
      "quarter": "2023-03 (Q1)",
      "signal": "INCREMENTAL MARGIN (YoY)",
      "detail": "YoY Incr OPM: +47.6% vs year-ago OPM: +9.8%",
      "severity": "HIGH"
    },
    {
      "quarter": "2022-12 (Q4)",
      "signal": "OPERATING LEVERAGE",
      "detail": "Rev growth +10.3% vs OpEx growth +2.2% (leverage: 4.7x)",
      "severity": "MEDIUM"
    },
    {
      "quarter": "2022-12 (Q4)",
      "signal": "YoY REVENUE GROWTH ACCELERATION",
      "detail": "YoY growth: +6.8% vs prior quarter YoY: -4.0% (accel: +10.8%)",
      "severity": "MEDIUM"
    },
    {
      "quarter": "2022-09 (Q3)",
      "signal": "YoY REVENUE GROWTH DECELERATION",
      "detail": "YoY growth: -4.0% vs prior quarter YoY: +1.4% (decel: -5.4%)",
      "severity": "WARNING"
    },
    {
      "quarter": "2022-09 (Q3)",
      "signal": "INCREMENTAL MARGIN (YoY)",
      "detail": "YoY Incr OPM: +57.0% vs year-ago OPM: +8.8%",
      "severity": "HIGH"
    },
    {
      "quarter": "2022-06 (Q2)",
      "signal": "INCREMENTAL MARGIN (YoY)",
      "detail": "YoY Incr OPM: +123.4% vs year-ago OPM: +10.2%",
      "severity": "HIGH"
    },
    {
      "quarter": "2022-03 (Q1)",
      "signal": "FCF MARGIN EXPANSION",
      "detail": "FCF margin: +3.8% -> +12.2% (+8.4%)",
      "severity": "MEDIUM"
    },
    {
      "quarter": "2021-12 (Q4)",
      "signal": "FCF TURNED POSITIVE",
      "detail": "FCF margin: -5.2% -> +3.8%",
      "severity": "HIGH"
    }
  ],
  "data_quality": {
    "n_quarters": 20,
    "coverage": {
      "revenue": [
        20,
        20
      ],
      "gross_profit": [
        20,
        20
      ],
      "op_income": [
        20,
        20
      ],
      "fcf": [
        20,
        20
      ]
    },
    "gaps": [],
    "warnings": []
  },
  "market_cap": null,
  "source": "SEC EDGAR",
  "last_updated": "2026-02-02T21:07:14.340332"
}