{
  "ticker": "OSK",
  "name": "Oshkosh Corporation",
  "sector": "Industrials",
  "industry": "Farm & Heavy Construction Machinery",
  "quarters": [
    {
      "date": "2021-03-31T00:00:00",
      "quarter_label": "2021-03 (Q1)",
      "revenue": 1889000000,
      "gross_profit": 315100000,
      "operating_income": 140800000,
      "net_income": null,
      "opex": 174300000,
      "cogs": 1573900000,
      "rd": null,
      "sga": 172000000,
      "fcf": 310100000,
      "ocf": 326800000,
      "capex": -16700000,
      "gross_margin": 0.1668078348332451,
      "op_margin": 0.0745367919534145,
      "fcf_margin": 0.16416093170989943
    },
    {
      "date": "2021-06-30T00:00:00",
      "quarter_label": "2021-06 (Q2)",
      "revenue": 2208800000,
      "gross_profit": 384600000,
      "operating_income": 203800000,
      "net_income": null,
      "opex": 180800000,
      "cogs": 1824200000,
      "rd": null,
      "sga": 177600000,
      "fcf": 99400000,
      "ocf": 121900000,
      "capex": -22500000,
      "gross_margin": 0.1741216950380297,
      "op_margin": 0.09226729445852952,
      "fcf_margin": 0.04500181093806592,
      "op_leverage_ratio": 4.539735309687665,
      "fcf_margin_change": -0.11915912077183351
    },
    {
      "date": "2021-09-30T00:00:00",
      "quarter_label": "2021-09 (Q3)",
      "revenue": 2063000000,
      "gross_profit": 278500000,
      "operating_income": 104200000,
      "net_income": null,
      "opex": 174300000,
      "cogs": 1784500000,
      "rd": null,
      "sga": 171500000,
      "fcf": 361200000,
      "ocf": 404800000,
      "capex": -43600000,
      "gross_margin": 0.13499757634512846,
      "op_margin": 0.05050896752302472,
      "fcf_margin": 0.17508482792050412,
      "fcf_margin_change": 0.13008301698243818
    },
    {
      "date": "2021-12-31T00:00:00",
      "quarter_label": "2021-12 (Q4)",
      "revenue": 1791700000,
      "gross_profit": 171700000,
      "operating_income": 18000000,
      "net_income": null,
      "opex": 153700000,
      "cogs": 1620000000,
      "rd": 25600000,
      "sga": 150900000,
      "fcf": -202500000,
      "ocf": -163100000,
      "capex": -39400000,
      "gross_margin": 0.09583077524139086,
      "op_margin": 0.010046324719540102,
      "fcf_margin": -0.11302115309482615,
      "fcf_margin_change": -0.28810598101533025
    },
    {
      "date": "2022-03-31T00:00:00",
      "quarter_label": "2022-03 (Q1)",
      "revenue": 1945700000,
      "gross_profit": 201300000,
      "operating_income": 29300000,
      "net_income": null,
      "opex": 172000000,
      "cogs": 1744400000,
      "rd": null,
      "sga": 169200000,
      "fcf": 302800000,
      "ocf": 328900000,
      "capex": -26100000,
      "gross_margin": 0.10345890938993678,
      "op_margin": 0.01505884771547515,
      "fcf_margin": 0.15562522485480804,
      "incr_op_margin_yoy": -1.966490299823633,
      "rev_growth_yoy": 0.030015881418740075,
      "op_leverage_ratio": 0.7219019333532796,
      "fcf_margin_change": 0.2686463779496342
    },
    {
      "date": "2022-06-30T00:00:00",
      "quarter_label": "2022-06 (Q2)",
      "revenue": 2066000000,
      "gross_profit": 240100000,
      "operating_income": 69400000,
      "net_income": null,
      "opex": 170700000,
      "cogs": 1825900000,
      "rd": null,
      "sga": 167900000,
      "fcf": -436000000,
      "ocf": -351800000,
      "capex": -84200000,
      "gross_margin": 0.11621490803484995,
      "op_margin": 0.033591481122942884,
      "fcf_margin": -0.2110358180058083,
      "incr_op_margin_yoy": 0.9411764705882353,
      "rev_growth_yoy": -0.0646504889532778,
      "rev_growth_yoy_accel": -0.09466637037201787,
      "op_leverage_ratio": null,
      "fcf_margin_change": -0.36666104286061635
    },
    {
      "date": "2022-09-30T00:00:00",
      "quarter_label": "2022-09 (Q3)",
      "revenue": 2066700000,
      "gross_profit": 278700000,
      "operating_income": 107300000,
      "net_income": null,
      "opex": 171400000,
      "cogs": 1788000000,
      "rd": null,
      "sga": 166300000,
      "fcf": 111200000,
      "ocf": 161200000,
      "capex": -50000000,
      "gross_margin": 0.13485266366671506,
      "op_margin": 0.051918517443267045,
      "fcf_margin": 0.05380558378090676,
      "incr_op_margin_yoy": 0.8378378378378378,
      "rev_growth_yoy": 0.001793504604944256,
      "rev_growth_yoy_accel": 0.06644399355822206,
      "fcf_margin_change": 0.26484140178671506
    },
    {
      "date": "2022-12-31T00:00:00",
      "quarter_label": "2022-12 (Q4)",
      "revenue": 2203600000,
      "gross_profit": 315000000,
      "operating_income": 147000000,
      "net_income": null,
      "opex": 168000000,
      "cogs": 1869300000,
      "rd": null,
      "sga": 159400000,
      "fcf": 353800000,
      "ocf": 463000000,
      "capex": -109200000,
      "gross_margin": 0.14294790343074967,
      "op_margin": 0.06670902160101652,
      "fcf_margin": 0.16055545471047378,
      "incr_op_margin_yoy": 0.31318281136198106,
      "rev_growth_yoy": 0.22989339733214265,
      "rev_growth_yoy_accel": 0.22809989272719838,
      "op_leverage_ratio": null,
      "fcf_margin_change": 0.10674987092956702
    },
    {
      "date": "2023-03-31T00:00:00",
      "quarter_label": "2023-03 (Q1)",
      "revenue": 2268100000,
      "gross_profit": 333800000,
      "operating_income": 130800000,
      "net_income": null,
      "opex": 203000000,
      "cogs": 1934300000,
      "rd": null,
      "sga": 199100000,
      "fcf": -31700000,
      "ocf": 79800000,
      "capex": -111500000,
      "gross_margin": 0.14717164146201667,
      "op_margin": 0.05766941492879503,
      "fcf_margin": -0.013976456064547418,
      "incr_op_margin_yoy": 0.31482630272952855,
      "rev_growth_yoy": 0.1656987202549211,
      "rev_growth_yoy_accel": -0.06419467707722154,
      "op_leverage_ratio": 0.1404973679433654,
      "fcf_margin_change": -0.1745319107750212
    },
    {
      "date": "2023-06-30T00:00:00",
      "quarter_label": "2023-06 (Q2)",
      "revenue": 2413100000,
      "gross_profit": 424500000,
      "operating_income": 234900000,
      "net_income": null,
      "opex": 189600000,
      "cogs": 1988600000,
      "rd": null,
      "sga": 185400000,
      "fcf": -144700000,
      "ocf": -126400000,
      "capex": -18300000,
      "gross_margin": 0.17591479839210974,
      "op_margin": 0.09734366582404376,
      "fcf_margin": -0.05996436119514318,
      "incr_op_margin_yoy": 0.47680783635839813,
      "rev_growth_yoy": 0.1680058083252662,
      "rev_growth_yoy_accel": 0.0023070880703451035,
      "op_leverage_ratio": null,
      "fcf_margin_change": -0.045987905130595766
    },
    {
      "date": "2023-09-30T00:00:00",
      "quarter_label": "2023-09 (Q3)",
      "revenue": 2509900000,
      "gross_profit": 468100000,
      "operating_income": 256500000,
      "net_income": null,
      "opex": 211600000,
      "cogs": 2041800000,
      "rd": null,
      "sga": 201600000,
      "fcf": 68400000,
      "ocf": 166600000,
      "capex": -98200000,
      "gross_margin": 0.18650145424120482,
      "op_margin": 0.10219530658591976,
      "fcf_margin": 0.02725208175624527,
      "incr_op_margin_yoy": 0.33664259927797835,
      "rev_growth_yoy": 0.21444815406203127,
      "rev_growth_yoy_accel": 0.04644234573676506,
      "op_leverage_ratio": 0.3457129832994903,
      "fcf_margin_change": 0.08721644295138845
    },
    {
      "date": "2023-12-31T00:00:00",
      "quarter_label": "2023-12 (Q4)",
      "revenue": 2466800000,
      "gross_profit": 454400000,
      "operating_income": 215400000,
      "net_income": null,
      "opex": 239000000,
      "cogs": 2012400000,
      "rd": null,
      "sga": 224300000,
      "fcf": 382300000,
      "ocf": 479600000,
      "capex": -97300000,
      "gross_margin": 0.1842062591211286,
      "op_margin": 0.08731960434571104,
      "fcf_margin": 0.15497810929138967,
      "incr_op_margin_yoy": 0.25987841945288753,
      "rev_growth_yoy": 0.11944091486658195,
      "rev_growth_yoy_accel": -0.09500723919544932,
      "fcf_margin_change": 0.1277260275351444
    },
    {
      "date": "2024-03-31T00:00:00",
      "quarter_label": "2024-03 (Q1)",
      "revenue": 2543800000,
      "gross_profit": 470000000,
      "operating_income": 259700000,
      "net_income": null,
      "opex": 210300000,
      "cogs": 2073800000,
      "rd": 39300000,
      "sga": 196800000,
      "fcf": -455900000,
      "ocf": -355800000,
      "capex": -100100000,
      "gross_margin": 0.18476295306234766,
      "op_margin": 0.10209135938359934,
      "fcf_margin": -0.17922006447047722,
      "incr_op_margin_yoy": 0.46753717809212914,
      "rev_growth_yoy": 0.12155548697147392,
      "rev_growth_yoy_accel": 0.0021145721048919652,
      "op_leverage_ratio": null,
      "fcf_margin_change": -0.3341981737618669
    },
    {
      "date": "2024-06-30T00:00:00",
      "quarter_label": "2024-06 (Q2)",
      "revenue": 2846900000,
      "gross_profit": 546100000,
      "operating_income": 260900000,
      "net_income": null,
      "opex": 285200000,
      "cogs": 2300800000,
      "rd": 44100000,
      "sga": 220000000,
      "fcf": -250500000,
      "ocf": -211000000,
      "capex": -39500000,
      "gross_margin": 0.19182268432329902,
      "op_margin": 0.09164354209842285,
      "fcf_margin": -0.0879904457480066,
      "incr_op_margin_yoy": 0.0599354541263255,
      "rev_growth_yoy": 0.17976876217313828,
      "rev_growth_yoy_accel": 0.05821327520166436,
      "op_leverage_ratio": 0.3345495332981124,
      "fcf_margin_change": 0.09122961872247062
    },
    {
      "date": "2024-09-30T00:00:00",
      "quarter_label": "2024-09 (Q3)",
      "revenue": 2741400000,
      "gross_profit": 506000000,
      "operating_income": 266200000,
      "net_income": null,
      "opex": 239800000,
      "cogs": 2235400000,
      "rd": 40200000,
      "sga": 226400000,
      "fcf": 272200000,
      "ocf": 326100000,
      "capex": -53900000,
      "gross_margin": 0.18457722331655357,
      "op_margin": 0.09710366965783906,
      "fcf_margin": 0.09929233238491282,
      "incr_op_margin_yoy": 0.041900647948164144,
      "rev_growth_yoy": 0.0922347503884617,
      "rev_growth_yoy_accel": -0.08753401178467658,
      "fcf_margin_change": 0.18728277813291944
    },
    {
      "date": "2024-12-31T00:00:00",
      "quarter_label": "2024-12 (Q4)",
      "revenue": 2598100000,
      "gross_profit": 447300000,
      "operating_income": 223900000,
      "net_income": null,
      "opex": 223400000,
      "cogs": 2150800000,
      "rd": 45500000,
      "sga": 209200000,
      "fcf": 703300000,
      "ocf": 790800000,
      "capex": -87500000,
      "gross_margin": 0.17216427389245986,
      "op_margin": 0.08617836111004196,
      "fcf_margin": 0.27069781763596473,
      "incr_op_margin_yoy": 0.06473724295506474,
      "rev_growth_yoy": 0.053226852602562026,
      "rev_growth_yoy_accel": -0.03900789778589967,
      "fcf_margin_change": 0.17140548525105193
    },
    {
      "date": "2025-03-31T00:00:00",
      "quarter_label": "2025-03 (Q1)",
      "revenue": 2312800000,
      "gross_profit": 399900000,
      "operating_income": 175400000,
      "net_income": null,
      "opex": 224500000,
      "cogs": 1912900000,
      "rd": 48800000,
      "sga": 211000000,
      "fcf": -435200000,
      "ocf": -394900000,
      "capex": -40300000,
      "gross_margin": 0.1729072985126254,
      "op_margin": 0.07583881010031131,
      "fcf_margin": -0.18817018332756832,
      "incr_op_margin_yoy": 0.36493506493506495,
      "rev_growth_yoy": -0.09080902586681343,
      "rev_growth_yoy_accel": -0.14403587846937546,
      "fcf_margin_change": -0.4588680009635331
    },
    {
      "date": "2025-06-30T00:00:00",
      "quarter_label": "2025-06 (Q2)",
      "revenue": 2732100000,
      "gross_profit": 524500000,
      "operating_income": 291700000,
      "net_income": null,
      "opex": 232800000,
      "cogs": 2207600000,
      "rd": 45000000,
      "sga": 213300000,
      "fcf": 48600000,
      "ocf": 89200000,
      "capex": -40600000,
      "gross_margin": 0.1919768676109952,
      "op_margin": 0.10676768785915595,
      "fcf_margin": 0.017788514329636542,
      "incr_op_margin_yoy": -0.2682926829268293,
      "rev_growth_yoy": -0.0403245635603639,
      "rev_growth_yoy_accel": 0.050484462306449526,
      "op_leverage_ratio": 4.903712914612446,
      "fcf_margin_change": 0.20595869765720487
    },
    {
      "date": "2025-09-30T00:00:00",
      "quarter_label": "2025-09 (Q3)",
      "revenue": 2688600000,
      "gross_profit": 470500000,
      "operating_income": 260400000,
      "net_income": null,
      "opex": 210100000,
      "cogs": 2218100000,
      "rd": 39400000,
      "sga": 196200000,
      "fcf": 464300000,
      "ocf": 489000000,
      "capex": -24700000,
      "gross_margin": 0.17499814029606486,
      "op_margin": 0.09685338094175407,
      "fcf_margin": 0.1726921074164993,
      "incr_op_margin_yoy": 0.10984848484848485,
      "rev_growth_yoy": -0.01926023199824907,
      "rev_growth_yoy_accel": 0.021064331562114832,
      "fcf_margin_change": 0.15490359308686275
    },
    {
      "date": "2025-12-31T00:00:00",
      "quarter_label": "2025-12 (Q4)",
      "revenue": 2688800000,
      "gross_profit": 424100000,
      "operating_income": 212000000,
      "net_income": null,
      "opex": 212100000,
      "cogs": 2264700000,
      "rd": 40500000,
      "sga": 198200000,
      "fcf": 540300000,
      "ocf": 600100000,
      "capex": -59800000,
      "gross_margin": 0.15772835465635227,
      "op_margin": 0.0788455816721214,
      "fcf_margin": 0.20094465932758107,
      "incr_op_margin_yoy": -0.13120176405733186,
      "rev_growth_yoy": 0.03491012663099958,
      "rev_growth_yoy_accel": 0.05417035862924865,
      "fcf_margin_change": 0.02825255191108178
    }
  ],
  "signals": [
    {
      "quarter": "2025-12 (Q4)",
      "signal": "YoY REVENUE GROWTH ACCELERATION",
      "detail": "YoY growth: +3.5% vs prior quarter YoY: -1.9% (accel: +5.4%)",
      "severity": "MEDIUM"
    },
    {
      "quarter": "2025-09 (Q3)",
      "signal": "FCF MARGIN EXPANSION",
      "detail": "FCF margin: +1.8% -> +17.3% (+15.5%)",
      "severity": "MEDIUM"
    },
    {
      "quarter": "2025-06 (Q2)",
      "signal": "FCF TURNED POSITIVE",
      "detail": "FCF margin: -18.8% -> +1.8%",
      "severity": "HIGH"
    },
    {
      "quarter": "2025-06 (Q2)",
      "signal": "OPERATING LEVERAGE",
      "detail": "Rev growth +18.1% vs OpEx growth +3.7% (leverage: 4.9x)",
      "severity": "MEDIUM"
    },
    {
      "quarter": "2025-06 (Q2)",
      "signal": "YoY REVENUE GROWTH ACCELERATION",
      "detail": "YoY growth: -4.0% vs prior quarter YoY: -9.1% (accel: +5.0%)",
      "severity": "MEDIUM"
    },
    {
      "quarter": "2025-03 (Q1)",
      "signal": "YoY REVENUE GROWTH DECELERATION",
      "detail": "YoY growth: -9.1% vs prior quarter YoY: +5.3% (decel: -14.4%)",
      "severity": "WARNING"
    },
    {
      "quarter": "2025-03 (Q1)",
      "signal": "INCREMENTAL MARGIN (YoY)",
      "detail": "YoY Incr OPM: +36.5% vs year-ago OPM: +10.2%",
      "severity": "HIGH"
    },
    {
      "quarter": "2024-12 (Q4)",
      "signal": "FCF MARGIN EXPANSION",
      "detail": "FCF margin: +9.9% -> +27.1% (+17.1%)",
      "severity": "MEDIUM"
    },
    {
      "quarter": "2024-09 (Q3)",
      "signal": "FCF TURNED POSITIVE",
      "detail": "FCF margin: -8.8% -> +9.9%",
      "severity": "HIGH"
    },
    {
      "quarter": "2024-09 (Q3)",
      "signal": "YoY REVENUE GROWTH DECELERATION",
      "detail": "YoY growth: +9.2% vs prior quarter YoY: +18.0% (decel: -8.8%)",
      "severity": "WARNING"
    },
    {
      "quarter": "2024-06 (Q2)",
      "signal": "FCF MARGIN EXPANSION",
      "detail": "FCF margin: -17.9% -> -8.8% (+9.1%)",
      "severity": "MEDIUM"
    },
    {
      "quarter": "2024-06 (Q2)",
      "signal": "YoY REVENUE GROWTH ACCELERATION",
      "detail": "YoY growth: +18.0% vs prior quarter YoY: +12.2% (accel: +5.8%)",
      "severity": "MEDIUM"
    },
    {
      "quarter": "2024-03 (Q1)",
      "signal": "INCREMENTAL MARGIN (YoY)",
      "detail": "YoY Incr OPM: +46.8% vs year-ago OPM: +5.8%",
      "severity": "HIGH"
    },
    {
      "quarter": "2023-12 (Q4)",
      "signal": "FCF MARGIN EXPANSION",
      "detail": "FCF margin: +2.7% -> +15.5% (+12.8%)",
      "severity": "MEDIUM"
    },
    {
      "quarter": "2023-12 (Q4)",
      "signal": "YoY REVENUE GROWTH DECELERATION",
      "detail": "YoY growth: +11.9% vs prior quarter YoY: +21.4% (decel: -9.5%)",
      "severity": "WARNING"
    },
    {
      "quarter": "2023-12 (Q4)",
      "signal": "INCREMENTAL MARGIN (YoY)",
      "detail": "YoY Incr OPM: +26.0% vs year-ago OPM: +6.7%",
      "severity": "MEDIUM"
    },
    {
      "quarter": "2023-09 (Q3)",
      "signal": "FCF TURNED POSITIVE",
      "detail": "FCF margin: -6.0% -> +2.7%",
      "severity": "HIGH"
    },
    {
      "quarter": "2023-09 (Q3)",
      "signal": "INCREMENTAL MARGIN (YoY)",
      "detail": "YoY Incr OPM: +33.7% vs year-ago OPM: +5.2%",
      "severity": "HIGH"
    },
    {
      "quarter": "2023-06 (Q2)",
      "signal": "INCREMENTAL MARGIN (YoY)",
      "detail": "YoY Incr OPM: +47.7% vs year-ago OPM: +3.4%",
      "severity": "HIGH"
    },
    {
      "quarter": "2023-03 (Q1)",
      "signal": "YoY REVENUE GROWTH DECELERATION",
      "detail": "YoY growth: +16.6% vs prior quarter YoY: +23.0% (decel: -6.4%)",
      "severity": "WARNING"
    },
    {
      "quarter": "2023-03 (Q1)",
      "signal": "INCREMENTAL MARGIN (YoY)",
      "detail": "YoY Incr OPM: +31.5% vs year-ago OPM: +1.5%",
      "severity": "HIGH"
    },
    {
      "quarter": "2022-12 (Q4)",
      "signal": "FCF MARGIN EXPANSION",
      "detail": "FCF margin: +5.4% -> +16.1% (+10.7%)",
      "severity": "MEDIUM"
    },
    {
      "quarter": "2022-12 (Q4)",
      "signal": "YoY REVENUE GROWTH ACCELERATION",
      "detail": "YoY growth: +23.0% vs prior quarter YoY: +0.2% (accel: +22.8%)",
      "severity": "HIGH"
    },
    {
      "quarter": "2022-12 (Q4)",
      "signal": "INCREMENTAL MARGIN (YoY)",
      "detail": "YoY Incr OPM: +31.3% vs year-ago OPM: +1.0%",
      "severity": "HIGH"
    },
    {
      "quarter": "2022-09 (Q3)",
      "signal": "FCF TURNED POSITIVE",
      "detail": "FCF margin: -21.1% -> +5.4%",
      "severity": "HIGH"
    },
    {
      "quarter": "2022-09 (Q3)",
      "signal": "YoY REVENUE GROWTH ACCELERATION",
      "detail": "YoY growth: +0.2% vs prior quarter YoY: -6.5% (accel: +6.6%)",
      "severity": "MEDIUM"
    },
    {
      "quarter": "2022-09 (Q3)",
      "signal": "INCREMENTAL MARGIN (YoY)",
      "detail": "YoY Incr OPM: +83.8% vs year-ago OPM: +5.1%",
      "severity": "HIGH"
    },
    {
      "quarter": "2022-06 (Q2)",
      "signal": "YoY REVENUE GROWTH DECELERATION",
      "detail": "YoY growth: -6.5% vs prior quarter YoY: +3.0% (decel: -9.5%)",
      "severity": "WARNING"
    },
    {
      "quarter": "2022-06 (Q2)",
      "signal": "INCREMENTAL MARGIN (YoY)",
      "detail": "YoY Incr OPM: +94.1% vs year-ago OPM: +9.2%",
      "severity": "HIGH"
    },
    {
      "quarter": "2022-03 (Q1)",
      "signal": "FCF TURNED POSITIVE",
      "detail": "FCF margin: -11.3% -> +15.6%",
      "severity": "HIGH"
    },
    {
      "quarter": "2021-09 (Q3)",
      "signal": "FCF MARGIN EXPANSION",
      "detail": "FCF margin: +4.5% -> +17.5% (+13.0%)",
      "severity": "MEDIUM"
    },
    {
      "quarter": "2021-06 (Q2)",
      "signal": "OPERATING LEVERAGE",
      "detail": "Rev growth +16.9% vs OpEx growth +3.7% (leverage: 4.5x)",
      "severity": "MEDIUM"
    }
  ],
  "data_quality": {
    "n_quarters": 20,
    "coverage": {
      "revenue": [
        20,
        20
      ],
      "gross_profit": [
        20,
        20
      ],
      "op_income": [
        20,
        20
      ],
      "fcf": [
        20,
        20
      ]
    },
    "gaps": [],
    "warnings": []
  },
  "market_cap": null,
  "source": "SEC EDGAR",
  "last_updated": "2026-02-24T10:35:30.636029"
}