{
  "ticker": "OSPN",
  "name": "OneSpan Inc.",
  "quarters": [
    {
      "date": "2020-12-31T00:00:00",
      "quarter_label": "2020-12 (Q4)",
      "revenue": 52928000,
      "gross_profit": 39262000,
      "operating_income": -2041000,
      "net_income": -1756000,
      "opex": 41303000,
      "cogs": 13666000,
      "rd": 10016000,
      "sga": null,
      "fcf": 7102000,
      "ocf": 7493000,
      "capex": -391000,
      "gross_margin": 0.7418001813784765,
      "op_margin": -0.03856181983071342,
      "fcf_margin": 0.1341822853688029
    },
    {
      "date": "2021-03-31T00:00:00",
      "quarter_label": "2021-03 (Q1)",
      "revenue": 50775000,
      "gross_profit": 35453000,
      "operating_income": -9294000,
      "net_income": -9151000,
      "opex": 44747000,
      "cogs": 15322000,
      "rd": 12244000,
      "sga": null,
      "fcf": 2828000,
      "ocf": 3583000,
      "capex": -755000,
      "gross_margin": 0.6982373215164943,
      "op_margin": -0.18304283604135893,
      "fcf_margin": 0.05569670113244707,
      "fcf_margin_change": -0.07848558423635582
    },
    {
      "date": "2021-06-30T00:00:00",
      "quarter_label": "2021-06 (Q2)",
      "revenue": 52277000,
      "gross_profit": 35807000,
      "operating_income": -8859000,
      "net_income": -6685000,
      "opex": 44666000,
      "cogs": 16470000,
      "rd": 12096000,
      "sga": null,
      "fcf": -2852000,
      "ocf": -2399000,
      "capex": -453000,
      "gross_margin": 0.6849474912485414,
      "op_margin": -0.16946267000784285,
      "fcf_margin": -0.05455554067754462,
      "op_leverage_ratio": Infinity,
      "fcf_margin_change": -0.11025224180999169
    },
    {
      "date": "2021-09-30T00:00:00",
      "quarter_label": "2021-09 (Q3)",
      "revenue": 52276000,
      "gross_profit": 37420000,
      "operating_income": -2016000,
      "net_income": -975000,
      "opex": 39436000,
      "cogs": 14856000,
      "rd": 11359000,
      "sga": null,
      "fcf": -5934000,
      "ocf": -5613000,
      "capex": -321000,
      "gross_margin": 0.7158160532557961,
      "op_margin": -0.0385645420460632,
      "fcf_margin": -0.11351289310582294,
      "fcf_margin_change": -0.05895735242827832
    },
    {
      "date": "2021-12-31T00:00:00",
      "quarter_label": "2021-12 (Q4)",
      "revenue": 59153000,
      "gross_profit": 37467000,
      "operating_income": -5959000,
      "net_income": -13773000,
      "opex": 43426000,
      "cogs": 24898000,
      "rd": 11715000,
      "sga": null,
      "fcf": 1044000,
      "ocf": 1684000,
      "capex": -640000,
      "gross_margin": 0.6333913749091339,
      "op_margin": -0.10073876219295724,
      "fcf_margin": 0.017649147126942,
      "incr_op_margin_yoy": -0.6293975903614458,
      "rev_growth_yoy": 0.11761260580411124,
      "op_leverage_ratio": 1.300219386940072,
      "fcf_margin_change": 0.13116204023276493
    },
    {
      "date": "2022-03-31T00:00:00",
      "quarter_label": "2022-03 (Q1)",
      "revenue": 52447000,
      "gross_profit": 36678000,
      "operating_income": -9243000,
      "net_income": 5214000,
      "opex": 45921000,
      "cogs": 15769000,
      "rd": 13749000,
      "sga": null,
      "fcf": 3388000,
      "ocf": 3660000,
      "capex": -272000,
      "gross_margin": 0.6993345663240986,
      "op_margin": -0.17623505634259348,
      "fcf_margin": 0.06459854710469617,
      "incr_op_margin_yoy": 0.030502392344497607,
      "rev_growth_yoy": 0.03292959133431807,
      "rev_growth_yoy_accel": -0.08468301446979318,
      "fcf_margin_change": 0.04694939997775417
    },
    {
      "date": "2022-06-30T00:00:00",
      "quarter_label": "2022-06 (Q2)",
      "revenue": 52790000,
      "gross_profit": 35506000,
      "operating_income": -8238000,
      "net_income": -9350000,
      "opex": 43744000,
      "cogs": 17284000,
      "rd": 12876000,
      "sga": null,
      "fcf": -15711000,
      "ocf": -14944000,
      "capex": -767000,
      "gross_margin": 0.6725895055881795,
      "op_margin": -0.15605228262928586,
      "fcf_margin": -0.2976131843152112,
      "rev_growth_yoy": 0.009813110928324119,
      "rev_growth_yoy_accel": -0.02311648040599395,
      "fcf_margin_change": -0.36221173141990737
    },
    {
      "date": "2022-09-30T00:00:00",
      "quarter_label": "2022-09 (Q3)",
      "revenue": 57147000,
      "gross_profit": 38431000,
      "operating_income": -5625000,
      "net_income": -7201000,
      "opex": 44056000,
      "cogs": 18716000,
      "rd": 9541000,
      "sga": null,
      "fcf": -3903000,
      "ocf": -2395000,
      "capex": -1508000,
      "gross_margin": 0.6724937442035452,
      "op_margin": -0.0984303637986246,
      "fcf_margin": -0.06829754842773898,
      "incr_op_margin_yoy": -0.7409156230753439,
      "rev_growth_yoy": 0.09317851404086006,
      "rev_growth_yoy_accel": 0.08336540311253593,
      "op_leverage_ratio": 11.571770100203516,
      "fcf_margin_change": 0.22931563588747222
    },
    {
      "date": "2022-12-31T00:00:00",
      "quarter_label": "2022-12 (Q4)",
      "revenue": 56622000,
      "gross_profit": 37955000,
      "operating_income": -4009000,
      "net_income": -3097000,
      "opex": 41964000,
      "cogs": 18667000,
      "rd": 8139000,
      "sga": null,
      "fcf": 5471000,
      "ocf": 7920000,
      "capex": -2449000,
      "gross_margin": 0.670322489491717,
      "op_margin": -0.07080286814312459,
      "fcf_margin": 0.09662322065628201,
      "incr_op_margin_yoy": -0.7704464638482813,
      "rev_growth_yoy": -0.04278734806349636,
      "rev_growth_yoy_accel": -0.1359658621043564,
      "fcf_margin_change": 0.16492076908402098
    },
    {
      "date": "2023-03-31T00:00:00",
      "quarter_label": "2023-03 (Q1)",
      "revenue": 57607000,
      "gross_profit": 39286000,
      "operating_income": -8130000,
      "net_income": -8356000,
      "opex": 47416000,
      "cogs": 18321000,
      "rd": 9463000,
      "sga": null,
      "fcf": 10168000,
      "ocf": 13237000,
      "capex": -3069000,
      "gross_margin": 0.6819657333310188,
      "op_margin": -0.14112868227819536,
      "fcf_margin": 0.17650632735605049,
      "incr_op_margin_yoy": 0.21569767441860466,
      "rev_growth_yoy": 0.0983850363223826,
      "rev_growth_yoy_accel": 0.14117238438587895,
      "op_leverage_ratio": 0.13389737294026394,
      "fcf_margin_change": 0.07988310669976847
    },
    {
      "date": "2023-06-30T00:00:00",
      "quarter_label": "2023-06 (Q2)",
      "revenue": 55733000,
      "gross_profit": 34294000,
      "operating_income": -17764000,
      "net_income": -17751000,
      "opex": 52058000,
      "cogs": 21439000,
      "rd": 10090000,
      "sga": null,
      "fcf": -23049000,
      "ocf": -19627000,
      "capex": -3422000,
      "gross_margin": 0.6153266466904707,
      "op_margin": -0.3187339637198787,
      "fcf_margin": -0.413561085891662,
      "incr_op_margin_yoy": -3.2368331634386682,
      "rev_growth_yoy": 0.055749194923280926,
      "rev_growth_yoy_accel": -0.042635841399101676,
      "fcf_margin_change": -0.5900674132477125
    },
    {
      "date": "2023-09-30T00:00:00",
      "quarter_label": "2023-09 (Q3)",
      "revenue": 58838000,
      "gross_profit": 40669000,
      "operating_income": -4794000,
      "net_income": -4133000,
      "opex": 45463000,
      "cogs": 18169000,
      "rd": 10133000,
      "sga": null,
      "fcf": -9992000,
      "ocf": -7448000,
      "capex": -2544000,
      "gross_margin": 0.6912029640708386,
      "op_margin": -0.08147795642272002,
      "fcf_margin": -0.16982222373296169,
      "incr_op_margin_yoy": 0.4914251921939681,
      "rev_growth_yoy": 0.029590354699284303,
      "rev_growth_yoy_accel": -0.026158840223996623,
      "op_leverage_ratio": Infinity,
      "fcf_margin_change": 0.24373886215870033
    },
    {
      "date": "2023-12-31T00:00:00",
      "quarter_label": "2023-12 (Q4)",
      "revenue": 62928000,
      "gross_profit": 43466000,
      "operating_income": 1817000,
      "net_income": 441000,
      "opex": 41649000,
      "cogs": 19462000,
      "rd": 8734000,
      "sga": null,
      "fcf": -346000,
      "ocf": 3103000,
      "capex": -3449000,
      "gross_margin": 0.6907259089753369,
      "op_margin": 0.02887426900584795,
      "fcf_margin": -0.005498347317569286,
      "incr_op_margin_yoy": 0.9238820171265462,
      "rev_growth_yoy": 0.11137013881530147,
      "rev_growth_yoy_accel": 0.08177978411601716,
      "op_leverage_ratio": Infinity,
      "fcf_margin_change": 0.1643238764153924
    },
    {
      "date": "2024-03-31T00:00:00",
      "quarter_label": "2024-03 (Q1)",
      "revenue": 64843000,
      "gross_profit": 47395000,
      "operating_income": 14110000,
      "net_income": 13468000,
      "opex": 33285000,
      "cogs": 17448000,
      "rd": 8259000,
      "sga": null,
      "fcf": 23915000,
      "ocf": 26960000,
      "capex": -3045000,
      "gross_margin": 0.7309192973798251,
      "op_margin": 0.21760251684838763,
      "fcf_margin": 0.3688139043535925,
      "incr_op_margin_yoy": 3.0735212824765066,
      "rev_growth_yoy": 0.12560973492804695,
      "rev_growth_yoy_accel": 0.014239596112745473,
      "op_leverage_ratio": Infinity,
      "fcf_margin_change": 0.3743122516711618
    },
    {
      "date": "2024-06-30T00:00:00",
      "quarter_label": "2024-06 (Q2)",
      "revenue": 60924000,
      "gross_profit": 40341000,
      "operating_income": 7637000,
      "net_income": 6553000,
      "opex": 32704000,
      "cogs": 20583000,
      "rd": 8341000,
      "sga": null,
      "fcf": 26000,
      "ocf": 2302000,
      "capex": -2276000,
      "gross_margin": 0.6621528461689974,
      "op_margin": 0.12535289869345415,
      "fcf_margin": 0.00042676121068872694,
      "incr_op_margin_yoy": 4.893276825274514,
      "rev_growth_yoy": 0.09314050921357185,
      "rev_growth_yoy_accel": -0.032469225714475095,
      "fcf_margin_change": -0.3683871431429038
    },
    {
      "date": "2024-09-30T00:00:00",
      "quarter_label": "2024-09 (Q3)",
      "revenue": 56242000,
      "gross_profit": 41548000,
      "operating_income": 11252000,
      "net_income": 8273000,
      "opex": 30296000,
      "cogs": 14694000,
      "rd": 7533000,
      "sga": null,
      "fcf": 12027000,
      "ocf": 13979000,
      "capex": -1952000,
      "gross_margin": 0.738736175811671,
      "op_margin": 0.20006400910351693,
      "fcf_margin": 0.21384374666619252,
      "incr_op_margin_yoy": -6.1810477657935285,
      "rev_growth_yoy": -0.04412114619803528,
      "rev_growth_yoy_accel": -0.13726165541160712,
      "fcf_margin_change": 0.2134169854555038
    },
    {
      "date": "2024-12-31T00:00:00",
      "quarter_label": "2024-12 (Q4)",
      "revenue": 61171000,
      "gross_profit": 45292000,
      "operating_income": 11806000,
      "net_income": 28788000,
      "opex": 33486000,
      "cogs": 15879000,
      "rd": 8290000,
      "sga": null,
      "fcf": 10454000,
      "ocf": 12426000,
      "capex": -1972000,
      "gross_margin": 0.7404162102957283,
      "op_margin": 0.1929999509571529,
      "fcf_margin": 0.17089797453041475,
      "incr_op_margin_yoy": -5.685258964143427,
      "rev_growth_yoy": -0.027920798372743454,
      "rev_growth_yoy_accel": 0.01620034782529183,
      "op_leverage_ratio": 0.832324485800781,
      "fcf_margin_change": -0.04294577213577777
    },
    {
      "date": "2025-03-31T00:00:00",
      "quarter_label": "2025-03 (Q1)",
      "revenue": 63366000,
      "gross_profit": 47091000,
      "operating_income": 17182000,
      "net_income": 14505000,
      "opex": 29909000,
      "cogs": 16275000,
      "rd": 7928000,
      "sga": null,
      "fcf": 27740000,
      "ocf": 29366000,
      "capex": -1626000,
      "gross_margin": 0.7431587917810814,
      "op_margin": 0.2711548780102894,
      "fcf_margin": 0.4377742006754411,
      "incr_op_margin_yoy": -2.079891672308734,
      "rev_growth_yoy": -0.022778094782783028,
      "rev_growth_yoy_accel": 0.005142703589960426,
      "op_leverage_ratio": Infinity,
      "fcf_margin_change": 0.2668762261450264
    },
    {
      "date": "2025-06-30T00:00:00",
      "quarter_label": "2025-06 (Q2)",
      "revenue": 59843000,
      "gross_profit": 43967000,
      "operating_income": 10506000,
      "net_income": 8342000,
      "opex": 33461000,
      "cogs": 15876000,
      "rd": 9444000,
      "sga": null,
      "fcf": 4360000,
      "ocf": 6217000,
      "capex": -1857000,
      "gross_margin": 0.734705813545444,
      "op_margin": 0.17555938037865748,
      "fcf_margin": 0.07285730996106479,
      "incr_op_margin_yoy": -2.6540240518038853,
      "rev_growth_yoy": -0.017743418029019763,
      "rev_growth_yoy_accel": 0.005034676753763265,
      "fcf_margin_change": -0.3649168907143763
    },
    {
      "date": "2025-09-30T00:00:00",
      "quarter_label": "2025-09 (Q3)",
      "revenue": 57056000,
      "gross_profit": 42003000,
      "operating_income": 8227000,
      "net_income": 6514000,
      "opex": 33776000,
      "cogs": 15053000,
      "rd": 8796000,
      "sga": null,
      "fcf": 8767000,
      "ocf": 11302000,
      "capex": -2535000,
      "gross_margin": 0.7361714806505889,
      "op_margin": 0.14419167134043748,
      "fcf_margin": 0.15365605720695458,
      "rev_growth_yoy": 0.01447316951744248,
      "rev_growth_yoy_accel": 0.03221658754646224,
      "fcf_margin_change": 0.08079874724588978
    }
  ],
  "signals": [
    {
      "quarter": "2025-09 (Q3)",
      "signal": "FCF MARGIN EXPANSION",
      "detail": "FCF margin: +7.3% -> +15.4% (+8.1%)",
      "severity": "MEDIUM"
    },
    {
      "quarter": "2025-03 (Q1)",
      "signal": "FCF MARGIN EXPANSION",
      "detail": "FCF margin: +17.1% -> +43.8% (+26.7%)",
      "severity": "MEDIUM"
    },
    {
      "quarter": "2024-09 (Q3)",
      "signal": "FCF MARGIN EXPANSION",
      "detail": "FCF margin: +0.0% -> +21.4% (+21.3%)",
      "severity": "MEDIUM"
    },
    {
      "quarter": "2024-09 (Q3)",
      "signal": "GROSS MARGIN INFLECTION",
      "detail": "GM: +73.1% -> +66.2% -> +73.9% (reversal +7.7%)",
      "severity": "HIGH"
    },
    {
      "quarter": "2024-09 (Q3)",
      "signal": "YoY REVENUE GROWTH DECELERATION",
      "detail": "YoY growth: -4.4% vs prior quarter YoY: +9.3% (decel: -13.7%)",
      "severity": "WARNING"
    },
    {
      "quarter": "2024-09 (Q3)",
      "signal": "OP MARGIN TURNED POSITIVE (YoY)",
      "detail": "Op margin: -8.1% (year-ago) -> +20.0%",
      "severity": "HIGH"
    },
    {
      "quarter": "2024-06 (Q2)",
      "signal": "OP MARGIN TURNED POSITIVE (YoY)",
      "detail": "Op margin: -31.9% (year-ago) -> +12.5%",
      "severity": "HIGH"
    },
    {
      "quarter": "2024-03 (Q1)",
      "signal": "FCF TURNED POSITIVE",
      "detail": "FCF margin: -0.5% -> +36.9%",
      "severity": "HIGH"
    },
    {
      "quarter": "2024-03 (Q1)",
      "signal": "GROSS MARGIN INFLECTION",
      "detail": "GM: +69.1% -> +69.1% -> +73.1% (reversal +4.0%)",
      "severity": "MEDIUM"
    },
    {
      "quarter": "2024-03 (Q1)",
      "signal": "OP MARGIN TURNED POSITIVE (YoY)",
      "detail": "Op margin: -14.1% (year-ago) -> +21.8%",
      "severity": "HIGH"
    },
    {
      "quarter": "2023-12 (Q4)",
      "signal": "FCF MARGIN EXPANSION",
      "detail": "FCF margin: -17.0% -> -0.5% (+16.4%)",
      "severity": "MEDIUM"
    },
    {
      "quarter": "2023-12 (Q4)",
      "signal": "YoY REVENUE GROWTH ACCELERATION",
      "detail": "YoY growth: +11.1% vs prior quarter YoY: +3.0% (accel: +8.2%)",
      "severity": "MEDIUM"
    },
    {
      "quarter": "2023-12 (Q4)",
      "signal": "OP MARGIN TURNED POSITIVE (YoY)",
      "detail": "Op margin: -7.1% (year-ago) -> +2.9%",
      "severity": "HIGH"
    },
    {
      "quarter": "2023-12 (Q4)",
      "signal": "OP MARGIN TURNED POSITIVE (QoQ)",
      "detail": "Op margin: -8.1% -> +2.9%",
      "severity": "HIGH"
    },
    {
      "quarter": "2023-09 (Q3)",
      "signal": "FCF MARGIN EXPANSION",
      "detail": "FCF margin: -41.4% -> -17.0% (+24.4%)",
      "severity": "MEDIUM"
    },
    {
      "quarter": "2023-09 (Q3)",
      "signal": "GROSS MARGIN INFLECTION",
      "detail": "GM: +68.2% -> +61.5% -> +69.1% (reversal +7.6%)",
      "severity": "HIGH"
    },
    {
      "quarter": "2023-03 (Q1)",
      "signal": "FCF MARGIN EXPANSION",
      "detail": "FCF margin: +9.7% -> +17.7% (+8.0%)",
      "severity": "MEDIUM"
    },
    {
      "quarter": "2023-03 (Q1)",
      "signal": "YoY REVENUE GROWTH ACCELERATION",
      "detail": "YoY growth: +9.8% vs prior quarter YoY: -4.3% (accel: +14.1%)",
      "severity": "MEDIUM"
    },
    {
      "quarter": "2022-12 (Q4)",
      "signal": "FCF TURNED POSITIVE",
      "detail": "FCF margin: -6.8% -> +9.7%",
      "severity": "HIGH"
    },
    {
      "quarter": "2022-12 (Q4)",
      "signal": "YoY REVENUE GROWTH DECELERATION",
      "detail": "YoY growth: -4.3% vs prior quarter YoY: +9.3% (decel: -13.6%)",
      "severity": "WARNING"
    },
    {
      "quarter": "2022-09 (Q3)",
      "signal": "FCF MARGIN EXPANSION",
      "detail": "FCF margin: -29.8% -> -6.8% (+22.9%)",
      "severity": "MEDIUM"
    },
    {
      "quarter": "2022-09 (Q3)",
      "signal": "OPERATING LEVERAGE",
      "detail": "Rev growth +8.3% vs OpEx growth +0.7% (leverage: 11.6x)",
      "severity": "MEDIUM"
    },
    {
      "quarter": "2022-09 (Q3)",
      "signal": "YoY REVENUE GROWTH ACCELERATION",
      "detail": "YoY growth: +9.3% vs prior quarter YoY: +1.0% (accel: +8.3%)",
      "severity": "MEDIUM"
    },
    {
      "quarter": "2022-03 (Q1)",
      "signal": "GROSS MARGIN INFLECTION",
      "detail": "GM: +71.6% -> +63.3% -> +69.9% (reversal +6.6%)",
      "severity": "HIGH"
    },
    {
      "quarter": "2022-03 (Q1)",
      "signal": "YoY REVENUE GROWTH DECELERATION",
      "detail": "YoY growth: +3.3% vs prior quarter YoY: +11.8% (decel: -8.5%)",
      "severity": "WARNING"
    },
    {
      "quarter": "2021-12 (Q4)",
      "signal": "FCF TURNED POSITIVE",
      "detail": "FCF margin: -11.4% -> +1.8%",
      "severity": "HIGH"
    },
    {
      "quarter": "2021-09 (Q3)",
      "signal": "GROSS MARGIN INFLECTION",
      "detail": "GM: +69.8% -> +68.5% -> +71.6% (reversal +3.1%)",
      "severity": "MEDIUM"
    }
  ],
  "data_quality": {
    "n_quarters": 20,
    "coverage": {
      "revenue": [
        20,
        20
      ],
      "gross_profit": [
        20,
        20
      ],
      "op_income": [
        20,
        20
      ],
      "fcf": [
        20,
        20
      ]
    },
    "gaps": [],
    "warnings": []
  },
  "market_cap": null,
  "source": "SEC EDGAR",
  "last_updated": "2026-02-02T22:28:56.424659"
}