{
  "ticker": "OSS",
  "name": "One Stop Systems, Inc.",
  "quarters": [
    {
      "date": "2020-12-31T00:00:00",
      "quarter_label": "2020-12 (Q4)",
      "revenue": 13934365,
      "gross_profit": 4812118,
      "operating_income": 513317,
      "net_income": 243860,
      "opex": 4298801,
      "cogs": 9122247,
      "rd": 1106420,
      "sga": 2209436,
      "fcf": 979266,
      "ocf": 1135217,
      "capex": -155951,
      "gross_margin": 0.3453417504134562,
      "op_margin": 0.0368382054008202,
      "fcf_margin": 0.07027704527619306
    },
    {
      "date": "2021-03-31T00:00:00",
      "quarter_label": "2021-03 (Q1)",
      "revenue": 13315752,
      "gross_profit": 4432784,
      "operating_income": 275031,
      "net_income": 41198,
      "opex": 4157753,
      "cogs": 8882968,
      "rd": 832233,
      "sga": 2157619,
      "fcf": 4169307,
      "ocf": 4291066,
      "capex": -121759,
      "gross_margin": 0.3328977589849976,
      "op_margin": 0.020654560102951754,
      "fcf_margin": 0.31311089302354084,
      "fcf_margin_change": 0.2428338477473478
    },
    {
      "date": "2021-06-30T00:00:00",
      "quarter_label": "2021-06 (Q2)",
      "revenue": 14905009,
      "gross_profit": 4652744,
      "operating_income": 516650,
      "net_income": 1697122,
      "opex": 4136094,
      "cogs": 10252265,
      "rd": 1008017,
      "sga": 1648785,
      "fcf": -1580743,
      "ocf": -1502703,
      "capex": -78040,
      "gross_margin": 0.3121597578371137,
      "op_margin": 0.03466284388020162,
      "fcf_margin": -0.10605448141628093,
      "op_leverage_ratio": Infinity,
      "fcf_margin_change": -0.41916537443982177
    },
    {
      "date": "2021-09-30T00:00:00",
      "quarter_label": "2021-09 (Q3)",
      "revenue": 15984293,
      "gross_profit": 5516703,
      "operating_income": 1026279,
      "net_income": 980696,
      "opex": 4490424,
      "cogs": 10467590,
      "rd": 999715,
      "sga": 1920574,
      "fcf": 395304,
      "ocf": 508762,
      "capex": -113458,
      "gross_margin": 0.34513275000652205,
      "op_margin": 0.0642054672045864,
      "fcf_margin": 0.024730777895525313,
      "op_leverage_ratio": 0.8452515431464225,
      "fcf_margin_change": 0.13078525931180623
    },
    {
      "date": "2021-12-31T00:00:00",
      "quarter_label": "2021-12 (Q4)",
      "revenue": 17777050,
      "gross_profit": 5037058,
      "operating_income": -70933,
      "net_income": -386243,
      "opex": 5107991,
      "cogs": 12739992,
      "rd": 1192651,
      "sga": 1931440,
      "fcf": 2074913,
      "ocf": 2325471,
      "capex": -250558,
      "gross_margin": 0.28334611198145926,
      "op_margin": -0.003990144596544421,
      "fcf_margin": 0.11671863441909654,
      "incr_op_margin_yoy": -0.15204212679415566,
      "rev_growth_yoy": 0.27577037059098136,
      "op_leverage_ratio": 0.8155137057746765,
      "fcf_margin_change": 0.09198785652357122
    },
    {
      "date": "2022-03-31T00:00:00",
      "quarter_label": "2022-03 (Q1)",
      "revenue": 17052677,
      "gross_profit": 5140655,
      "operating_income": 650131,
      "net_income": 579234,
      "opex": 4490524,
      "cogs": 11912022,
      "rd": 1244115,
      "sga": 1774689,
      "fcf": -5104239,
      "ocf": -5018398,
      "capex": -85841,
      "gross_margin": 0.3014573606243759,
      "op_margin": 0.038124864500746716,
      "fcf_margin": -0.29932186013961326,
      "incr_op_margin_yoy": 0.10037664657438937,
      "rev_growth_yoy": 0.28063942614731785,
      "rev_growth_yoy_accel": 0.004869055556336488,
      "fcf_margin_change": -0.4160404945587098
    },
    {
      "date": "2022-06-30T00:00:00",
      "quarter_label": "2022-06 (Q2)",
      "revenue": 18303343,
      "gross_profit": 5200318,
      "operating_income": 401923,
      "net_income": 322822,
      "opex": 4798395,
      "cogs": 13103025,
      "rd": 1252037,
      "sga": 1821445,
      "fcf": -2613801,
      "ocf": -2557957,
      "capex": -55844,
      "gross_margin": 0.28411848043278215,
      "op_margin": 0.021958994048245722,
      "fcf_margin": -0.14280456854247883,
      "incr_op_margin_yoy": -0.03375977758513436,
      "rev_growth_yoy": 0.227999459778924,
      "rev_growth_yoy_accel": -0.05263996636839385,
      "op_leverage_ratio": 1.0697369989279755,
      "fcf_margin_change": 0.15651729159713443
    },
    {
      "date": "2022-09-30T00:00:00",
      "quarter_label": "2022-09 (Q3)",
      "revenue": 18815844,
      "gross_profit": 5077868,
      "operating_income": 163376,
      "net_income": 132533,
      "opex": 4914492,
      "cogs": 13737976,
      "rd": 1159868,
      "sga": 1890036,
      "fcf": -1242353,
      "ocf": -1098539,
      "capex": -143814,
      "gross_margin": 0.26987192283269357,
      "op_margin": 0.008682895117540303,
      "fcf_margin": -0.06602696110788334,
      "incr_op_margin_yoy": -0.3047457029733881,
      "rev_growth_yoy": 0.17714583935617295,
      "rev_growth_yoy_accel": -0.050853620422751045,
      "op_leverage_ratio": 1.1572822633794266,
      "fcf_margin_change": 0.0767776074345955
    },
    {
      "date": "2022-12-31T00:00:00",
      "quarter_label": "2022-12 (Q4)",
      "revenue": 18249481,
      "gross_profit": 4978768,
      "operating_income": 352897,
      "net_income": -3263644,
      "opex": 4625871,
      "cogs": 13270713,
      "rd": 1087554,
      "sga": 1793232,
      "fcf": 624460,
      "ocf": 868869,
      "capex": -244409,
      "gross_margin": 0.2728169639454404,
      "op_margin": 0.019337371840875913,
      "fcf_margin": 0.03421795940388661,
      "rev_growth_yoy": 0.026575331677640552,
      "rev_growth_yoy_accel": -0.1505705076785324,
      "fcf_margin_change": 0.10024492051176995
    },
    {
      "date": "2023-03-31T00:00:00",
      "quarter_label": "2023-03 (Q1)",
      "revenue": 16781894,
      "gross_profit": 5070762,
      "operating_income": -196348,
      "net_income": -400512,
      "opex": 5267110,
      "cogs": 11711132,
      "rd": 1195328,
      "sga": 2285101,
      "fcf": -61122,
      "ocf": 23963,
      "capex": -85085,
      "gross_margin": 0.30215671723346604,
      "op_margin": -0.011699990477832836,
      "fcf_margin": -0.003642139558264401,
      "rev_growth_yoy": -0.01587920770445602,
      "rev_growth_yoy_accel": -0.042454539382096576,
      "fcf_margin_change": -0.03786009896215101
    },
    {
      "date": "2023-06-30T00:00:00",
      "quarter_label": "2023-06 (Q2)",
      "revenue": 17211532,
      "gross_profit": 4797938,
      "operating_income": -3413557,
      "net_income": -2399496,
      "opex": 8211495,
      "cogs": 12413594,
      "rd": 954650,
      "sga": 3072880,
      "fcf": 1810165,
      "ocf": 2024971,
      "capex": -214806,
      "gross_margin": 0.27876298286520923,
      "op_margin": -0.198329643171799,
      "fcf_margin": 0.10517163724879343,
      "incr_op_margin_yoy": 3.494634144554323,
      "rev_growth_yoy": -0.059650906394531314,
      "rev_growth_yoy_accel": -0.04377169869007529,
      "op_leverage_ratio": 0.04579726095183443,
      "fcf_margin_change": 0.10881377680705782
    },
    {
      "date": "2023-09-30T00:00:00",
      "quarter_label": "2023-09 (Q3)",
      "revenue": 13748163,
      "gross_profit": 3651351,
      "operating_income": -3982114,
      "net_income": -3638608,
      "opex": 7633465,
      "cogs": 10096812,
      "rd": 1053852,
      "sga": 1935720,
      "fcf": -1898038,
      "ocf": -1823465,
      "capex": -74573,
      "gross_margin": 0.26558828259455464,
      "op_margin": -0.2896469877466539,
      "fcf_margin": -0.138057571764315,
      "incr_op_margin_yoy": 0.8180250493272958,
      "rev_growth_yoy": -0.26933051740862646,
      "rev_growth_yoy_accel": -0.20967961101409516,
      "fcf_margin_change": -0.2432292090131084
    },
    {
      "date": "2023-12-31T00:00:00",
      "quarter_label": "2023-12 (Q4)",
      "revenue": 13155208,
      "gross_profit": 4434571,
      "operating_income": -331134,
      "net_income": -277560,
      "opex": 4765705,
      "cogs": 8720637,
      "rd": 1127194,
      "sga": 1970746,
      "fcf": -1112437,
      "ocf": -665148,
      "capex": -447289,
      "gross_margin": 0.33709622835305986,
      "op_margin": -0.025171323782945888,
      "fcf_margin": -0.08456247898170824,
      "incr_op_margin_yoy": 0.13427450786402692,
      "rev_growth_yoy": -0.27914618503397437,
      "rev_growth_yoy_accel": -0.009815667625347912,
      "fcf_margin_change": 0.05349509278260675
    },
    {
      "date": "2024-03-31T00:00:00",
      "quarter_label": "2024-03 (Q1)",
      "revenue": 12651786,
      "gross_profit": 3723293,
      "operating_income": -1262014,
      "net_income": -1339622,
      "opex": 4985307,
      "cogs": 8928493,
      "rd": 970877,
      "sga": 2094317,
      "fcf": 1876210,
      "ocf": 2043378,
      "capex": -167168,
      "gross_margin": 0.2942899129024155,
      "op_margin": -0.09974986930698954,
      "fcf_margin": 0.1482960587540763,
      "incr_op_margin_yoy": 0.25802376112198516,
      "rev_growth_yoy": -0.24610499863722177,
      "rev_growth_yoy_accel": 0.0330411863967526,
      "fcf_margin_change": 0.23285853773578455
    },
    {
      "date": "2024-06-30T00:00:00",
      "quarter_label": "2024-06 (Q2)",
      "revenue": 13201330,
      "gross_profit": 3333263,
      "operating_income": -2254865,
      "net_income": -2344545,
      "opex": 5588128,
      "cogs": 9868067,
      "rd": 925602,
      "sga": 2407398,
      "fcf": -853562,
      "ocf": -816636,
      "capex": -36926,
      "gross_margin": 0.25249448351037357,
      "op_margin": -0.1708058960725927,
      "fcf_margin": -0.0646572731686883,
      "incr_op_margin_yoy": -0.288936068557145,
      "rev_growth_yoy": -0.23299506400708547,
      "rev_growth_yoy_accel": 0.013109934630136294,
      "op_leverage_ratio": 0.35921475541576237,
      "fcf_margin_change": -0.2129533319227646
    },
    {
      "date": "2024-09-30T00:00:00",
      "quarter_label": "2024-09 (Q3)",
      "revenue": 13701097,
      "gross_profit": -1717738,
      "operating_income": -6734027,
      "net_income": -6815384,
      "opex": 5016289,
      "cogs": 15418835,
      "rd": 950373,
      "sga": 2057092,
      "fcf": 822108,
      "ocf": 916803,
      "capex": -94695,
      "gross_margin": -0.1253722968314143,
      "op_margin": -0.49149546200570654,
      "fcf_margin": 0.060003078585605225,
      "rev_growth_yoy": -0.0034234391896575565,
      "rev_growth_yoy_accel": 0.2295716248174279,
      "op_leverage_ratio": Infinity,
      "fcf_margin_change": 0.12466035175429352
    },
    {
      "date": "2024-12-31T00:00:00",
      "quarter_label": "2024-12 (Q4)",
      "revenue": 15140145,
      "gross_profit": 2379489,
      "operating_income": -3105907,
      "net_income": -3134782,
      "opex": 5485396,
      "cogs": 12760656,
      "rd": 1250377,
      "sga": 2413102,
      "fcf": -2315602,
      "ocf": -2251643,
      "capex": -63959,
      "gross_margin": 0.15716421474166858,
      "op_margin": -0.20514380806788837,
      "fcf_margin": -0.15294450614574695,
      "incr_op_margin_yoy": -1.3979148960395216,
      "rev_growth_yoy": 0.15088602171854676,
      "rev_growth_yoy_accel": 0.15430946090820433,
      "op_leverage_ratio": 1.123131414789664,
      "fcf_margin_change": -0.21294758473135217
    },
    {
      "date": "2025-03-31T00:00:00",
      "quarter_label": "2025-03 (Q1)",
      "revenue": 12259088,
      "gross_profit": 3996992,
      "operating_income": -1944860,
      "net_income": -2017634,
      "opex": 5941852,
      "cogs": 8262096,
      "rd": 1357293,
      "sga": 2366369,
      "fcf": -1148389,
      "ocf": -1135596,
      "capex": -12793,
      "gross_margin": 0.326043177110728,
      "op_margin": -0.15864638544074405,
      "fcf_margin": -0.09367654429105983,
      "rev_growth_yoy": -0.03103893790173182,
      "rev_growth_yoy_accel": -0.18192495962027858,
      "fcf_margin_change": 0.05926796185468712
    },
    {
      "date": "2025-06-30T00:00:00",
      "quarter_label": "2025-06 (Q2)",
      "revenue": 14108585,
      "gross_profit": 4412278,
      "operating_income": -1823953,
      "net_income": -2020730,
      "opex": 6236231,
      "cogs": 9696307,
      "rd": 1524900,
      "sga": 2386201,
      "fcf": -529240,
      "ocf": -368704,
      "capex": -160536,
      "gross_margin": 0.3127371029766628,
      "op_margin": -0.12927965490515173,
      "fcf_margin": -0.03751191207339361,
      "rev_growth_yoy": 0.06872451487842512,
      "rev_growth_yoy_accel": 0.09976345278015694,
      "op_leverage_ratio": 3.04516250096053,
      "fcf_margin_change": 0.05616463221766622
    },
    {
      "date": "2025-09-30T00:00:00",
      "quarter_label": "2025-09 (Q3)",
      "revenue": 18756199,
      "gross_profit": 6692372,
      "operating_income": 570102,
      "net_income": 263487,
      "opex": 6122270,
      "cogs": 12063827,
      "rd": 1448521,
      "sga": 2344776,
      "fcf": -3715865,
      "ocf": -3421315,
      "capex": -294550,
      "gross_margin": 0.35680854100556303,
      "op_margin": 0.030395390878503688,
      "fcf_margin": -0.1981139675474759,
      "incr_op_margin_yoy": 1.4449023976172983,
      "rev_growth_yoy": 0.3689560040338376,
      "rev_growth_yoy_accel": 0.3002314891554125,
      "op_leverage_ratio": Infinity,
      "fcf_margin_change": -0.1606020554740823
    }
  ],
  "signals": [
    {
      "quarter": "2025-09 (Q3)",
      "signal": "GROSS MARGIN INFLECTION",
      "detail": "GM: +32.6% -> +31.3% -> +35.7% (reversal +4.4%)",
      "severity": "MEDIUM"
    },
    {
      "quarter": "2025-09 (Q3)",
      "signal": "YoY REVENUE GROWTH ACCELERATION",
      "detail": "YoY growth: +36.9% vs prior quarter YoY: +6.9% (accel: +30.0%)",
      "severity": "HIGH"
    },
    {
      "quarter": "2025-09 (Q3)",
      "signal": "OP MARGIN TURNED POSITIVE (YoY)",
      "detail": "Op margin: -49.1% (year-ago) -> +3.0%",
      "severity": "HIGH"
    },
    {
      "quarter": "2025-09 (Q3)",
      "signal": "OP MARGIN TURNED POSITIVE (QoQ)",
      "detail": "Op margin: -12.9% -> +3.0%",
      "severity": "HIGH"
    },
    {
      "quarter": "2025-06 (Q2)",
      "signal": "FCF MARGIN EXPANSION",
      "detail": "FCF margin: -9.4% -> -3.8% (+5.6%)",
      "severity": "MEDIUM"
    },
    {
      "quarter": "2025-06 (Q2)",
      "signal": "OPERATING LEVERAGE",
      "detail": "Rev growth +15.1% vs OpEx growth +5.0% (leverage: 3.0x)",
      "severity": "MEDIUM"
    },
    {
      "quarter": "2025-06 (Q2)",
      "signal": "YoY REVENUE GROWTH ACCELERATION",
      "detail": "YoY growth: +6.9% vs prior quarter YoY: -3.1% (accel: +10.0%)",
      "severity": "MEDIUM"
    },
    {
      "quarter": "2025-03 (Q1)",
      "signal": "FCF MARGIN EXPANSION",
      "detail": "FCF margin: -15.3% -> -9.4% (+5.9%)",
      "severity": "MEDIUM"
    },
    {
      "quarter": "2025-03 (Q1)",
      "signal": "YoY REVENUE GROWTH DECELERATION",
      "detail": "YoY growth: -3.1% vs prior quarter YoY: +15.1% (decel: -18.2%)",
      "severity": "WARNING"
    },
    {
      "quarter": "2024-12 (Q4)",
      "signal": "GROSS MARGIN INFLECTION",
      "detail": "GM: +25.2% -> -12.5% -> +15.7% (reversal +28.3%)",
      "severity": "HIGH"
    },
    {
      "quarter": "2024-12 (Q4)",
      "signal": "YoY REVENUE GROWTH ACCELERATION",
      "detail": "YoY growth: +15.1% vs prior quarter YoY: -0.3% (accel: +15.4%)",
      "severity": "HIGH"
    },
    {
      "quarter": "2024-09 (Q3)",
      "signal": "FCF TURNED POSITIVE",
      "detail": "FCF margin: -6.5% -> +6.0%",
      "severity": "HIGH"
    },
    {
      "quarter": "2024-09 (Q3)",
      "signal": "YoY REVENUE GROWTH ACCELERATION",
      "detail": "YoY growth: -0.3% vs prior quarter YoY: -23.3% (accel: +23.0%)",
      "severity": "HIGH"
    },
    {
      "quarter": "2024-03 (Q1)",
      "signal": "FCF TURNED POSITIVE",
      "detail": "FCF margin: -8.5% -> +14.8%",
      "severity": "HIGH"
    },
    {
      "quarter": "2023-12 (Q4)",
      "signal": "FCF MARGIN EXPANSION",
      "detail": "FCF margin: -13.8% -> -8.5% (+5.3%)",
      "severity": "MEDIUM"
    },
    {
      "quarter": "2023-12 (Q4)",
      "signal": "GROSS MARGIN INFLECTION",
      "detail": "GM: +27.9% -> +26.6% -> +33.7% (reversal +7.2%)",
      "severity": "HIGH"
    },
    {
      "quarter": "2023-09 (Q3)",
      "signal": "YoY REVENUE GROWTH DECELERATION",
      "detail": "YoY growth: -26.9% vs prior quarter YoY: -6.0% (decel: -21.0%)",
      "severity": "WARNING"
    },
    {
      "quarter": "2023-06 (Q2)",
      "signal": "FCF TURNED POSITIVE",
      "detail": "FCF margin: -0.4% -> +10.5%",
      "severity": "HIGH"
    },
    {
      "quarter": "2022-12 (Q4)",
      "signal": "FCF TURNED POSITIVE",
      "detail": "FCF margin: -6.6% -> +3.4%",
      "severity": "HIGH"
    },
    {
      "quarter": "2022-12 (Q4)",
      "signal": "YoY REVENUE GROWTH DECELERATION",
      "detail": "YoY growth: +2.7% vs prior quarter YoY: +17.7% (decel: -15.1%)",
      "severity": "WARNING"
    },
    {
      "quarter": "2022-12 (Q4)",
      "signal": "OP MARGIN TURNED POSITIVE (YoY)",
      "detail": "Op margin: -0.4% (year-ago) -> +1.9%",
      "severity": "HIGH"
    },
    {
      "quarter": "2022-09 (Q3)",
      "signal": "FCF MARGIN EXPANSION",
      "detail": "FCF margin: -14.3% -> -6.6% (+7.7%)",
      "severity": "MEDIUM"
    },
    {
      "quarter": "2022-09 (Q3)",
      "signal": "YoY REVENUE GROWTH DECELERATION",
      "detail": "YoY growth: +17.7% vs prior quarter YoY: +22.8% (decel: -5.1%)",
      "severity": "WARNING"
    },
    {
      "quarter": "2022-06 (Q2)",
      "signal": "FCF MARGIN EXPANSION",
      "detail": "FCF margin: -29.9% -> -14.3% (+15.7%)",
      "severity": "MEDIUM"
    },
    {
      "quarter": "2022-06 (Q2)",
      "signal": "YoY REVENUE GROWTH DECELERATION",
      "detail": "YoY growth: +22.8% vs prior quarter YoY: +28.1% (decel: -5.3%)",
      "severity": "WARNING"
    },
    {
      "quarter": "2022-03 (Q1)",
      "signal": "OP MARGIN TURNED POSITIVE (QoQ)",
      "detail": "Op margin: -0.4% -> +3.8%",
      "severity": "HIGH"
    },
    {
      "quarter": "2021-12 (Q4)",
      "signal": "FCF MARGIN EXPANSION",
      "detail": "FCF margin: +2.5% -> +11.7% (+9.2%)",
      "severity": "MEDIUM"
    },
    {
      "quarter": "2021-09 (Q3)",
      "signal": "FCF TURNED POSITIVE",
      "detail": "FCF margin: -10.6% -> +2.5%",
      "severity": "HIGH"
    },
    {
      "quarter": "2021-09 (Q3)",
      "signal": "GROSS MARGIN INFLECTION",
      "detail": "GM: +33.3% -> +31.2% -> +34.5% (reversal +3.3%)",
      "severity": "MEDIUM"
    },
    {
      "quarter": "2021-03 (Q1)",
      "signal": "FCF MARGIN EXPANSION",
      "detail": "FCF margin: +7.0% -> +31.3% (+24.3%)",
      "severity": "MEDIUM"
    }
  ],
  "data_quality": {
    "n_quarters": 20,
    "coverage": {
      "revenue": [
        20,
        20
      ],
      "gross_profit": [
        20,
        20
      ],
      "op_income": [
        20,
        20
      ],
      "fcf": [
        20,
        20
      ]
    },
    "gaps": [],
    "warnings": []
  },
  "market_cap": null,
  "source": "SEC EDGAR",
  "last_updated": "2026-02-02T22:52:10.205675"
}