{
  "ticker": "OSUR",
  "name": "ORASURE TECHNOLOGIES, INC",
  "quarters": [
    {
      "date": "2020-12-31T00:00:00",
      "quarter_label": "2020-12 (Q4)",
      "revenue": 62855000,
      "gross_profit": 38184000,
      "operating_income": 7885000,
      "net_income": 1860000,
      "opex": 30299000,
      "cogs": 24671000,
      "rd": 10457000,
      "sga": null,
      "fcf": -11829000,
      "ocf": 3611000,
      "capex": -15440000,
      "gross_margin": 0.6074934372762708,
      "op_margin": 0.12544745843608304,
      "fcf_margin": -0.188195052104049
    },
    {
      "date": "2021-03-31T00:00:00",
      "quarter_label": "2021-03 (Q1)",
      "revenue": 58582000,
      "gross_profit": 38326000,
      "operating_income": 10422000,
      "net_income": 3774000,
      "opex": 27904000,
      "cogs": 20256000,
      "rd": 8992000,
      "sga": null,
      "fcf": -15454000,
      "ocf": -4393000,
      "capex": -11061000,
      "gross_margin": 0.6542282612406541,
      "op_margin": 0.1779044757775426,
      "fcf_margin": -0.2638011675941416,
      "fcf_margin_change": -0.07560611549009258
    },
    {
      "date": "2021-06-30T00:00:00",
      "quarter_label": "2021-06 (Q2)",
      "revenue": 57607000,
      "gross_profit": 30673000,
      "operating_income": 1798000,
      "net_income": -1364000,
      "opex": 28875000,
      "cogs": 26934000,
      "rd": 7682000,
      "sga": null,
      "fcf": -10947000,
      "ocf": 921000,
      "capex": -11868000,
      "gross_margin": 0.5324526533233809,
      "op_margin": 0.03121148471539917,
      "fcf_margin": -0.1900289895325221,
      "fcf_margin_change": 0.07377217806161948
    },
    {
      "date": "2021-09-30T00:00:00",
      "quarter_label": "2021-09 (Q3)",
      "revenue": 53917000,
      "gross_profit": 21468000,
      "operating_income": -13013000,
      "net_income": -15015000,
      "opex": 34481000,
      "cogs": 32449000,
      "rd": 8596000,
      "sga": null,
      "fcf": -23705000,
      "ocf": -19126000,
      "capex": -4579000,
      "gross_margin": 0.39816755383274294,
      "op_margin": -0.24135244913478124,
      "fcf_margin": -0.4396572509598086,
      "fcf_margin_change": -0.24962826142728653
    },
    {
      "date": "2021-12-31T00:00:00",
      "quarter_label": "2021-12 (Q4)",
      "revenue": 63568000,
      "gross_profit": 27133000,
      "operating_income": -9371000,
      "net_income": -10393000,
      "opex": 36504000,
      "cogs": 36435000,
      "rd": 8900000,
      "sga": null,
      "fcf": -7169000,
      "ocf": -12784000,
      "capex": 5615000,
      "gross_margin": 0.42683425622954946,
      "op_margin": -0.1474169393405487,
      "fcf_margin": -0.11277686886483765,
      "rev_growth_yoy": 0.011343568530745366,
      "op_leverage_ratio": 3.0509182148490237,
      "fcf_margin_change": 0.32688038209497094
    },
    {
      "date": "2022-03-31T00:00:00",
      "quarter_label": "2022-03 (Q1)",
      "revenue": 67707000,
      "gross_profit": 24272000,
      "operating_income": -15978000,
      "net_income": -19967000,
      "opex": 40250000,
      "cogs": 43435000,
      "rd": 8413000,
      "sga": null,
      "fcf": -56040000,
      "ocf": -35821000,
      "capex": -20219000,
      "gross_margin": 0.35848582864401024,
      "op_margin": -0.23598741636758386,
      "fcf_margin": -0.8276839913155213,
      "incr_op_margin_yoy": -2.893150684931507,
      "rev_growth_yoy": 0.15576456932163463,
      "rev_growth_yoy_accel": 0.14442100079088926,
      "op_leverage_ratio": 0.6344969830391447,
      "fcf_margin_change": -0.7149071224506837
    },
    {
      "date": "2022-06-30T00:00:00",
      "quarter_label": "2022-06 (Q2)",
      "revenue": 80231000,
      "gross_profit": 27584000,
      "operating_income": -21289000,
      "net_income": -18802000,
      "opex": 48873000,
      "cogs": 52647000,
      "rd": 9068000,
      "sga": null,
      "fcf": -14889000,
      "ocf": -9668000,
      "capex": -5221000,
      "gross_margin": 0.34380725654672134,
      "op_margin": -0.265346312522591,
      "fcf_margin": -0.1855766474305443,
      "incr_op_margin_yoy": -1.0204649929278642,
      "rev_growth_yoy": 0.3927300501675144,
      "rev_growth_yoy_accel": 0.23696548084587976,
      "op_leverage_ratio": 0.8634098249478377,
      "fcf_margin_change": 0.6421073438849769
    },
    {
      "date": "2022-09-30T00:00:00",
      "quarter_label": "2022-09 (Q3)",
      "revenue": 116463000,
      "gross_profit": 46192000,
      "operating_income": 875000,
      "net_income": 5273000,
      "opex": 45317000,
      "cogs": 70271000,
      "rd": 9757000,
      "sga": null,
      "fcf": 13658000,
      "ocf": 16299000,
      "capex": -2641000,
      "gross_margin": 0.3966238204408267,
      "op_margin": 0.007513115753501112,
      "fcf_margin": 0.11727329709864935,
      "incr_op_margin_yoy": 0.22204457519265822,
      "rev_growth_yoy": 1.1600422872192444,
      "rev_growth_yoy_accel": 0.76731223705173,
      "op_leverage_ratio": Infinity,
      "fcf_margin_change": 0.30284994452919367
    },
    {
      "date": "2022-12-31T00:00:00",
      "quarter_label": "2022-12 (Q4)",
      "revenue": 123078000,
      "gross_profit": 49589000,
      "operating_income": 13435000,
      "net_income": 15562000,
      "opex": 36154000,
      "cogs": 73489000,
      "rd": 8999000,
      "sga": null,
      "fcf": 3295000,
      "ocf": -18012000,
      "capex": 21307000,
      "gross_margin": 0.40290709956287885,
      "op_margin": 0.1091584198638262,
      "fcf_margin": 0.026771640748143453,
      "incr_op_margin_yoy": 0.3832297092925559,
      "rev_growth_yoy": 0.9361628492323182,
      "rev_growth_yoy_accel": -0.22387943798692622,
      "op_leverage_ratio": Infinity,
      "fcf_margin_change": -0.0905016563505059
    },
    {
      "date": "2023-03-31T00:00:00",
      "quarter_label": "2023-03 (Q1)",
      "revenue": 154963000,
      "gross_profit": 65815000,
      "operating_income": 24321000,
      "net_income": 27219000,
      "opex": 41494000,
      "cogs": 89148000,
      "rd": 10560000,
      "sga": null,
      "fcf": 4811000,
      "ocf": 6002000,
      "capex": -1191000,
      "gross_margin": 0.4247142866361648,
      "op_margin": 0.1569471422210463,
      "fcf_margin": 0.03104612068687364,
      "incr_op_margin_yoy": 0.46184789584670394,
      "rev_growth_yoy": 1.2887293780554447,
      "rev_growth_yoy_accel": 0.35256652882312656,
      "op_leverage_ratio": 1.7539656652067963,
      "fcf_margin_change": 0.0042744799387301885
    },
    {
      "date": "2023-06-30T00:00:00",
      "quarter_label": "2023-06 (Q2)",
      "revenue": 85441000,
      "gross_profit": 26371000,
      "operating_income": -6429000,
      "net_income": -4796000,
      "opex": 32800000,
      "cogs": 59070000,
      "rd": 7661000,
      "sga": null,
      "fcf": 55566000,
      "ocf": 57268000,
      "capex": -1702000,
      "gross_margin": 0.3086457321426481,
      "op_margin": -0.07524490584145785,
      "fcf_margin": 0.6503435118970986,
      "incr_op_margin_yoy": 2.852207293666027,
      "rev_growth_yoy": 0.06493749298899427,
      "rev_growth_yoy_accel": -1.2237918850664504,
      "fcf_margin_change": 0.619297391210225
    },
    {
      "date": "2023-09-30T00:00:00",
      "quarter_label": "2023-09 (Q3)",
      "revenue": 89187000,
      "gross_profit": 44340000,
      "operating_income": 10894000,
      "net_income": 11159000,
      "opex": 33446000,
      "cogs": 44847000,
      "rd": 8516000,
      "sga": null,
      "fcf": 35323000,
      "ocf": 36947000,
      "capex": -1624000,
      "gross_margin": 0.4971576575061388,
      "op_margin": 0.12214784665926648,
      "fcf_margin": 0.3960554789375133,
      "incr_op_margin_yoy": -0.3673192550227306,
      "rev_growth_yoy": -0.23420313747713867,
      "rev_growth_yoy_accel": -0.29914063046613293,
      "op_leverage_ratio": 2.2260902939449863,
      "fcf_margin_change": -0.2542880329595853
    },
    {
      "date": "2023-12-31T00:00:00",
      "quarter_label": "2023-12 (Q4)",
      "revenue": 75881000,
      "gross_profit": 35126000,
      "operating_income": 3898000,
      "net_income": 20073000,
      "opex": 31228000,
      "cogs": 40755000,
      "rd": 6991000,
      "sga": null,
      "fcf": 40081000,
      "ocf": 41366000,
      "capex": -1285000,
      "gross_margin": 0.46290902861058764,
      "op_margin": 0.05136990814564911,
      "fcf_margin": 0.5282086424796721,
      "incr_op_margin_yoy": 0.20206792804627413,
      "rev_growth_yoy": -0.38347226961764086,
      "rev_growth_yoy_accel": -0.1492691321405022,
      "fcf_margin_change": 0.13215316354215884
    },
    {
      "date": "2024-03-31T00:00:00",
      "quarter_label": "2024-03 (Q1)",
      "revenue": 54132000,
      "gross_profit": 24065000,
      "operating_income": -7093000,
      "net_income": -3584000,
      "opex": 31158000,
      "cogs": 30067000,
      "rd": 7738000,
      "sga": null,
      "fcf": 5160000,
      "ocf": 6739000,
      "capex": -1579000,
      "gross_margin": 0.4445614424000591,
      "op_margin": -0.13103155250129314,
      "fcf_margin": 0.09532254489026823,
      "incr_op_margin_yoy": 0.31155101109777744,
      "rev_growth_yoy": -0.6506779037576712,
      "rev_growth_yoy_accel": -0.26720563414003035,
      "fcf_margin_change": -0.4328860975894039
    },
    {
      "date": "2024-06-30T00:00:00",
      "quarter_label": "2024-06 (Q2)",
      "revenue": 54335000,
      "gross_profit": 24689000,
      "operating_income": -2740000,
      "net_income": -615000,
      "opex": 27429000,
      "cogs": 29646000,
      "rd": 6599000,
      "sga": null,
      "fcf": 6227000,
      "ocf": 7844000,
      "capex": -1617000,
      "gross_margin": 0.45438483482101777,
      "op_margin": -0.05042790098463237,
      "fcf_margin": 0.11460384650777583,
      "incr_op_margin_yoy": -0.11859448337941234,
      "rev_growth_yoy": -0.3640640910101708,
      "rev_growth_yoy_accel": 0.2866138127475004,
      "fcf_margin_change": 0.0192813016175076
    },
    {
      "date": "2024-09-30T00:00:00",
      "quarter_label": "2024-09 (Q3)",
      "revenue": 39915000,
      "gross_profit": 17070000,
      "operating_income": -5999000,
      "net_income": -4507000,
      "opex": 23069000,
      "cogs": 22845000,
      "rd": 5623000,
      "sga": null,
      "fcf": 12537000,
      "ocf": 12682000,
      "capex": -145000,
      "gross_margin": 0.4276587748966554,
      "op_margin": -0.1502943755480396,
      "fcf_margin": 0.3140924464487035,
      "incr_op_margin_yoy": 0.34285192401363856,
      "rev_growth_yoy": -0.5524571966766457,
      "rev_growth_yoy_accel": -0.18839310566647494,
      "fcf_margin_change": 0.19948859994092766
    },
    {
      "date": "2024-12-31T00:00:00",
      "quarter_label": "2024-12 (Q4)",
      "revenue": 37445000,
      "gross_profit": 13566000,
      "operating_income": -12418000,
      "net_income": -10794000,
      "opex": 25984000,
      "cogs": 23879000,
      "rd": 6087000,
      "sga": null,
      "fcf": -347000,
      "ocf": 109000,
      "capex": -456000,
      "gross_margin": 0.3622913606623047,
      "op_margin": -0.33163306182400853,
      "fcf_margin": -0.009266924823073841,
      "incr_op_margin_yoy": 0.4244978665834114,
      "rev_growth_yoy": -0.5065299613869084,
      "rev_growth_yoy_accel": 0.0459272352897373,
      "fcf_margin_change": -0.32335937127177733
    },
    {
      "date": "2025-03-31T00:00:00",
      "quarter_label": "2025-03 (Q1)",
      "revenue": 29931000,
      "gross_profit": 12299000,
      "operating_income": -17750000,
      "net_income": -16040000,
      "opex": 30049000,
      "cogs": 17632000,
      "rd": 9603000,
      "sga": null,
      "fcf": -20153000,
      "ocf": -19733000,
      "capex": -420000,
      "gross_margin": 0.4109117637232301,
      "op_margin": -0.5930306371320704,
      "fcf_margin": -0.6733152918378938,
      "incr_op_margin_yoy": 0.4403537043923805,
      "rev_growth_yoy": -0.4470738195522057,
      "rev_growth_yoy_accel": 0.059456141834702714,
      "fcf_margin_change": -0.6640483670148201
    },
    {
      "date": "2025-06-30T00:00:00",
      "quarter_label": "2025-06 (Q2)",
      "revenue": 31242000,
      "gross_profit": 13159000,
      "operating_income": -18026000,
      "net_income": -19693000,
      "opex": 31185000,
      "cogs": 18083000,
      "rd": 11401000,
      "sga": null,
      "fcf": -12159000,
      "ocf": -10223000,
      "capex": -1936000,
      "gross_margin": 0.42119582613148965,
      "op_margin": -0.576979706804942,
      "fcf_margin": -0.38918763203380063,
      "incr_op_margin_yoy": 0.6619321872428875,
      "rev_growth_yoy": -0.42501150271464067,
      "rev_growth_yoy_accel": 0.022062316837565044,
      "op_leverage_ratio": 1.1585990207053687,
      "fcf_margin_change": 0.2841276598040932
    },
    {
      "date": "2025-09-30T00:00:00",
      "quarter_label": "2025-09 (Q3)",
      "revenue": 27085000,
      "gross_profit": 11772000,
      "operating_income": -16090000,
      "net_income": -13712000,
      "opex": 27862000,
      "cogs": 15313000,
      "rd": 10106000,
      "sga": null,
      "fcf": -10990000,
      "ocf": -10071000,
      "capex": -919000,
      "gross_margin": 0.43463171497138636,
      "op_margin": -0.5940557504153591,
      "fcf_margin": -0.4057596455602732,
      "incr_op_margin_yoy": 0.7865159781761496,
      "rev_growth_yoy": -0.32143304522109484,
      "rev_growth_yoy_accel": 0.10357845749354583,
      "fcf_margin_change": -0.016572013526472584
    }
  ],
  "signals": [
    {
      "quarter": "2025-09 (Q3)",
      "signal": "YoY REVENUE GROWTH ACCELERATION",
      "detail": "YoY growth: -32.1% vs prior quarter YoY: -42.5% (accel: +10.4%)",
      "severity": "MEDIUM"
    },
    {
      "quarter": "2025-06 (Q2)",
      "signal": "FCF MARGIN EXPANSION",
      "detail": "FCF margin: -67.3% -> -38.9% (+28.4%)",
      "severity": "MEDIUM"
    },
    {
      "quarter": "2025-03 (Q1)",
      "signal": "GROSS MARGIN INFLECTION",
      "detail": "GM: +42.8% -> +36.2% -> +41.1% (reversal +4.9%)",
      "severity": "MEDIUM"
    },
    {
      "quarter": "2025-03 (Q1)",
      "signal": "YoY REVENUE GROWTH ACCELERATION",
      "detail": "YoY growth: -44.7% vs prior quarter YoY: -50.7% (accel: +5.9%)",
      "severity": "MEDIUM"
    },
    {
      "quarter": "2024-09 (Q3)",
      "signal": "FCF MARGIN EXPANSION",
      "detail": "FCF margin: +11.5% -> +31.4% (+19.9%)",
      "severity": "MEDIUM"
    },
    {
      "quarter": "2024-09 (Q3)",
      "signal": "YoY REVENUE GROWTH DECELERATION",
      "detail": "YoY growth: -55.2% vs prior quarter YoY: -36.4% (decel: -18.8%)",
      "severity": "WARNING"
    },
    {
      "quarter": "2024-06 (Q2)",
      "signal": "YoY REVENUE GROWTH ACCELERATION",
      "detail": "YoY growth: -36.4% vs prior quarter YoY: -65.1% (accel: +28.7%)",
      "severity": "HIGH"
    },
    {
      "quarter": "2024-03 (Q1)",
      "signal": "YoY REVENUE GROWTH DECELERATION",
      "detail": "YoY growth: -65.1% vs prior quarter YoY: -38.3% (decel: -26.7%)",
      "severity": "WARNING"
    },
    {
      "quarter": "2023-12 (Q4)",
      "signal": "FCF MARGIN EXPANSION",
      "detail": "FCF margin: +39.6% -> +52.8% (+13.2%)",
      "severity": "MEDIUM"
    },
    {
      "quarter": "2023-12 (Q4)",
      "signal": "YoY REVENUE GROWTH DECELERATION",
      "detail": "YoY growth: -38.3% vs prior quarter YoY: -23.4% (decel: -14.9%)",
      "severity": "WARNING"
    },
    {
      "quarter": "2023-09 (Q3)",
      "signal": "OPERATING LEVERAGE",
      "detail": "Rev growth +4.4% vs OpEx growth +2.0% (leverage: 2.2x)",
      "severity": "MEDIUM"
    },
    {
      "quarter": "2023-09 (Q3)",
      "signal": "GROSS MARGIN INFLECTION",
      "detail": "GM: +42.5% -> +30.9% -> +49.7% (reversal +18.9%)",
      "severity": "HIGH"
    },
    {
      "quarter": "2023-09 (Q3)",
      "signal": "YoY REVENUE GROWTH DECELERATION",
      "detail": "YoY growth: -23.4% vs prior quarter YoY: +6.5% (decel: -29.9%)",
      "severity": "WARNING"
    },
    {
      "quarter": "2023-09 (Q3)",
      "signal": "OP MARGIN TURNED POSITIVE (QoQ)",
      "detail": "Op margin: -7.5% -> +12.2%",
      "severity": "HIGH"
    },
    {
      "quarter": "2023-06 (Q2)",
      "signal": "FCF MARGIN EXPANSION",
      "detail": "FCF margin: +3.1% -> +65.0% (+61.9%)",
      "severity": "MEDIUM"
    },
    {
      "quarter": "2023-06 (Q2)",
      "signal": "YoY REVENUE GROWTH DECELERATION",
      "detail": "YoY growth: +6.5% vs prior quarter YoY: +128.9% (decel: -122.4%)",
      "severity": "WARNING"
    },
    {
      "quarter": "2023-03 (Q1)",
      "signal": "OPERATING LEVERAGE",
      "detail": "Rev growth +25.9% vs OpEx growth +14.8% (leverage: 1.8x)",
      "severity": "MEDIUM"
    },
    {
      "quarter": "2023-03 (Q1)",
      "signal": "YoY REVENUE GROWTH ACCELERATION",
      "detail": "YoY growth: +128.9% vs prior quarter YoY: +93.6% (accel: +35.3%)",
      "severity": "HIGH"
    },
    {
      "quarter": "2023-03 (Q1)",
      "signal": "OP MARGIN TURNED POSITIVE (YoY)",
      "detail": "Op margin: -23.6% (year-ago) -> +15.7%",
      "severity": "HIGH"
    },
    {
      "quarter": "2022-12 (Q4)",
      "signal": "YoY REVENUE GROWTH DECELERATION",
      "detail": "YoY growth: +93.6% vs prior quarter YoY: +116.0% (decel: -22.4%)",
      "severity": "WARNING"
    },
    {
      "quarter": "2022-12 (Q4)",
      "signal": "OP MARGIN TURNED POSITIVE (YoY)",
      "detail": "Op margin: -14.7% (year-ago) -> +10.9%",
      "severity": "HIGH"
    },
    {
      "quarter": "2022-09 (Q3)",
      "signal": "FCF TURNED POSITIVE",
      "detail": "FCF margin: -18.6% -> +11.7%",
      "severity": "HIGH"
    },
    {
      "quarter": "2022-09 (Q3)",
      "signal": "GROSS MARGIN INFLECTION",
      "detail": "GM: +35.8% -> +34.4% -> +39.7% (reversal +5.3%)",
      "severity": "HIGH"
    },
    {
      "quarter": "2022-09 (Q3)",
      "signal": "YoY REVENUE GROWTH ACCELERATION",
      "detail": "YoY growth: +116.0% vs prior quarter YoY: +39.3% (accel: +76.7%)",
      "severity": "HIGH"
    },
    {
      "quarter": "2022-09 (Q3)",
      "signal": "OP MARGIN TURNED POSITIVE (YoY)",
      "detail": "Op margin: -24.1% (year-ago) -> +0.8%",
      "severity": "HIGH"
    },
    {
      "quarter": "2022-09 (Q3)",
      "signal": "OP MARGIN TURNED POSITIVE (QoQ)",
      "detail": "Op margin: -26.5% -> +0.8%",
      "severity": "HIGH"
    },
    {
      "quarter": "2022-06 (Q2)",
      "signal": "FCF MARGIN EXPANSION",
      "detail": "FCF margin: -82.8% -> -18.6% (+64.2%)",
      "severity": "MEDIUM"
    },
    {
      "quarter": "2022-06 (Q2)",
      "signal": "YoY REVENUE GROWTH ACCELERATION",
      "detail": "YoY growth: +39.3% vs prior quarter YoY: +15.6% (accel: +23.7%)",
      "severity": "HIGH"
    },
    {
      "quarter": "2022-03 (Q1)",
      "signal": "YoY REVENUE GROWTH ACCELERATION",
      "detail": "YoY growth: +15.6% vs prior quarter YoY: +1.1% (accel: +14.4%)",
      "severity": "MEDIUM"
    },
    {
      "quarter": "2021-12 (Q4)",
      "signal": "FCF MARGIN EXPANSION",
      "detail": "FCF margin: -44.0% -> -11.3% (+32.7%)",
      "severity": "MEDIUM"
    },
    {
      "quarter": "2021-12 (Q4)",
      "signal": "OPERATING LEVERAGE",
      "detail": "Rev growth +17.9% vs OpEx growth +5.9% (leverage: 3.1x)",
      "severity": "MEDIUM"
    },
    {
      "quarter": "2021-12 (Q4)",
      "signal": "GROSS MARGIN INFLECTION",
      "detail": "GM: +53.2% -> +39.8% -> +42.7% (reversal +2.9%)",
      "severity": "MEDIUM"
    },
    {
      "quarter": "2021-06 (Q2)",
      "signal": "FCF MARGIN EXPANSION",
      "detail": "FCF margin: -26.4% -> -19.0% (+7.4%)",
      "severity": "MEDIUM"
    }
  ],
  "data_quality": {
    "n_quarters": 20,
    "coverage": {
      "revenue": [
        20,
        20
      ],
      "gross_profit": [
        20,
        20
      ],
      "op_income": [
        20,
        20
      ],
      "fcf": [
        20,
        20
      ]
    },
    "gaps": [],
    "warnings": []
  },
  "market_cap": null,
  "source": "SEC EDGAR",
  "last_updated": "2026-02-02T23:01:11.953133"
}