{
  "ticker": "OTTR",
  "name": "OTTER TAIL CORPORATION",
  "quarters": [
    {
      "date": "2020-12-31T00:00:00",
      "quarter_label": "2020-12 (Q4)",
      "revenue": 226849000,
      "gross_profit": 144159000,
      "operating_income": 27959000,
      "net_income": 18668000,
      "opex": 198890000,
      "cogs": 82690000,
      "rd": null,
      "sga": null,
      "fcf": 70645000,
      "ocf": 70645000,
      "capex": null,
      "gross_margin": 0.6354843971099718,
      "op_margin": 0.12324938615554841,
      "fcf_margin": 0.311418608854348
    },
    {
      "date": "2021-03-31T00:00:00",
      "quarter_label": "2021-03 (Q1)",
      "revenue": 261710000,
      "gross_profit": 159733000,
      "operating_income": 44199000,
      "net_income": 30329000,
      "opex": 217511000,
      "cogs": 101977000,
      "rd": null,
      "sga": null,
      "fcf": 15270000,
      "ocf": 15270000,
      "capex": null,
      "gross_margin": 0.6103435099919758,
      "op_margin": 0.16888540751213174,
      "fcf_margin": 0.05834702533338428,
      "op_leverage_ratio": 1.6413942940353057,
      "fcf_margin_change": -0.25307158352096376
    },
    {
      "date": "2021-06-30T00:00:00",
      "quarter_label": "2021-06 (Q2)",
      "revenue": 285608000,
      "gross_profit": 163030000,
      "operating_income": 59822000,
      "net_income": 42069000,
      "opex": 225786000,
      "cogs": 122578000,
      "rd": null,
      "sga": null,
      "fcf": 53304000,
      "ocf": 53304000,
      "capex": null,
      "gross_margin": 0.5708173440519874,
      "op_margin": 0.20945491722920925,
      "fcf_margin": 0.18663342763508026,
      "op_leverage_ratio": 2.4002388557432117,
      "fcf_margin_change": 0.12828640230169597
    },
    {
      "date": "2021-09-30T00:00:00",
      "quarter_label": "2021-09 (Q3)",
      "revenue": 316294000,
      "gross_profit": 182082000,
      "operating_income": 74528000,
      "net_income": 52754000,
      "opex": 241766000,
      "cogs": 134212000,
      "rd": null,
      "sga": null,
      "fcf": 86178000,
      "ocf": 86178000,
      "capex": null,
      "gross_margin": 0.5756732660120015,
      "op_margin": 0.23562887693095663,
      "fcf_margin": 0.2724616970287138,
      "op_leverage_ratio": 1.5180642309076648,
      "fcf_margin_change": 0.08582826939363356
    },
    {
      "date": "2021-12-31T00:00:00",
      "quarter_label": "2021-12 (Q4)",
      "revenue": 333232000,
      "gross_profit": 203629000,
      "operating_income": 71159000,
      "net_income": 51617000,
      "opex": 262073000,
      "cogs": 129603000,
      "rd": null,
      "sga": null,
      "fcf": 76491000,
      "ocf": 76491000,
      "capex": null,
      "gross_margin": 0.6110727661209008,
      "op_margin": 0.21354191674268977,
      "fcf_margin": 0.22954278100542566,
      "incr_op_margin_yoy": 0.4060799187840162,
      "rev_growth_yoy": 0.46895952814427216,
      "op_leverage_ratio": 0.6375593678309676,
      "fcf_margin_change": -0.04291891602328815
    },
    {
      "date": "2022-03-31T00:00:00",
      "quarter_label": "2022-03 (Q1)",
      "revenue": 374904000,
      "gross_profit": 223145000,
      "operating_income": 98299000,
      "net_income": 72003000,
      "opex": 276605000,
      "cogs": 151759000,
      "rd": null,
      "sga": null,
      "fcf": 45416000,
      "ocf": 45416000,
      "capex": null,
      "gross_margin": 0.5952057059940679,
      "op_margin": 0.2621977893007277,
      "fcf_margin": 0.12114034526172034,
      "incr_op_margin_yoy": 0.47794052688305033,
      "rev_growth_yoy": 0.4325169080279699,
      "rev_growth_yoy_accel": -0.03644262011630228,
      "op_leverage_ratio": 2.255249191129826,
      "fcf_margin_change": -0.10840243574370532
    },
    {
      "date": "2022-06-30T00:00:00",
      "quarter_label": "2022-06 (Q2)",
      "revenue": 400040000,
      "gross_profit": 247574000,
      "operating_income": 121066000,
      "net_income": 85937000,
      "opex": 278974000,
      "cogs": 152466000,
      "rd": null,
      "sga": null,
      "fcf": 130214000,
      "ocf": 130214000,
      "capex": null,
      "gross_margin": 0.6188731126887311,
      "op_margin": 0.30263473652634737,
      "fcf_margin": 0.3255024497550245,
      "incr_op_margin_yoy": 0.5351999440715883,
      "rev_growth_yoy": 0.4006610459090782,
      "rev_growth_yoy_accel": -0.03185586211889169,
      "op_leverage_ratio": 7.828364866246057,
      "fcf_margin_change": 0.20436210449330416
    },
    {
      "date": "2022-09-30T00:00:00",
      "quarter_label": "2022-09 (Q3)",
      "revenue": 383856000,
      "gross_profit": 244495000,
      "operating_income": 116133000,
      "net_income": 84239000,
      "opex": 267723000,
      "cogs": 139361000,
      "rd": null,
      "sga": null,
      "fcf": 112343000,
      "ocf": 112343000,
      "capex": null,
      "gross_margin": 0.6369445833854362,
      "op_margin": 0.30254314117794173,
      "fcf_margin": 0.29266964695093994,
      "incr_op_margin_yoy": 0.6158047423107664,
      "rev_growth_yoy": 0.2136050636433192,
      "rev_growth_yoy_accel": -0.187055982265759,
      "fcf_margin_change": -0.03283280280408457
    },
    {
      "date": "2022-12-31T00:00:00",
      "quarter_label": "2022-12 (Q4)",
      "revenue": 310675000,
      "gross_profit": 211317000,
      "operating_income": 54941000,
      "net_income": 42005000,
      "opex": 246468000,
      "cogs": 99358000,
      "rd": null,
      "sga": null,
      "fcf": 101336000,
      "ocf": 101336000,
      "capex": null,
      "gross_margin": 0.6801866902711837,
      "op_margin": 0.17684396877766154,
      "fcf_margin": 0.3261800917357367,
      "incr_op_margin_yoy": 0.7189785875781354,
      "rev_growth_yoy": -0.06769157823978489,
      "rev_growth_yoy_accel": -0.2812966418831041,
      "fcf_margin_change": 0.033510444784796756
    },
    {
      "date": "2023-03-31T00:00:00",
      "quarter_label": "2023-03 (Q1)",
      "revenue": 339081000,
      "gross_profit": 226712000,
      "operating_income": 80670000,
      "net_income": 62481000,
      "opex": 258411000,
      "cogs": 112369000,
      "rd": null,
      "sga": 18699000,
      "fcf": 55553000,
      "ocf": 55553000,
      "capex": null,
      "gross_margin": 0.6686072059478414,
      "op_margin": 0.2379077565537438,
      "fcf_margin": 0.16383401016276347,
      "incr_op_margin_yoy": 0.49211400496887475,
      "rev_growth_yoy": -0.0955524614301261,
      "rev_growth_yoy_accel": -0.027860883190341218,
      "op_leverage_ratio": 1.8869086889691513,
      "fcf_margin_change": -0.16234608157297323
    },
    {
      "date": "2023-06-30T00:00:00",
      "quarter_label": "2023-06 (Q2)",
      "revenue": 337716000,
      "gross_profit": 217058000,
      "operating_income": 106053000,
      "net_income": 81969000,
      "opex": 231663000,
      "cogs": 120658000,
      "rd": null,
      "sga": 16870000,
      "fcf": 128944000,
      "ocf": 128944000,
      "capex": null,
      "gross_margin": 0.6427234717928674,
      "op_margin": 0.314030131826742,
      "fcf_margin": 0.38181193665683594,
      "incr_op_margin_yoy": 0.24088633592195624,
      "rev_growth_yoy": -0.1557944205579442,
      "rev_growth_yoy_accel": -0.0602419591278181,
      "fcf_margin_change": 0.21797792649407247
    },
    {
      "date": "2023-09-30T00:00:00",
      "quarter_label": "2023-09 (Q3)",
      "revenue": 358056000,
      "gross_profit": 239753000,
      "operating_income": 121116000,
      "net_income": 91974000,
      "opex": 236940000,
      "cogs": 118303000,
      "rd": null,
      "sga": 15863000,
      "fcf": 133998000,
      "ocf": 133998000,
      "capex": null,
      "gross_margin": 0.6695963759858793,
      "op_margin": 0.33825993699309603,
      "fcf_margin": 0.37423754943360815,
      "incr_op_margin_yoy": -0.19313953488372093,
      "rev_growth_yoy": -0.0672127047642866,
      "rev_growth_yoy_accel": 0.0885817157936576,
      "op_leverage_ratio": 2.6440453133682142,
      "fcf_margin_change": -0.007574387223227785
    },
    {
      "date": "2023-12-31T00:00:00",
      "quarter_label": "2023-12 (Q4)",
      "revenue": 318623000,
      "gross_profit": 215831000,
      "operating_income": 70080000,
      "net_income": 57767000,
      "opex": 244233000,
      "cogs": 102792000,
      "rd": null,
      "sga": 21230000,
      "fcf": 86004000,
      "ocf": 86004000,
      "capex": null,
      "gross_margin": 0.6773867548795912,
      "op_margin": 0.21994645709820068,
      "fcf_margin": 0.2699240167847268,
      "incr_op_margin_yoy": 1.9047559134373426,
      "rev_growth_yoy": 0.025583004747726724,
      "rev_growth_yoy_accel": 0.09279570951201332,
      "fcf_margin_change": -0.10431353264888138
    },
    {
      "date": "2024-03-31T00:00:00",
      "quarter_label": "2024-03 (Q1)",
      "revenue": 347241000,
      "gross_profit": 232518000,
      "operating_income": 94975000,
      "net_income": 74338000,
      "opex": 252093000,
      "cogs": 114723000,
      "rd": null,
      "sga": 18914000,
      "fcf": 71913000,
      "ocf": 71913000,
      "capex": null,
      "gross_margin": 0.6696156271868817,
      "op_margin": 0.27351320840568943,
      "fcf_margin": 0.20709824012717393,
      "incr_op_margin_yoy": 1.7530637254901962,
      "rev_growth_yoy": 0.02406504640484132,
      "rev_growth_yoy_accel": -0.001517958342885404,
      "op_leverage_ratio": 2.7908979390872646,
      "fcf_margin_change": -0.06282577665755285
    },
    {
      "date": "2024-06-30T00:00:00",
      "quarter_label": "2024-06 (Q2)",
      "revenue": 342398000,
      "gross_profit": 225603000,
      "operating_income": 110911000,
      "net_income": 86995000,
      "opex": 231425000,
      "cogs": 116795000,
      "rd": null,
      "sga": 18154000,
      "fcf": 151548000,
      "ocf": 151548000,
      "capex": null,
      "gross_margin": 0.6588911150181952,
      "op_margin": 0.3239242051647498,
      "fcf_margin": 0.4426077255124154,
      "incr_op_margin_yoy": 1.0375907731738574,
      "rev_growth_yoy": 0.013863719811912967,
      "rev_growth_yoy_accel": -0.010201326592928352,
      "fcf_margin_change": 0.23550948538524147
    },
    {
      "date": "2024-09-30T00:00:00",
      "quarter_label": "2024-09 (Q3)",
      "revenue": 337386000,
      "gross_profit": 225942000,
      "operating_income": 107541000,
      "net_income": 85479000,
      "opex": 230492000,
      "cogs": 111444000,
      "rd": null,
      "sga": 18829000,
      "fcf": 99314000,
      "ocf": 99314000,
      "capex": null,
      "gross_margin": 0.6696839821450801,
      "op_margin": 0.3187476658782522,
      "fcf_margin": 0.2943631330286378,
      "incr_op_margin_yoy": 0.6567489114658926,
      "rev_growth_yoy": -0.05772840002681145,
      "rev_growth_yoy_accel": -0.07159211983872442,
      "fcf_margin_change": -0.14824459248377758
    },
    {
      "date": "2024-12-31T00:00:00",
      "quarter_label": "2024-12 (Q4)",
      "revenue": 302949000,
      "gross_profit": 211389000,
      "operating_income": 66824000,
      "net_income": 54850000,
      "opex": 236287000,
      "cogs": 91560000,
      "rd": null,
      "sga": 24169000,
      "fcf": 129956000,
      "ocf": 129956000,
      "capex": null,
      "gross_margin": 0.6977709119356723,
      "op_margin": 0.22057838117967052,
      "fcf_margin": 0.42896989262219054,
      "incr_op_margin_yoy": 0.20773255072093913,
      "rev_growth_yoy": -0.04919293334128421,
      "rev_growth_yoy_accel": 0.008535466685527238,
      "fcf_margin_change": 0.13460675959355273
    },
    {
      "date": "2025-03-31T00:00:00",
      "quarter_label": "2025-03 (Q1)",
      "revenue": 337335000,
      "gross_profit": 232948000,
      "operating_income": 83999000,
      "net_income": 68099000,
      "opex": 253354000,
      "cogs": 104387000,
      "rd": null,
      "sga": 21292000,
      "fcf": 39469000,
      "ocf": 39469000,
      "capex": null,
      "gross_margin": 0.6905539004253931,
      "op_margin": 0.24900766300561755,
      "fcf_margin": 0.1170023863518461,
      "incr_op_margin_yoy": 1.1080153442358167,
      "rev_growth_yoy": -0.028527737219971143,
      "rev_growth_yoy_accel": 0.020665196121313067,
      "op_leverage_ratio": 1.5714290428178832,
      "fcf_margin_change": -0.3119675062703444
    },
    {
      "date": "2025-06-30T00:00:00",
      "quarter_label": "2025-06 (Q2)",
      "revenue": 332433000,
      "gross_profit": 226467000,
      "operating_income": 97458000,
      "net_income": 77728000,
      "opex": 235585000,
      "cogs": 105966000,
      "rd": null,
      "sga": 17352000,
      "fcf": 119910000,
      "ocf": 119910000,
      "capex": null,
      "gross_margin": 0.6812410320275063,
      "op_margin": 0.29316584093636916,
      "fcf_margin": 0.3607042622122352,
      "incr_op_margin_yoy": 1.3500250878073257,
      "rev_growth_yoy": -0.029103557847884626,
      "rev_growth_yoy_accel": -0.0005758206279134828,
      "fcf_margin_change": 0.24370187586038913
    },
    {
      "date": "2025-09-30T00:00:00",
      "quarter_label": "2025-09 (Q3)",
      "revenue": 325886000,
      "gross_profit": 224688000,
      "operating_income": 96605000,
      "net_income": 78292000,
      "opex": 228958000,
      "cogs": 101198000,
      "rd": null,
      "sga": 17792000,
      "fcf": 129570000,
      "ocf": 129570000,
      "capex": null,
      "gross_margin": 0.6894680962054215,
      "op_margin": 0.2964380182026844,
      "fcf_margin": 0.3975930233271758,
      "incr_op_margin_yoy": 0.9509565217391305,
      "rev_growth_yoy": -0.03408558742804977,
      "rev_growth_yoy_accel": -0.004982029580165144,
      "fcf_margin_change": 0.03688876111494055
    }
  ],
  "signals": [
    {
      "quarter": "2025-09 (Q3)",
      "signal": "INCREMENTAL MARGIN (YoY)",
      "detail": "YoY Incr OPM: +95.1% vs year-ago OPM: +31.9%",
      "severity": "HIGH"
    },
    {
      "quarter": "2025-06 (Q2)",
      "signal": "FCF MARGIN EXPANSION",
      "detail": "FCF margin: +11.7% -> +36.1% (+24.4%)",
      "severity": "MEDIUM"
    },
    {
      "quarter": "2025-06 (Q2)",
      "signal": "INCREMENTAL MARGIN (YoY)",
      "detail": "YoY Incr OPM: +135.0% vs year-ago OPM: +32.4%",
      "severity": "HIGH"
    },
    {
      "quarter": "2025-03 (Q1)",
      "signal": "OPERATING LEVERAGE",
      "detail": "Rev growth +11.4% vs OpEx growth +7.2% (leverage: 1.6x)",
      "severity": "MEDIUM"
    },
    {
      "quarter": "2025-03 (Q1)",
      "signal": "INCREMENTAL MARGIN (YoY)",
      "detail": "YoY Incr OPM: +110.8% vs year-ago OPM: +27.4%",
      "severity": "HIGH"
    },
    {
      "quarter": "2024-12 (Q4)",
      "signal": "FCF MARGIN EXPANSION",
      "detail": "FCF margin: +29.4% -> +42.9% (+13.5%)",
      "severity": "MEDIUM"
    },
    {
      "quarter": "2024-09 (Q3)",
      "signal": "YoY REVENUE GROWTH DECELERATION",
      "detail": "YoY growth: -5.8% vs prior quarter YoY: +1.4% (decel: -7.2%)",
      "severity": "WARNING"
    },
    {
      "quarter": "2024-09 (Q3)",
      "signal": "INCREMENTAL MARGIN (YoY)",
      "detail": "YoY Incr OPM: +65.7% vs year-ago OPM: +33.8%",
      "severity": "HIGH"
    },
    {
      "quarter": "2024-06 (Q2)",
      "signal": "FCF MARGIN EXPANSION",
      "detail": "FCF margin: +20.7% -> +44.3% (+23.6%)",
      "severity": "MEDIUM"
    },
    {
      "quarter": "2024-06 (Q2)",
      "signal": "INCREMENTAL MARGIN (YoY)",
      "detail": "YoY Incr OPM: +103.8% vs year-ago OPM: +31.4%",
      "severity": "HIGH"
    },
    {
      "quarter": "2024-03 (Q1)",
      "signal": "OPERATING LEVERAGE",
      "detail": "Rev growth +9.0% vs OpEx growth +3.2% (leverage: 2.8x)",
      "severity": "MEDIUM"
    },
    {
      "quarter": "2024-03 (Q1)",
      "signal": "INCREMENTAL MARGIN (YoY)",
      "detail": "YoY Incr OPM: +175.3% vs year-ago OPM: +23.8%",
      "severity": "HIGH"
    },
    {
      "quarter": "2023-12 (Q4)",
      "signal": "YoY REVENUE GROWTH ACCELERATION",
      "detail": "YoY growth: +2.6% vs prior quarter YoY: -6.7% (accel: +9.3%)",
      "severity": "MEDIUM"
    },
    {
      "quarter": "2023-12 (Q4)",
      "signal": "INCREMENTAL MARGIN (YoY)",
      "detail": "YoY Incr OPM: +190.5% vs year-ago OPM: +17.7%",
      "severity": "HIGH"
    },
    {
      "quarter": "2023-09 (Q3)",
      "signal": "OPERATING LEVERAGE",
      "detail": "Rev growth +6.0% vs OpEx growth +2.3% (leverage: 2.6x)",
      "severity": "MEDIUM"
    },
    {
      "quarter": "2023-09 (Q3)",
      "signal": "GROSS MARGIN INFLECTION",
      "detail": "GM: +66.9% -> +64.3% -> +67.0% (reversal +2.7%)",
      "severity": "MEDIUM"
    },
    {
      "quarter": "2023-09 (Q3)",
      "signal": "YoY REVENUE GROWTH ACCELERATION",
      "detail": "YoY growth: -6.7% vs prior quarter YoY: -15.6% (accel: +8.9%)",
      "severity": "MEDIUM"
    },
    {
      "quarter": "2023-06 (Q2)",
      "signal": "FCF MARGIN EXPANSION",
      "detail": "FCF margin: +16.4% -> +38.2% (+21.8%)",
      "severity": "MEDIUM"
    },
    {
      "quarter": "2023-06 (Q2)",
      "signal": "YoY REVENUE GROWTH DECELERATION",
      "detail": "YoY growth: -15.6% vs prior quarter YoY: -9.6% (decel: -6.0%)",
      "severity": "WARNING"
    },
    {
      "quarter": "2023-03 (Q1)",
      "signal": "OPERATING LEVERAGE",
      "detail": "Rev growth +9.1% vs OpEx growth +4.8% (leverage: 1.9x)",
      "severity": "MEDIUM"
    },
    {
      "quarter": "2023-03 (Q1)",
      "signal": "INCREMENTAL MARGIN (YoY)",
      "detail": "YoY Incr OPM: +49.2% vs year-ago OPM: +26.2%",
      "severity": "HIGH"
    },
    {
      "quarter": "2022-12 (Q4)",
      "signal": "YoY REVENUE GROWTH DECELERATION",
      "detail": "YoY growth: -6.8% vs prior quarter YoY: +21.4% (decel: -28.1%)",
      "severity": "WARNING"
    },
    {
      "quarter": "2022-12 (Q4)",
      "signal": "INCREMENTAL MARGIN (YoY)",
      "detail": "YoY Incr OPM: +71.9% vs year-ago OPM: +21.4%",
      "severity": "HIGH"
    },
    {
      "quarter": "2022-09 (Q3)",
      "signal": "YoY REVENUE GROWTH DECELERATION",
      "detail": "YoY growth: +21.4% vs prior quarter YoY: +40.1% (decel: -18.7%)",
      "severity": "WARNING"
    },
    {
      "quarter": "2022-09 (Q3)",
      "signal": "INCREMENTAL MARGIN (YoY)",
      "detail": "YoY Incr OPM: +61.6% vs year-ago OPM: +23.6%",
      "severity": "HIGH"
    },
    {
      "quarter": "2022-06 (Q2)",
      "signal": "FCF MARGIN EXPANSION",
      "detail": "FCF margin: +12.1% -> +32.6% (+20.4%)",
      "severity": "MEDIUM"
    },
    {
      "quarter": "2022-06 (Q2)",
      "signal": "OPERATING LEVERAGE",
      "detail": "Rev growth +6.7% vs OpEx growth +0.9% (leverage: 7.8x)",
      "severity": "MEDIUM"
    },
    {
      "quarter": "2022-06 (Q2)",
      "signal": "GROSS MARGIN INFLECTION",
      "detail": "GM: +61.1% -> +59.5% -> +61.9% (reversal +2.4%)",
      "severity": "MEDIUM"
    },
    {
      "quarter": "2022-06 (Q2)",
      "signal": "INCREMENTAL MARGIN (YoY)",
      "detail": "YoY Incr OPM: +53.5% vs year-ago OPM: +20.9%",
      "severity": "HIGH"
    },
    {
      "quarter": "2022-03 (Q1)",
      "signal": "OPERATING LEVERAGE",
      "detail": "Rev growth +12.5% vs OpEx growth +5.5% (leverage: 2.3x)",
      "severity": "MEDIUM"
    },
    {
      "quarter": "2022-03 (Q1)",
      "signal": "INCREMENTAL MARGIN (YoY)",
      "detail": "YoY Incr OPM: +47.8% vs year-ago OPM: +16.9%",
      "severity": "HIGH"
    },
    {
      "quarter": "2021-12 (Q4)",
      "signal": "INCREMENTAL MARGIN (YoY)",
      "detail": "YoY Incr OPM: +40.6% vs year-ago OPM: +12.3%",
      "severity": "HIGH"
    },
    {
      "quarter": "2021-09 (Q3)",
      "signal": "FCF MARGIN EXPANSION",
      "detail": "FCF margin: +18.7% -> +27.2% (+8.6%)",
      "severity": "MEDIUM"
    },
    {
      "quarter": "2021-09 (Q3)",
      "signal": "OPERATING LEVERAGE",
      "detail": "Rev growth +10.7% vs OpEx growth +7.1% (leverage: 1.5x)",
      "severity": "MEDIUM"
    },
    {
      "quarter": "2021-06 (Q2)",
      "signal": "FCF MARGIN EXPANSION",
      "detail": "FCF margin: +5.8% -> +18.7% (+12.8%)",
      "severity": "MEDIUM"
    },
    {
      "quarter": "2021-06 (Q2)",
      "signal": "OPERATING LEVERAGE",
      "detail": "Rev growth +9.1% vs OpEx growth +3.8% (leverage: 2.4x)",
      "severity": "MEDIUM"
    },
    {
      "quarter": "2021-03 (Q1)",
      "signal": "OPERATING LEVERAGE",
      "detail": "Rev growth +15.4% vs OpEx growth +9.4% (leverage: 1.6x)",
      "severity": "MEDIUM"
    }
  ],
  "data_quality": {
    "n_quarters": 20,
    "coverage": {
      "revenue": [
        20,
        20
      ],
      "gross_profit": [
        20,
        20
      ],
      "op_income": [
        20,
        20
      ],
      "fcf": [
        20,
        20
      ]
    },
    "gaps": [],
    "warnings": []
  },
  "market_cap": null,
  "source": "SEC EDGAR",
  "last_updated": "2026-02-02T21:16:21.414281"
}