{
  "ticker": "OUSTZ",
  "name": "Ouster, Inc.",
  "quarters": [
    {
      "date": "2020-12-31T00:00:00",
      "quarter_label": "2020-12 (Q4)",
      "revenue": 6376000,
      "gross_profit": 1973000,
      "operating_income": -14113000,
      "net_income": -57160000,
      "opex": 16086000,
      "cogs": 4403000,
      "rd": 4289000,
      "sga": null,
      "fcf": -8601000,
      "ocf": -7486000,
      "capex": -1115000,
      "gross_margin": 0.30944165621079045,
      "op_margin": -2.2134567126725218,
      "fcf_margin": -1.3489648682559598
    },
    {
      "date": "2021-03-31T00:00:00",
      "quarter_label": "2021-03 (Q1)",
      "revenue": 6611000,
      "gross_profit": 1743000,
      "operating_income": -16302000,
      "net_income": -20957000,
      "opex": 18045000,
      "cogs": 4868000,
      "rd": 4712000,
      "sga": null,
      "fcf": -12996000,
      "ocf": -12399000,
      "capex": -597000,
      "gross_margin": 0.2636514899410074,
      "op_margin": -2.465890183028286,
      "fcf_margin": -1.9658145515050673,
      "op_leverage_ratio": 0.30264477625705893,
      "fcf_margin_change": -0.6168496832491075
    },
    {
      "date": "2021-06-30T00:00:00",
      "quarter_label": "2021-06 (Q2)",
      "revenue": 7360000,
      "gross_profit": 1895000,
      "operating_income": -21390000,
      "net_income": -32011000,
      "opex": 23285000,
      "cogs": 5465000,
      "rd": 6474000,
      "sga": null,
      "fcf": -16009000,
      "ocf": -15947000,
      "capex": -62000,
      "gross_margin": 0.25747282608695654,
      "op_margin": -2.90625,
      "fcf_margin": -2.175135869565217,
      "op_leverage_ratio": 0.3901577696667941,
      "fcf_margin_change": -0.20932131806014986
    },
    {
      "date": "2021-09-30T00:00:00",
      "quarter_label": "2021-09 (Q3)",
      "revenue": 7755000,
      "gross_profit": 1876000,
      "operating_income": -27324000,
      "net_income": -12669000,
      "opex": 29200000,
      "cogs": 5879000,
      "rd": 8390000,
      "sga": null,
      "fcf": -17875000,
      "ocf": -16760000,
      "capex": -1115000,
      "gross_margin": 0.2419084461637653,
      "op_margin": -3.523404255319149,
      "fcf_margin": -2.3049645390070923,
      "op_leverage_ratio": 0.2112714313278695,
      "fcf_margin_change": -0.1298286694418751
    },
    {
      "date": "2021-12-31T00:00:00",
      "quarter_label": "2021-12 (Q4)",
      "revenue": 11852000,
      "gross_profit": 3572000,
      "operating_income": -34694000,
      "net_income": -28344000,
      "opex": 38266000,
      "cogs": 8280000,
      "rd": 15003000,
      "sga": null,
      "fcf": -28464000,
      "ocf": -25955000,
      "capex": -2509000,
      "gross_margin": 0.30138373270334123,
      "op_margin": -2.927269659129261,
      "fcf_margin": -2.401619979750253,
      "incr_op_margin_yoy": -3.758400292184076,
      "rev_growth_yoy": 0.8588456712672522,
      "op_leverage_ratio": 1.701575792849713,
      "fcf_margin_change": -0.09665544074316079
    },
    {
      "date": "2022-03-31T00:00:00",
      "quarter_label": "2022-03 (Q1)",
      "revenue": 8558000,
      "gross_profit": 2591000,
      "operating_income": -34188000,
      "net_income": -32397000,
      "opex": 36779000,
      "cogs": 5967000,
      "rd": 15906000,
      "sga": null,
      "fcf": -22243000,
      "ocf": -21827000,
      "capex": -416000,
      "gross_margin": 0.3027576536573966,
      "op_margin": -3.994858611825193,
      "fcf_margin": -2.599088572096284,
      "incr_op_margin_yoy": -9.186440677966102,
      "rev_growth_yoy": 0.2945091514143095,
      "rev_growth_yoy_accel": -0.5643365198529426,
      "fcf_margin_change": -0.1974685923460311
    },
    {
      "date": "2022-06-30T00:00:00",
      "quarter_label": "2022-06 (Q2)",
      "revenue": 10329000,
      "gross_profit": 2782000,
      "operating_income": -33189000,
      "net_income": -28000000,
      "opex": 35971000,
      "cogs": 7547000,
      "rd": 15893000,
      "sga": null,
      "fcf": -34427000,
      "ocf": -33566000,
      "capex": -861000,
      "gross_margin": 0.26933875496175813,
      "op_margin": -3.213186174847517,
      "fcf_margin": -3.333042888953432,
      "incr_op_margin_yoy": -3.974065341865948,
      "rev_growth_yoy": 0.4033967391304348,
      "rev_growth_yoy_accel": 0.10888758771612528,
      "op_leverage_ratio": Infinity,
      "fcf_margin_change": -0.7339543168571478
    },
    {
      "date": "2022-09-30T00:00:00",
      "quarter_label": "2022-09 (Q3)",
      "revenue": 11204000,
      "gross_profit": 3716000,
      "operating_income": -36045000,
      "net_income": -35987000,
      "opex": 39761000,
      "cogs": 7488000,
      "rd": 17212000,
      "sga": null,
      "fcf": -28973000,
      "ocf": -27897000,
      "capex": -1076000,
      "gross_margin": 0.33166726169225275,
      "op_margin": -3.217154587647269,
      "fcf_margin": -2.5859514459121744,
      "incr_op_margin_yoy": -2.528559002609452,
      "rev_growth_yoy": 0.4447453255963894,
      "rev_growth_yoy_accel": 0.04134858646595463,
      "op_leverage_ratio": 0.8040130114995028,
      "fcf_margin_change": 0.7470914430412576
    },
    {
      "date": "2022-12-31T00:00:00",
      "quarter_label": "2022-12 (Q4)",
      "revenue": 10938000,
      "gross_profit": 1841000,
      "operating_income": -42001000,
      "net_income": -42176000,
      "opex": 43842000,
      "cogs": 9097000,
      "rd": 15306000,
      "sga": null,
      "fcf": -30469000,
      "ocf": -27400000,
      "capex": -3069000,
      "gross_margin": 0.16831230572316694,
      "op_margin": -3.8399158895593346,
      "fcf_margin": -2.7856098006948256,
      "rev_growth_yoy": -0.07711778602767465,
      "rev_growth_yoy_accel": -0.5218631116240641,
      "fcf_margin_change": -0.19965835478265115
    },
    {
      "date": "2023-03-31T00:00:00",
      "quarter_label": "2023-03 (Q1)",
      "revenue": 17230000,
      "gross_profit": -376000,
      "operating_income": -177102000,
      "net_income": -177280000,
      "opex": 176726000,
      "cogs": 17606000,
      "rd": 32459000,
      "sga": null,
      "fcf": -54018000,
      "ocf": -53012000,
      "capex": -1006000,
      "gross_margin": -0.021822402785838652,
      "op_margin": -10.278699941961694,
      "fcf_margin": -3.1351131746952987,
      "incr_op_margin_yoy": -16.479935424354245,
      "rev_growth_yoy": 1.0133208693620004,
      "rev_growth_yoy_accel": 1.090438655389675,
      "op_leverage_ratio": 0.18978787366964794,
      "fcf_margin_change": -0.34950337400047315
    },
    {
      "date": "2023-06-30T00:00:00",
      "quarter_label": "2023-06 (Q2)",
      "revenue": 19396000,
      "gross_profit": 186000,
      "operating_income": -123035000,
      "net_income": -122733000,
      "opex": 123221000,
      "cogs": 19210000,
      "rd": 26447000,
      "sga": null,
      "fcf": -34433000,
      "ocf": -33466000,
      "capex": -967000,
      "gross_margin": 0.009589606104351413,
      "op_margin": -6.343318209940194,
      "fcf_margin": -1.7752629408125387,
      "incr_op_margin_yoy": -9.909120988198964,
      "rev_growth_yoy": 0.8778197308548746,
      "rev_growth_yoy_accel": -0.13550113850712575,
      "op_leverage_ratio": Infinity,
      "fcf_margin_change": 1.35985023388276
    },
    {
      "date": "2023-09-30T00:00:00",
      "quarter_label": "2023-09 (Q3)",
      "revenue": 22209000,
      "gross_profit": 3093000,
      "operating_income": -35742000,
      "net_income": -35102000,
      "opex": 38835000,
      "cogs": 19116000,
      "rd": 16678000,
      "sga": null,
      "fcf": -27885000,
      "ocf": -27225000,
      "capex": -660000,
      "gross_margin": 0.1392678643793057,
      "op_margin": -1.6093475617992705,
      "fcf_margin": -1.2555720653789004,
      "incr_op_margin_yoy": 0.0275329395729214,
      "rev_growth_yoy": 0.982238486254909,
      "rev_growth_yoy_accel": 0.10441875540003431,
      "op_leverage_ratio": Infinity,
      "fcf_margin_change": 0.5196908754336382
    },
    {
      "date": "2023-12-31T00:00:00",
      "quarter_label": "2023-12 (Q4)",
      "revenue": 24444000,
      "gross_profit": 5411000,
      "operating_income": -37313000,
      "net_income": -38995000,
      "opex": 42724000,
      "cogs": 19033000,
      "rd": 15626000,
      "sga": null,
      "fcf": -24560000,
      "ocf": -24187000,
      "capex": -373000,
      "gross_margin": 0.2213631156930126,
      "op_margin": -1.5264686630666011,
      "fcf_margin": -1.004745540828015,
      "incr_op_margin_yoy": 0.3471049903746483,
      "rev_growth_yoy": 1.2347778387273725,
      "rev_growth_yoy_accel": 0.2525393524724635,
      "op_leverage_ratio": 1.0049255534865307,
      "fcf_margin_change": 0.2508265245508854
    },
    {
      "date": "2024-03-31T00:00:00",
      "quarter_label": "2024-03 (Q1)",
      "revenue": 25944000,
      "gross_profit": 7425000,
      "operating_income": -25821000,
      "net_income": -23849000,
      "opex": 33246000,
      "cogs": 18519000,
      "rd": 13806000,
      "sga": null,
      "fcf": -7104000,
      "ocf": -5722000,
      "capex": -1382000,
      "gross_margin": 0.28619333950046255,
      "op_margin": -0.995259019426457,
      "fcf_margin": -0.2738205365402405,
      "incr_op_margin_yoy": 17.360683956851044,
      "rev_growth_yoy": 0.5057457922228671,
      "rev_growth_yoy_accel": -0.7290320465045054,
      "op_leverage_ratio": Infinity,
      "fcf_margin_change": 0.7309250042877745
    },
    {
      "date": "2024-06-30T00:00:00",
      "quarter_label": "2024-06 (Q2)",
      "revenue": 26990000,
      "gross_profit": 9098000,
      "operating_income": -25250000,
      "net_income": -23869000,
      "opex": 34348000,
      "cogs": 17892000,
      "rd": 14432000,
      "sga": null,
      "fcf": -22003000,
      "ocf": -21644000,
      "capex": -359000,
      "gross_margin": 0.33708781030011115,
      "op_margin": -0.9355316783994072,
      "fcf_margin": -0.8152278621711745,
      "incr_op_margin_yoy": 12.876613115617593,
      "rev_growth_yoy": 0.39152402557228294,
      "rev_growth_yoy_accel": -0.11422176665058414,
      "op_leverage_ratio": 1.2163331827927022,
      "fcf_margin_change": -0.541407325630934
    },
    {
      "date": "2024-09-30T00:00:00",
      "quarter_label": "2024-09 (Q3)",
      "revenue": 28075000,
      "gross_profit": 10754000,
      "operating_income": -27508000,
      "net_income": -25590000,
      "opex": 38262000,
      "cogs": 17321000,
      "rd": 15127000,
      "sga": null,
      "fcf": -4333000,
      "ocf": -3767000,
      "capex": -566000,
      "gross_margin": 0.3830454140694568,
      "op_margin": -0.9798040961709706,
      "fcf_margin": -0.1543365983971505,
      "incr_op_margin_yoy": 1.4036822366177975,
      "rev_growth_yoy": 0.2641271556576163,
      "rev_growth_yoy_accel": -0.12739686991466664,
      "op_leverage_ratio": 0.3527828679711235,
      "fcf_margin_change": 0.660891263774024
    },
    {
      "date": "2024-12-31T00:00:00",
      "quarter_label": "2024-12 (Q4)",
      "revenue": 30092000,
      "gross_profit": 13183000,
      "operating_income": -25598000,
      "net_income": -23737000,
      "opex": 38781000,
      "cogs": 16909000,
      "rd": 14719000,
      "sga": null,
      "fcf": -4010000,
      "ocf": -2561000,
      "capex": -1449000,
      "gross_margin": 0.4380898577695068,
      "op_margin": -0.850657982187957,
      "fcf_margin": -0.13325800877309585,
      "incr_op_margin_yoy": 2.0741855524079322,
      "rev_growth_yoy": 0.23105874652266406,
      "rev_growth_yoy_accel": -0.03306840913495224,
      "op_leverage_ratio": 5.296469098564436,
      "fcf_margin_change": 0.02107858962405465
    },
    {
      "date": "2025-03-31T00:00:00",
      "quarter_label": "2025-03 (Q1)",
      "revenue": 32632000,
      "gross_profit": 13483000,
      "operating_income": -23830000,
      "net_income": -22017000,
      "opex": 37313000,
      "cogs": 19149000,
      "rd": 14985000,
      "sga": null,
      "fcf": -5431000,
      "ocf": -4879000,
      "capex": -552000,
      "gross_margin": 0.41318337827898993,
      "op_margin": -0.7302647707771512,
      "fcf_margin": -0.16643172346163276,
      "incr_op_margin_yoy": 0.29769736842105265,
      "rev_growth_yoy": 0.2577860006167129,
      "rev_growth_yoy_accel": 0.026727254094048858,
      "op_leverage_ratio": Infinity,
      "fcf_margin_change": -0.033173714688536915
    },
    {
      "date": "2025-06-30T00:00:00",
      "quarter_label": "2025-06 (Q2)",
      "revenue": 35049000,
      "gross_profit": 15842000,
      "operating_income": -26822000,
      "net_income": -20612000,
      "opex": 42664000,
      "cogs": 19207000,
      "rd": 17147000,
      "sga": null,
      "fcf": -2198000,
      "ocf": -1309000,
      "capex": -889000,
      "gross_margin": 0.451995777340295,
      "op_margin": -0.7652714770749522,
      "fcf_margin": -0.06271220291591771,
      "incr_op_margin_yoy": -0.19506142201265667,
      "rev_growth_yoy": 0.29859207113745834,
      "rev_growth_yoy_accel": 0.04080607052074542,
      "op_leverage_ratio": 0.5164855496671077,
      "fcf_margin_change": 0.10371952054571505
    },
    {
      "date": "2025-09-30T00:00:00",
      "quarter_label": "2025-09 (Q3)",
      "revenue": 39525000,
      "gross_profit": 16659000,
      "operating_income": -24251000,
      "net_income": -21733000,
      "opex": 40910000,
      "cogs": 22866000,
      "rd": 17777000,
      "sga": null,
      "fcf": -20044000,
      "ocf": -18342000,
      "capex": -1702000,
      "gross_margin": 0.4214800759013283,
      "op_margin": -0.613561037318153,
      "fcf_margin": -0.5071220746363061,
      "incr_op_margin_yoy": 0.2844541484716157,
      "rev_growth_yoy": 0.40783615316117544,
      "rev_growth_yoy_accel": 0.1092440820237171,
      "op_leverage_ratio": Infinity,
      "fcf_margin_change": -0.44440987172038837
    }
  ],
  "signals": [
    {
      "quarter": "2025-09 (Q3)",
      "signal": "YoY REVENUE GROWTH ACCELERATION",
      "detail": "YoY growth: +40.8% vs prior quarter YoY: +29.9% (accel: +10.9%)",
      "severity": "MEDIUM"
    },
    {
      "quarter": "2025-06 (Q2)",
      "signal": "FCF MARGIN EXPANSION",
      "detail": "FCF margin: -16.6% -> -6.3% (+10.4%)",
      "severity": "MEDIUM"
    },
    {
      "quarter": "2025-06 (Q2)",
      "signal": "GROSS MARGIN INFLECTION",
      "detail": "GM: +43.8% -> +41.3% -> +45.2% (reversal +3.9%)",
      "severity": "MEDIUM"
    },
    {
      "quarter": "2024-12 (Q4)",
      "signal": "OPERATING LEVERAGE",
      "detail": "Rev growth +7.2% vs OpEx growth +1.4% (leverage: 5.3x)",
      "severity": "MEDIUM"
    },
    {
      "quarter": "2024-09 (Q3)",
      "signal": "FCF MARGIN EXPANSION",
      "detail": "FCF margin: -81.5% -> -15.4% (+66.1%)",
      "severity": "MEDIUM"
    },
    {
      "quarter": "2024-09 (Q3)",
      "signal": "YoY REVENUE GROWTH DECELERATION",
      "detail": "YoY growth: +26.4% vs prior quarter YoY: +39.2% (decel: -12.7%)",
      "severity": "WARNING"
    },
    {
      "quarter": "2024-06 (Q2)",
      "signal": "YoY REVENUE GROWTH DECELERATION",
      "detail": "YoY growth: +39.2% vs prior quarter YoY: +50.6% (decel: -11.4%)",
      "severity": "WARNING"
    },
    {
      "quarter": "2024-03 (Q1)",
      "signal": "FCF MARGIN EXPANSION",
      "detail": "FCF margin: -100.5% -> -27.4% (+73.1%)",
      "severity": "MEDIUM"
    },
    {
      "quarter": "2024-03 (Q1)",
      "signal": "YoY REVENUE GROWTH DECELERATION",
      "detail": "YoY growth: +50.6% vs prior quarter YoY: +123.5% (decel: -72.9%)",
      "severity": "WARNING"
    },
    {
      "quarter": "2023-12 (Q4)",
      "signal": "FCF MARGIN EXPANSION",
      "detail": "FCF margin: -125.6% -> -100.5% (+25.1%)",
      "severity": "MEDIUM"
    },
    {
      "quarter": "2023-12 (Q4)",
      "signal": "YoY REVENUE GROWTH ACCELERATION",
      "detail": "YoY growth: +123.5% vs prior quarter YoY: +98.2% (accel: +25.3%)",
      "severity": "HIGH"
    },
    {
      "quarter": "2023-09 (Q3)",
      "signal": "FCF MARGIN EXPANSION",
      "detail": "FCF margin: -177.5% -> -125.6% (+52.0%)",
      "severity": "MEDIUM"
    },
    {
      "quarter": "2023-09 (Q3)",
      "signal": "YoY REVENUE GROWTH ACCELERATION",
      "detail": "YoY growth: +98.2% vs prior quarter YoY: +87.8% (accel: +10.4%)",
      "severity": "MEDIUM"
    },
    {
      "quarter": "2023-06 (Q2)",
      "signal": "FCF MARGIN EXPANSION",
      "detail": "FCF margin: -313.5% -> -177.5% (+136.0%)",
      "severity": "MEDIUM"
    },
    {
      "quarter": "2023-06 (Q2)",
      "signal": "GROSS MARGIN INFLECTION",
      "detail": "GM: +16.8% -> -2.2% -> +1.0% (reversal +3.1%)",
      "severity": "MEDIUM"
    },
    {
      "quarter": "2023-06 (Q2)",
      "signal": "YoY REVENUE GROWTH DECELERATION",
      "detail": "YoY growth: +87.8% vs prior quarter YoY: +101.3% (decel: -13.6%)",
      "severity": "WARNING"
    },
    {
      "quarter": "2023-03 (Q1)",
      "signal": "YoY REVENUE GROWTH ACCELERATION",
      "detail": "YoY growth: +101.3% vs prior quarter YoY: -7.7% (accel: +109.0%)",
      "severity": "HIGH"
    },
    {
      "quarter": "2022-12 (Q4)",
      "signal": "YoY REVENUE GROWTH DECELERATION",
      "detail": "YoY growth: -7.7% vs prior quarter YoY: +44.5% (decel: -52.2%)",
      "severity": "WARNING"
    },
    {
      "quarter": "2022-09 (Q3)",
      "signal": "FCF MARGIN EXPANSION",
      "detail": "FCF margin: -333.3% -> -258.6% (+74.7%)",
      "severity": "MEDIUM"
    },
    {
      "quarter": "2022-09 (Q3)",
      "signal": "GROSS MARGIN INFLECTION",
      "detail": "GM: +30.3% -> +26.9% -> +33.2% (reversal +6.2%)",
      "severity": "HIGH"
    },
    {
      "quarter": "2022-06 (Q2)",
      "signal": "YoY REVENUE GROWTH ACCELERATION",
      "detail": "YoY growth: +40.3% vs prior quarter YoY: +29.5% (accel: +10.9%)",
      "severity": "MEDIUM"
    },
    {
      "quarter": "2022-03 (Q1)",
      "signal": "YoY REVENUE GROWTH DECELERATION",
      "detail": "YoY growth: +29.5% vs prior quarter YoY: +85.9% (decel: -56.4%)",
      "severity": "WARNING"
    },
    {
      "quarter": "2021-12 (Q4)",
      "signal": "OPERATING LEVERAGE",
      "detail": "Rev growth +52.8% vs OpEx growth +31.0% (leverage: 1.7x)",
      "severity": "MEDIUM"
    },
    {
      "quarter": "2021-12 (Q4)",
      "signal": "GROSS MARGIN INFLECTION",
      "detail": "GM: +25.7% -> +24.2% -> +30.1% (reversal +5.9%)",
      "severity": "HIGH"
    }
  ],
  "data_quality": {
    "n_quarters": 20,
    "coverage": {
      "revenue": [
        20,
        20
      ],
      "gross_profit": [
        20,
        20
      ],
      "op_income": [
        20,
        20
      ],
      "fcf": [
        20,
        20
      ]
    },
    "gaps": [],
    "warnings": []
  },
  "market_cap": null,
  "source": "SEC EDGAR",
  "last_updated": "2026-02-03T01:11:57.110699"
}