{
  "ticker": "OWLT",
  "name": "OWLET, INC.",
  "quarters": [
    {
      "date": "2020-12-31T00:00:00",
      "quarter_label": "2020-12 (Q4)",
      "revenue": 20998000,
      "gross_profit": 10168000,
      "operating_income": -3372000,
      "net_income": -5798000,
      "opex": 13540000,
      "cogs": 10830000,
      "rd": 2831000,
      "sga": null,
      "fcf": -4886000,
      "ocf": -4803000,
      "capex": -83000,
      "gross_margin": 0.4842365939613297,
      "op_margin": -0.16058672254500428,
      "fcf_margin": -0.23268882750738165
    },
    {
      "date": "2021-03-31T00:00:00",
      "quarter_label": "2021-03 (Q1)",
      "revenue": 21911000,
      "gross_profit": 12683000,
      "operating_income": -3588249,
      "net_income": 1517138,
      "opex": 15531000,
      "cogs": 9228000,
      "rd": 3432000,
      "sga": null,
      "fcf": -6995000,
      "ocf": -6976000,
      "capex": -19000,
      "gross_margin": 0.5788416776961344,
      "op_margin": -0.16376473004427,
      "fcf_margin": -0.31924604080142394,
      "op_leverage_ratio": 0.2956924600553907,
      "fcf_margin_change": -0.08655721329404228
    },
    {
      "date": "2021-06-30T00:00:00",
      "quarter_label": "2021-06 (Q2)",
      "revenue": 24938000,
      "gross_profit": 13518000,
      "operating_income": -1724347,
      "net_income": -8594791,
      "opex": 19371000,
      "cogs": 11420000,
      "rd": 4518000,
      "sga": null,
      "fcf": -9088000,
      "ocf": -8632000,
      "capex": -456000,
      "gross_margin": 0.5420643195123908,
      "op_margin": -0.06914536049402518,
      "fcf_margin": -0.3644237709519609,
      "op_leverage_ratio": 0.5587511338482954,
      "fcf_margin_change": -0.04517773015053694
    },
    {
      "date": "2021-09-30T00:00:00",
      "quarter_label": "2021-09 (Q3)",
      "revenue": 31505000,
      "gross_profit": 14881000,
      "operating_income": -13761000,
      "net_income": -34456000,
      "opex": 28642000,
      "cogs": 16624000,
      "rd": 6320000,
      "sga": null,
      "fcf": -19503000,
      "ocf": -19095000,
      "capex": -408000,
      "gross_margin": 0.4723377241707665,
      "op_margin": -0.43678781145849865,
      "fcf_margin": -0.6190445960958578,
      "op_leverage_ratio": 0.5502130106307263,
      "fcf_margin_change": -0.25462082514389694
    },
    {
      "date": "2021-12-31T00:00:00",
      "quarter_label": "2021-12 (Q4)",
      "revenue": -2512000,
      "gross_profit": -6024000,
      "operating_income": -33330000,
      "net_income": -24057000,
      "opex": 27306000,
      "cogs": 3512000,
      "rd": 7158000,
      "sga": null,
      "fcf": -5939000,
      "ocf": -5853000,
      "capex": -86000,
      "gross_margin": 2.3980891719745223,
      "op_margin": 13.268312101910828,
      "fcf_margin": 2.364251592356688,
      "incr_op_margin_yoy": 1.2742662696724798,
      "rev_growth_yoy": -1.1196304409943805,
      "fcf_margin_change": 2.9832961884525457
    },
    {
      "date": "2022-03-31T00:00:00",
      "quarter_label": "2022-03 (Q1)",
      "revenue": 21538000,
      "gross_profit": 8756000,
      "operating_income": -21696000,
      "net_income": -28758000,
      "opex": 30452000,
      "cogs": 12782000,
      "rd": 8545000,
      "sga": null,
      "fcf": -27630000,
      "ocf": -27396000,
      "capex": -234000,
      "gross_margin": 0.4065372829417773,
      "op_margin": -1.0073358714829603,
      "fcf_margin": -1.282848918191104,
      "rev_growth_yoy": -0.017023412897631325,
      "rev_growth_yoy_accel": 1.102607028096749,
      "fcf_margin_change": -3.647100510547792
    },
    {
      "date": "2022-06-30T00:00:00",
      "quarter_label": "2022-06 (Q2)",
      "revenue": 18348000,
      "gross_profit": 6622000,
      "operating_income": -20363000,
      "net_income": -11718000,
      "opex": 26985000,
      "cogs": 11726000,
      "rd": 7770000,
      "sga": null,
      "fcf": -28449000,
      "ocf": -28264000,
      "capex": -185000,
      "gross_margin": 0.3609112709832134,
      "op_margin": -1.1098212339219533,
      "fcf_margin": -1.5505232177894048,
      "incr_op_margin_yoy": 2.8283236722306526,
      "rev_growth_yoy": -0.2642553532761248,
      "rev_growth_yoy_accel": -0.2472319403784935,
      "fcf_margin_change": -0.2676742995983008
    },
    {
      "date": "2022-09-30T00:00:00",
      "quarter_label": "2022-09 (Q3)",
      "revenue": 17359000,
      "gross_profit": 4613000,
      "operating_income": -21821000,
      "net_income": -19362000,
      "opex": 26434000,
      "cogs": 12746000,
      "rd": 7066000,
      "sga": null,
      "fcf": -15956000,
      "ocf": -15895000,
      "capex": -61000,
      "gross_margin": 0.26574111411947693,
      "op_margin": -1.2570424563626936,
      "fcf_margin": -0.9191773719684314,
      "incr_op_margin_yoy": 0.5697723738159197,
      "rev_growth_yoy": -0.44900809395334074,
      "rev_growth_yoy_accel": -0.18475274067721592,
      "fcf_margin_change": 0.6313458458209734
    },
    {
      "date": "2022-12-31T00:00:00",
      "quarter_label": "2022-12 (Q4)",
      "revenue": 11956000,
      "gross_profit": 3321000,
      "operating_income": -20739000,
      "net_income": -19498000,
      "opex": 24060000,
      "cogs": 8635000,
      "rd": 4515000,
      "sga": null,
      "fcf": -9981000,
      "ocf": -9825000,
      "capex": -156000,
      "gross_margin": 0.2777684844429575,
      "op_margin": -1.734610237537638,
      "fcf_margin": -0.8348109735697558,
      "incr_op_margin_yoy": 0.8702654133259607,
      "fcf_margin_change": 0.08436639839867566
    },
    {
      "date": "2023-03-31T00:00:00",
      "quarter_label": "2023-03 (Q1)",
      "revenue": 10736000,
      "gross_profit": 4153000,
      "operating_income": -10956000,
      "net_income": -11867000,
      "opex": 15109000,
      "cogs": 6583000,
      "rd": 2890000,
      "sga": null,
      "fcf": -9380000,
      "ocf": -9374000,
      "capex": -6000,
      "gross_margin": 0.3868293591654247,
      "op_margin": -1.0204918032786885,
      "fcf_margin": -0.8736959761549925,
      "incr_op_margin_yoy": -0.9942603221625624,
      "rev_growth_yoy": -0.501532175689479,
      "fcf_margin_change": -0.03888500258523675
    },
    {
      "date": "2023-06-30T00:00:00",
      "quarter_label": "2023-06 (Q2)",
      "revenue": 13088000,
      "gross_profit": 5233000,
      "operating_income": -6714000,
      "net_income": -8467000,
      "opex": 11947000,
      "cogs": 7855000,
      "rd": 2745000,
      "sga": null,
      "fcf": -7383000,
      "ocf": -7383000,
      "capex": null,
      "gross_margin": 0.39983190709046457,
      "op_margin": -0.5129889975550123,
      "fcf_margin": -0.5641045232273839,
      "incr_op_margin_yoy": -2.594866920152091,
      "rev_growth_yoy": -0.28667974711140176,
      "rev_growth_yoy_accel": 0.2148524285780773,
      "op_leverage_ratio": Infinity,
      "fcf_margin_change": 0.3095914529276086
    },
    {
      "date": "2023-09-30T00:00:00",
      "quarter_label": "2023-09 (Q3)",
      "revenue": 9182000,
      "gross_profit": 3329000,
      "operating_income": -7880000,
      "net_income": -5641000,
      "opex": 11209000,
      "cogs": 5853000,
      "rd": 2426000,
      "sga": null,
      "fcf": -5199000,
      "ocf": -5194000,
      "capex": -5000,
      "gross_margin": 0.36255717708560226,
      "op_margin": -0.8582008277063821,
      "fcf_margin": -0.5662165105641472,
      "incr_op_margin_yoy": -1.7049039990216461,
      "rev_growth_yoy": -0.47105247998156574,
      "rev_growth_yoy_accel": -0.18437273287016398,
      "fcf_margin_change": -0.0021119873367633213
    },
    {
      "date": "2023-12-31T00:00:00",
      "quarter_label": "2023-12 (Q4)",
      "revenue": 21004000,
      "gross_profit": 9872000,
      "operating_income": -3082000,
      "net_income": -6926000,
      "opex": 12954000,
      "cogs": 11132000,
      "rd": 2288000,
      "sga": null,
      "fcf": -1581000,
      "ocf": -1576000,
      "capex": -5000,
      "gross_margin": 0.4700057131974862,
      "op_margin": -0.1467339554370596,
      "fcf_margin": -0.07527137688059417,
      "incr_op_margin_yoy": 1.9514809902740937,
      "rev_growth_yoy": 0.7567748410839745,
      "rev_growth_yoy_accel": 1.2278273210655404,
      "op_leverage_ratio": 8.27037314192025,
      "fcf_margin_change": 0.4909451336835531
    },
    {
      "date": "2024-03-31T00:00:00",
      "quarter_label": "2024-03 (Q1)",
      "revenue": 14750000,
      "gross_profit": 6547000,
      "operating_income": -5746000,
      "net_income": 3274000,
      "opex": 12293000,
      "cogs": 8203000,
      "rd": 2347000,
      "sga": null,
      "fcf": -3356000,
      "ocf": -3356000,
      "capex": null,
      "gross_margin": 0.443864406779661,
      "op_margin": -0.3895593220338983,
      "fcf_margin": -0.22752542372881357,
      "incr_op_margin_yoy": 1.2979571499750873,
      "rev_growth_yoy": 0.3738822652757079,
      "rev_growth_yoy_accel": -0.38289257580826663,
      "fcf_margin_change": -0.15225404684821942
    },
    {
      "date": "2024-06-30T00:00:00",
      "quarter_label": "2024-06 (Q2)",
      "revenue": 20699000,
      "gross_profit": 10252000,
      "operating_income": -2244000,
      "net_income": -1147000,
      "opex": 12496000,
      "cogs": 10447000,
      "rd": 2354000,
      "sga": null,
      "fcf": -3368000,
      "ocf": -3365000,
      "capex": -3000,
      "gross_margin": 0.4952896275182376,
      "op_margin": -0.10841103434948549,
      "fcf_margin": -0.16271317454949513,
      "incr_op_margin_yoy": 0.58730784391013,
      "rev_growth_yoy": 0.5815250611246944,
      "rev_growth_yoy_accel": 0.20764279584898648,
      "op_leverage_ratio": 24.4238313434082,
      "fcf_margin_change": 0.06481224917931844
    },
    {
      "date": "2024-09-30T00:00:00",
      "quarter_label": "2024-09 (Q3)",
      "revenue": 22122000,
      "gross_profit": 11546000,
      "operating_income": -4822000,
      "net_income": -5611000,
      "opex": 16368000,
      "cogs": 10576000,
      "rd": 2559000,
      "sga": null,
      "fcf": -7493000,
      "ocf": -7494000,
      "capex": 1000,
      "gross_margin": 0.5219238766838441,
      "op_margin": -0.21797305849380708,
      "fcf_margin": -0.3387125937980291,
      "incr_op_margin_yoy": 0.23632148377125192,
      "rev_growth_yoy": 1.409279024177739,
      "rev_growth_yoy_accel": 0.8277539630530447,
      "op_leverage_ratio": 0.22186622981347365,
      "fcf_margin_change": -0.17599941924853396
    },
    {
      "date": "2024-12-31T00:00:00",
      "quarter_label": "2024-12 (Q4)",
      "revenue": 20485000,
      "gross_profit": 10963000,
      "operating_income": -7408000,
      "net_income": -9052000,
      "opex": 18371000,
      "cogs": 9522000,
      "rd": 2541000,
      "sga": null,
      "fcf": 2973000,
      "ocf": 3006000,
      "capex": -33000,
      "gross_margin": 0.535172077129607,
      "op_margin": -0.36163046131315596,
      "fcf_margin": 0.14513058335367343,
      "rev_growth_yoy": -0.024709579127785184,
      "rev_growth_yoy_accel": -1.4339886033055242,
      "fcf_margin_change": 0.48384317715170255
    },
    {
      "date": "2025-03-31T00:00:00",
      "quarter_label": "2025-03 (Q1)",
      "revenue": 21104000,
      "gross_profit": 11326000,
      "operating_income": -2671000,
      "net_income": 3025000,
      "opex": 13997000,
      "cogs": 9778000,
      "rd": 2903000,
      "sga": null,
      "fcf": -5929000,
      "ocf": -5925000,
      "capex": -4000,
      "gross_margin": 0.5366755117513268,
      "op_margin": -0.1265636846095527,
      "fcf_margin": -0.2809420015163002,
      "incr_op_margin_yoy": 0.48394711992445705,
      "rev_growth_yoy": 0.43077966101694914,
      "rev_growth_yoy_accel": 0.45548924014473435,
      "op_leverage_ratio": Infinity,
      "fcf_margin_change": -0.4260725848699737
    },
    {
      "date": "2025-06-30T00:00:00",
      "quarter_label": "2025-06 (Q2)",
      "revenue": 26063000,
      "gross_profit": 13380000,
      "operating_income": -1919000,
      "net_income": -37647000,
      "opex": 15299000,
      "cogs": 12683000,
      "rd": 3753000,
      "sga": null,
      "fcf": -2306000,
      "ocf": -2245000,
      "capex": -61000,
      "gross_margin": 0.5133714461113456,
      "op_margin": -0.07362928289145532,
      "fcf_margin": -0.08847791888884626,
      "incr_op_margin_yoy": 0.06058911260253542,
      "rev_growth_yoy": 0.2591429537658824,
      "rev_growth_yoy_accel": -0.17163670725106672,
      "op_leverage_ratio": 2.526116109641783,
      "fcf_margin_change": 0.19246408262745396
    },
    {
      "date": "2025-09-30T00:00:00",
      "quarter_label": "2025-09 (Q3)",
      "revenue": 31988000,
      "gross_profit": 16200000,
      "operating_income": 1216000,
      "net_income": 4134000,
      "opex": 14984000,
      "cogs": 15788000,
      "rd": 3785000,
      "sga": null,
      "fcf": -2179000,
      "ocf": -2170000,
      "capex": -9000,
      "gross_margin": 0.506439914968113,
      "op_margin": 0.03801425534575466,
      "fcf_margin": -0.06811929473552582,
      "incr_op_margin_yoy": 0.612000810865599,
      "rev_growth_yoy": 0.4459813760057861,
      "rev_growth_yoy_accel": 0.18683842223990366,
      "op_leverage_ratio": Infinity,
      "fcf_margin_change": 0.020358624153320445
    }
  ],
  "signals": [
    {
      "quarter": "2025-09 (Q3)",
      "signal": "YoY REVENUE GROWTH ACCELERATION",
      "detail": "YoY growth: +44.6% vs prior quarter YoY: +25.9% (accel: +18.7%)",
      "severity": "HIGH"
    },
    {
      "quarter": "2025-09 (Q3)",
      "signal": "OP MARGIN TURNED POSITIVE (YoY)",
      "detail": "Op margin: -21.8% (year-ago) -> +3.8%",
      "severity": "HIGH"
    },
    {
      "quarter": "2025-09 (Q3)",
      "signal": "OP MARGIN TURNED POSITIVE (QoQ)",
      "detail": "Op margin: -7.4% -> +3.8%",
      "severity": "HIGH"
    },
    {
      "quarter": "2025-06 (Q2)",
      "signal": "FCF MARGIN EXPANSION",
      "detail": "FCF margin: -28.1% -> -8.8% (+19.2%)",
      "severity": "MEDIUM"
    },
    {
      "quarter": "2025-06 (Q2)",
      "signal": "OPERATING LEVERAGE",
      "detail": "Rev growth +23.5% vs OpEx growth +9.3% (leverage: 2.5x)",
      "severity": "MEDIUM"
    },
    {
      "quarter": "2025-06 (Q2)",
      "signal": "YoY REVENUE GROWTH DECELERATION",
      "detail": "YoY growth: +25.9% vs prior quarter YoY: +43.1% (decel: -17.2%)",
      "severity": "WARNING"
    },
    {
      "quarter": "2025-03 (Q1)",
      "signal": "YoY REVENUE GROWTH ACCELERATION",
      "detail": "YoY growth: +43.1% vs prior quarter YoY: -2.5% (accel: +45.5%)",
      "severity": "HIGH"
    },
    {
      "quarter": "2024-12 (Q4)",
      "signal": "FCF TURNED POSITIVE",
      "detail": "FCF margin: -33.9% -> +14.5%",
      "severity": "HIGH"
    },
    {
      "quarter": "2024-12 (Q4)",
      "signal": "YoY REVENUE GROWTH DECELERATION",
      "detail": "YoY growth: -2.5% vs prior quarter YoY: +140.9% (decel: -143.4%)",
      "severity": "WARNING"
    },
    {
      "quarter": "2024-09 (Q3)",
      "signal": "YoY REVENUE GROWTH ACCELERATION",
      "detail": "YoY growth: +140.9% vs prior quarter YoY: +58.2% (accel: +82.8%)",
      "severity": "HIGH"
    },
    {
      "quarter": "2024-06 (Q2)",
      "signal": "FCF MARGIN EXPANSION",
      "detail": "FCF margin: -22.8% -> -16.3% (+6.5%)",
      "severity": "MEDIUM"
    },
    {
      "quarter": "2024-06 (Q2)",
      "signal": "OPERATING LEVERAGE",
      "detail": "Rev growth +40.3% vs OpEx growth +1.7% (leverage: 24.4x)",
      "severity": "MEDIUM"
    },
    {
      "quarter": "2024-06 (Q2)",
      "signal": "GROSS MARGIN INFLECTION",
      "detail": "GM: +47.0% -> +44.4% -> +49.5% (reversal +5.1%)",
      "severity": "HIGH"
    },
    {
      "quarter": "2024-06 (Q2)",
      "signal": "YoY REVENUE GROWTH ACCELERATION",
      "detail": "YoY growth: +58.2% vs prior quarter YoY: +37.4% (accel: +20.8%)",
      "severity": "HIGH"
    },
    {
      "quarter": "2024-03 (Q1)",
      "signal": "YoY REVENUE GROWTH DECELERATION",
      "detail": "YoY growth: +37.4% vs prior quarter YoY: +75.7% (decel: -38.3%)",
      "severity": "WARNING"
    },
    {
      "quarter": "2023-12 (Q4)",
      "signal": "FCF MARGIN EXPANSION",
      "detail": "FCF margin: -56.6% -> -7.5% (+49.1%)",
      "severity": "MEDIUM"
    },
    {
      "quarter": "2023-12 (Q4)",
      "signal": "OPERATING LEVERAGE",
      "detail": "Rev growth +128.8% vs OpEx growth +15.6% (leverage: 8.3x)",
      "severity": "MEDIUM"
    },
    {
      "quarter": "2023-12 (Q4)",
      "signal": "GROSS MARGIN INFLECTION",
      "detail": "GM: +40.0% -> +36.3% -> +47.0% (reversal +10.7%)",
      "severity": "HIGH"
    },
    {
      "quarter": "2023-12 (Q4)",
      "signal": "YoY REVENUE GROWTH ACCELERATION",
      "detail": "YoY growth: +75.7% vs prior quarter YoY: -47.1% (accel: +122.8%)",
      "severity": "HIGH"
    },
    {
      "quarter": "2023-09 (Q3)",
      "signal": "YoY REVENUE GROWTH DECELERATION",
      "detail": "YoY growth: -47.1% vs prior quarter YoY: -28.7% (decel: -18.4%)",
      "severity": "WARNING"
    },
    {
      "quarter": "2023-06 (Q2)",
      "signal": "FCF MARGIN EXPANSION",
      "detail": "FCF margin: -87.4% -> -56.4% (+31.0%)",
      "severity": "MEDIUM"
    },
    {
      "quarter": "2023-06 (Q2)",
      "signal": "YoY REVENUE GROWTH ACCELERATION",
      "detail": "YoY growth: -28.7% vs prior quarter YoY: -50.2% (accel: +21.5%)",
      "severity": "HIGH"
    },
    {
      "quarter": "2022-12 (Q4)",
      "signal": "FCF MARGIN EXPANSION",
      "detail": "FCF margin: -91.9% -> -83.5% (+8.4%)",
      "severity": "MEDIUM"
    },
    {
      "quarter": "2022-09 (Q3)",
      "signal": "FCF MARGIN EXPANSION",
      "detail": "FCF margin: -155.1% -> -91.9% (+63.1%)",
      "severity": "MEDIUM"
    },
    {
      "quarter": "2022-09 (Q3)",
      "signal": "YoY REVENUE GROWTH DECELERATION",
      "detail": "YoY growth: -44.9% vs prior quarter YoY: -26.4% (decel: -18.5%)",
      "severity": "WARNING"
    },
    {
      "quarter": "2022-06 (Q2)",
      "signal": "YoY REVENUE GROWTH DECELERATION",
      "detail": "YoY growth: -26.4% vs prior quarter YoY: -1.7% (decel: -24.7%)",
      "severity": "WARNING"
    },
    {
      "quarter": "2022-03 (Q1)",
      "signal": "YoY REVENUE GROWTH ACCELERATION",
      "detail": "YoY growth: -1.7% vs prior quarter YoY: -112.0% (accel: +110.3%)",
      "severity": "HIGH"
    },
    {
      "quarter": "2021-12 (Q4)",
      "signal": "FCF TURNED POSITIVE",
      "detail": "FCF margin: -61.9% -> +236.4%",
      "severity": "HIGH"
    },
    {
      "quarter": "2021-12 (Q4)",
      "signal": "GROSS MARGIN INFLECTION",
      "detail": "GM: +54.2% -> +47.2% -> +239.8% (reversal +192.6%)",
      "severity": "HIGH"
    },
    {
      "quarter": "2021-12 (Q4)",
      "signal": "OP MARGIN TURNED POSITIVE (YoY)",
      "detail": "Op margin: -16.1% (year-ago) -> +1326.8%",
      "severity": "HIGH"
    },
    {
      "quarter": "2021-12 (Q4)",
      "signal": "OP MARGIN TURNED POSITIVE (QoQ)",
      "detail": "Op margin: -43.7% -> +1326.8%",
      "severity": "HIGH"
    }
  ],
  "data_quality": {
    "n_quarters": 20,
    "coverage": {
      "revenue": [
        20,
        20
      ],
      "gross_profit": [
        20,
        20
      ],
      "op_income": [
        20,
        20
      ],
      "fcf": [
        20,
        20
      ]
    },
    "gaps": [],
    "warnings": []
  },
  "market_cap": null,
  "source": "SEC EDGAR",
  "last_updated": "2026-02-02T22:35:57.654242"
}