{
  "ticker": "OXM",
  "name": "Oxford Industries, Inc.",
  "quarters": [
    {
      "date": "2021-01-30T00:00:00",
      "quarter_label": "2021-01 (Q1)",
      "revenue": 221367000,
      "gross_profit": 120127000,
      "operating_income": -16625000,
      "net_income": -12217000,
      "opex": 136752000,
      "cogs": 101240000,
      "rd": null,
      "sga": 140427000,
      "fcf": 54165000,
      "ocf": 61173000,
      "capex": -7008000,
      "gross_margin": 0.5426599267280128,
      "op_margin": -0.07510152823139854,
      "fcf_margin": 0.24468416701676401
    },
    {
      "date": "2021-05-01T00:00:00",
      "quarter_label": "2021-05 (Q2)",
      "revenue": 265762000,
      "gross_profit": 166585000,
      "operating_income": 34893000,
      "net_income": 28468000,
      "opex": 131692000,
      "cogs": 99177000,
      "rd": null,
      "sga": 137125000,
      "fcf": 36080000,
      "ocf": 41005000,
      "capex": -4925000,
      "gross_margin": 0.6268202376562488,
      "op_margin": 0.13129416545631054,
      "fcf_margin": 0.1357605677260105,
      "op_leverage_ratio": Infinity,
      "fcf_margin_change": -0.10892359929075351
    },
    {
      "date": "2021-07-31T00:00:00",
      "quarter_label": "2021-07 (Q3)",
      "revenue": 328672000,
      "gross_profit": 209626000,
      "operating_income": 67996000,
      "net_income": 51460000,
      "opex": 141630000,
      "cogs": 119046000,
      "rd": null,
      "sga": 146367000,
      "fcf": 96682000,
      "ocf": 107980000,
      "capex": -11298000,
      "gross_margin": 0.637796952584948,
      "op_margin": 0.2068810242430143,
      "fcf_margin": 0.29415952682309415,
      "op_leverage_ratio": 3.1368026969307823,
      "fcf_margin_change": 0.15839895909708365
    },
    {
      "date": "2021-10-30T00:00:00",
      "quarter_label": "2021-10 (Q4)",
      "revenue": 247729000,
      "gross_profit": 152538000,
      "operating_income": 30607000,
      "net_income": 25985000,
      "opex": 121931000,
      "cogs": 95191000,
      "rd": null,
      "sga": 137505000,
      "fcf": -809000,
      "ocf": 8100000,
      "capex": -8909000,
      "gross_margin": 0.6157454314997437,
      "op_margin": 0.12355033120869983,
      "fcf_margin": -0.0032656653036180665,
      "fcf_margin_change": -0.2974251921267122
    },
    {
      "date": "2022-01-29T00:00:00",
      "quarter_label": "2022-01 (Q1)",
      "revenue": 299916000,
      "gross_profit": 177469000,
      "operating_income": 32007000,
      "net_income": 25408000,
      "opex": 145462000,
      "cogs": 122447000,
      "rd": null,
      "sga": 152639000,
      "fcf": 34159000,
      "ocf": 40921000,
      "capex": -6762000,
      "gross_margin": 0.5917290174582216,
      "op_margin": 0.10671988156683872,
      "fcf_margin": 0.11389522399605223,
      "incr_op_margin_yoy": 0.6191294605914779,
      "rev_growth_yoy": 0.3548360866795864,
      "op_leverage_ratio": 1.0915892099310998,
      "fcf_margin_change": 0.11716088929967029
    },
    {
      "date": "2022-04-30T00:00:00",
      "quarter_label": "2022-04 (Q2)",
      "revenue": 352581000,
      "gross_profit": 226377000,
      "operating_income": 75978000,
      "net_income": 57408000,
      "opex": 150399000,
      "cogs": 126204000,
      "rd": null,
      "sga": 157412000,
      "fcf": 13200000,
      "ocf": 22480000,
      "capex": -9280000,
      "gross_margin": 0.6420567188816186,
      "op_margin": 0.21549090847209576,
      "fcf_margin": 0.037438205688905525,
      "incr_op_margin_yoy": 0.47322590677155923,
      "rev_growth_yoy": 0.32667951023848407,
      "rev_growth_yoy_accel": -0.02815657644110231,
      "op_leverage_ratio": 5.173790994879417,
      "fcf_margin_change": -0.07645701830714671
    },
    {
      "date": "2022-07-30T00:00:00",
      "quarter_label": "2022-07 (Q3)",
      "revenue": 363430000,
      "gross_profit": 232149000,
      "operating_income": 75371000,
      "net_income": 56612000,
      "opex": 156778000,
      "cogs": 131281000,
      "rd": null,
      "sga": 163135000,
      "fcf": 57683000,
      "ocf": 68149000,
      "capex": -10466000,
      "gross_margin": 0.6387722532537214,
      "op_margin": 0.2073879426574581,
      "fcf_margin": 0.1587183226481028,
      "incr_op_margin_yoy": 0.21218136831808504,
      "rev_growth_yoy": 0.1057528478239704,
      "rev_growth_yoy_accel": -0.22092666241451367,
      "op_leverage_ratio": 0.7254761682290192,
      "fcf_margin_change": 0.12128011695919727
    },
    {
      "date": "2022-10-29T00:00:00",
      "quarter_label": "2022-10 (Q4)",
      "revenue": 313033000,
      "gross_profit": 197694000,
      "operating_income": 27315000,
      "net_income": 19666000,
      "opex": 170379000,
      "cogs": 115339000,
      "rd": null,
      "sga": 175027000,
      "fcf": -16959000,
      "ocf": -4374000,
      "capex": -12585000,
      "gross_margin": 0.6315436391690333,
      "op_margin": 0.08725917075835456,
      "fcf_margin": -0.05417639673772414,
      "incr_op_margin_yoy": -0.05041038833762097,
      "rev_growth_yoy": 0.2636106390450856,
      "rev_growth_yoy_accel": 0.15785779122111518,
      "fcf_margin_change": -0.21289471938582694
    },
    {
      "date": "2023-01-28T00:00:00",
      "quarter_label": "2023-01 (Q1)",
      "revenue": 382484000,
      "gross_profit": 232635000,
      "operating_income": 40110000,
      "net_income": 32049000,
      "opex": 192525000,
      "cogs": 149849000,
      "rd": null,
      "sga": 196430000,
      "fcf": 25018000,
      "ocf": 39355000,
      "capex": -14337000,
      "gross_margin": 0.608221520377323,
      "op_margin": 0.10486713169701216,
      "fcf_margin": 0.0654092720218362,
      "incr_op_margin_yoy": 0.098137292897975,
      "rev_growth_yoy": 0.2753037517171475,
      "rev_growth_yoy_accel": 0.011693112672061912,
      "op_leverage_ratio": 1.7069042091388984,
      "fcf_margin_change": 0.11958566875956034
    },
    {
      "date": "2023-04-29T00:00:00",
      "quarter_label": "2023-04 (Q2)",
      "revenue": 420097000,
      "gross_profit": 275129000,
      "operating_income": 80301000,
      "net_income": 58538000,
      "opex": 194828000,
      "cogs": 144968000,
      "rd": null,
      "sga": 203149000,
      "fcf": 35895000,
      "ocf": 52557000,
      "capex": -16662000,
      "gross_margin": 0.6549177927954735,
      "op_margin": 0.19114871089296043,
      "fcf_margin": 0.08544455209154077,
      "incr_op_margin_yoy": 0.06402926713667871,
      "rev_growth_yoy": 0.19149074964334437,
      "rev_growth_yoy_accel": -0.08381300207380313,
      "op_leverage_ratio": 8.220872176045388,
      "fcf_margin_change": 0.020035280069704564
    },
    {
      "date": "2023-07-29T00:00:00",
      "quarter_label": "2023-07 (Q3)",
      "revenue": 420319000,
      "gross_profit": 268729000,
      "operating_income": 67674000,
      "net_income": 51453000,
      "opex": 201055000,
      "cogs": 151590000,
      "rd": null,
      "sga": 205231000,
      "fcf": 85195000,
      "ocf": 99943000,
      "capex": -14748000,
      "gross_margin": 0.6393453543618062,
      "op_margin": 0.16100628332290476,
      "fcf_margin": 0.20269128923508098,
      "incr_op_margin_yoy": -0.13529856386999245,
      "rev_growth_yoy": 0.15653358280824367,
      "rev_growth_yoy_accel": -0.034957166835100695,
      "fcf_margin_change": 0.11724673714354021
    },
    {
      "date": "2023-10-28T00:00:00",
      "quarter_label": "2023-10 (Q4)",
      "revenue": 326630000,
      "gross_profit": 205419000,
      "operating_income": 14460000,
      "net_income": 10782000,
      "opex": 190959000,
      "cogs": 121211000,
      "rd": null,
      "sga": 194822000,
      "fcf": -6188000,
      "ocf": 16898000,
      "capex": -23086000,
      "gross_margin": 0.6289042647644123,
      "op_margin": 0.044270275234975356,
      "fcf_margin": -0.018944983620610478,
      "incr_op_margin_yoy": -0.9454291387806134,
      "rev_growth_yoy": 0.043436315021100014,
      "rev_growth_yoy_accel": -0.11309726778714366,
      "fcf_margin_change": -0.22163627285569146
    },
    {
      "date": "2024-02-03T00:00:00",
      "quarter_label": "2024-02 (Q1)",
      "revenue": 404429000,
      "gross_profit": 246308000,
      "operating_income": -81453000,
      "net_income": -60070000,
      "opex": 327761000,
      "cogs": 158121000,
      "rd": null,
      "sga": 217503000,
      "fcf": 55284000,
      "ocf": 74886000,
      "capex": -19602000,
      "gross_margin": 0.6090265534865205,
      "op_margin": -0.20140247113832094,
      "fcf_margin": 0.13669642879219837,
      "incr_op_margin_yoy": -5.5394395078605605,
      "rev_growth_yoy": 0.05737494901747524,
      "rev_growth_yoy_accel": 0.013938633996375224,
      "op_leverage_ratio": 0.3324800788833545,
      "fcf_margin_change": 0.15564141241280885
    },
    {
      "date": "2024-05-04T00:00:00",
      "quarter_label": "2024-05 (Q2)",
      "revenue": 398184000,
      "gross_profit": 258361000,
      "operating_income": 52451000,
      "net_income": 38373000,
      "opex": 205910000,
      "cogs": 139823000,
      "rd": null,
      "sga": 213103000,
      "fcf": 21029000,
      "ocf": 32923000,
      "capex": -11894000,
      "gross_margin": 0.6488482711510256,
      "op_margin": 0.13172553392401504,
      "fcf_margin": 0.052812267695336826,
      "incr_op_margin_yoy": 1.27093506137909,
      "rev_growth_yoy": -0.05216176264053302,
      "rev_growth_yoy_accel": -0.10953671165800827,
      "fcf_margin_change": -0.08388416109686155
    },
    {
      "date": "2024-08-03T00:00:00",
      "quarter_label": "2024-08 (Q3)",
      "revenue": 419886000,
      "gross_profit": 265011000,
      "operating_income": 52510000,
      "net_income": 40642000,
      "opex": 212501000,
      "cogs": 154875000,
      "rd": null,
      "sga": 216851000,
      "fcf": 47181000,
      "ocf": 88815000,
      "capex": -41634000,
      "gross_margin": 0.6311498835398179,
      "op_margin": 0.12505775377126171,
      "fcf_margin": 0.11236621368657207,
      "rev_growth_yoy": -0.0010301699423533078,
      "rev_growth_yoy_accel": 0.05113159269817971,
      "op_leverage_ratio": 1.7027154670460607,
      "fcf_margin_change": 0.059553945991235244
    },
    {
      "date": "2024-11-02T00:00:00",
      "quarter_label": "2024-11 (Q4)",
      "revenue": 308025000,
      "gross_profit": 194514000,
      "operating_income": -6240000,
      "net_income": -3937000,
      "opex": 200754000,
      "cogs": 113511000,
      "rd": null,
      "sga": 204721000,
      "fcf": -56934000,
      "ocf": -18213000,
      "capex": -38721000,
      "gross_margin": 0.6314877039201363,
      "op_margin": -0.02025809593377161,
      "fcf_margin": -0.18483564645726808,
      "incr_op_margin_yoy": 1.1126041386724,
      "rev_growth_yoy": -0.056960475155374585,
      "rev_growth_yoy_accel": -0.055930305213021274,
      "fcf_margin_change": -0.29720186014384015
    },
    {
      "date": "2025-02-01T00:00:00",
      "quarter_label": "2025-02 (Q1)",
      "revenue": 390506000,
      "gross_profit": 236685000,
      "operating_income": 20315000,
      "net_income": 17895000,
      "opex": 216370000,
      "cogs": 153821000,
      "rd": null,
      "sga": 220174000,
      "fcf": 48525000,
      "ocf": 90507000,
      "capex": -41982000,
      "gross_margin": 0.6060982417683723,
      "op_margin": 0.05202224805764828,
      "fcf_margin": 0.12426185513154728,
      "incr_op_margin_yoy": -7.309344250520721,
      "rev_growth_yoy": -0.034426314631245535,
      "rev_growth_yoy_accel": 0.02253416052412905,
      "op_leverage_ratio": 3.4424081274174037,
      "fcf_margin_change": 0.3090975015888153
    },
    {
      "date": "2025-05-03T00:00:00",
      "quarter_label": "2025-05 (Q2)",
      "revenue": 392861000,
      "gross_profit": 252286000,
      "operating_income": 36206000,
      "net_income": 26181000,
      "opex": 216080000,
      "cogs": 140575000,
      "rd": null,
      "sga": 222708000,
      "fcf": -27369000,
      "ocf": -3942000,
      "capex": -23427000,
      "gross_margin": 0.6421762404514574,
      "op_margin": 0.09215982243083432,
      "fcf_margin": -0.0696658614624511,
      "incr_op_margin_yoy": 3.051850460266767,
      "rev_growth_yoy": -0.013368191589817773,
      "rev_growth_yoy_accel": 0.021058123041427762,
      "fcf_margin_change": -0.19392771659399838
    },
    {
      "date": "2025-08-02T00:00:00",
      "quarter_label": "2025-08 (Q3)",
      "revenue": 403143000,
      "gross_profit": 247625000,
      "operating_income": 25411000,
      "net_income": 16692000,
      "opex": 222214000,
      "cogs": 155518000,
      "rd": null,
      "sga": 225581000,
      "fcf": 52314000,
      "ocf": 83491000,
      "capex": -31177000,
      "gross_margin": 0.6142361395336147,
      "op_margin": 0.06303222429758175,
      "fcf_margin": 0.129765368616099,
      "incr_op_margin_yoy": 1.6185271456728185,
      "rev_growth_yoy": -0.039875108958145784,
      "rev_growth_yoy_accel": -0.026506917368328012,
      "op_leverage_ratio": 0.9219544848529584,
      "fcf_margin_change": 0.1994312300785501
    },
    {
      "date": "2025-11-01T00:00:00",
      "quarter_label": "2025-11 (Q4)",
      "revenue": 307344000,
      "gross_profit": 185271000,
      "operating_income": -85098000,
      "net_income": -63683000,
      "opex": 270369000,
      "cogs": 122073000,
      "rd": null,
      "sga": 212554000,
      "fcf": -47922000,
      "ocf": -9090000,
      "capex": -38832000,
      "gross_margin": 0.602813134468218,
      "op_margin": -0.2768819303451507,
      "fcf_margin": -0.15592300484148056,
      "rev_growth_yoy": -0.0022108595081568056,
      "rev_growth_yoy_accel": 0.03766424944998898,
      "fcf_margin_change": -0.2856883734575796
    }
  ],
  "signals": [
    {
      "quarter": "2025-08 (Q3)",
      "signal": "FCF TURNED POSITIVE",
      "detail": "FCF margin: -7.0% -> +13.0%",
      "severity": "HIGH"
    },
    {
      "quarter": "2025-08 (Q3)",
      "signal": "INCREMENTAL MARGIN (YoY)",
      "detail": "YoY Incr OPM: +161.9% vs year-ago OPM: +12.5%",
      "severity": "HIGH"
    },
    {
      "quarter": "2025-05 (Q2)",
      "signal": "GROSS MARGIN INFLECTION",
      "detail": "GM: +63.1% -> +60.6% -> +64.2% (reversal +3.6%)",
      "severity": "MEDIUM"
    },
    {
      "quarter": "2025-05 (Q2)",
      "signal": "INCREMENTAL MARGIN (YoY)",
      "detail": "YoY Incr OPM: +305.2% vs year-ago OPM: +13.2%",
      "severity": "HIGH"
    },
    {
      "quarter": "2025-02 (Q1)",
      "signal": "FCF TURNED POSITIVE",
      "detail": "FCF margin: -18.5% -> +12.4%",
      "severity": "HIGH"
    },
    {
      "quarter": "2025-02 (Q1)",
      "signal": "OPERATING LEVERAGE",
      "detail": "Rev growth +26.8% vs OpEx growth +7.8% (leverage: 3.4x)",
      "severity": "MEDIUM"
    },
    {
      "quarter": "2025-02 (Q1)",
      "signal": "OP MARGIN TURNED POSITIVE (YoY)",
      "detail": "Op margin: -20.1% (year-ago) -> +5.2%",
      "severity": "HIGH"
    },
    {
      "quarter": "2025-02 (Q1)",
      "signal": "OP MARGIN TURNED POSITIVE (QoQ)",
      "detail": "Op margin: -2.0% -> +5.2%",
      "severity": "HIGH"
    },
    {
      "quarter": "2024-11 (Q4)",
      "signal": "YoY REVENUE GROWTH DECELERATION",
      "detail": "YoY growth: -5.7% vs prior quarter YoY: -0.1% (decel: -5.6%)",
      "severity": "WARNING"
    },
    {
      "quarter": "2024-08 (Q3)",
      "signal": "FCF MARGIN EXPANSION",
      "detail": "FCF margin: +5.3% -> +11.2% (+6.0%)",
      "severity": "MEDIUM"
    },
    {
      "quarter": "2024-08 (Q3)",
      "signal": "OPERATING LEVERAGE",
      "detail": "Rev growth +5.5% vs OpEx growth +3.2% (leverage: 1.7x)",
      "severity": "MEDIUM"
    },
    {
      "quarter": "2024-08 (Q3)",
      "signal": "YoY REVENUE GROWTH ACCELERATION",
      "detail": "YoY growth: -0.1% vs prior quarter YoY: -5.2% (accel: +5.1%)",
      "severity": "MEDIUM"
    },
    {
      "quarter": "2024-05 (Q2)",
      "signal": "GROSS MARGIN INFLECTION",
      "detail": "GM: +62.9% -> +60.9% -> +64.9% (reversal +4.0%)",
      "severity": "MEDIUM"
    },
    {
      "quarter": "2024-05 (Q2)",
      "signal": "YoY REVENUE GROWTH DECELERATION",
      "detail": "YoY growth: -5.2% vs prior quarter YoY: +5.7% (decel: -11.0%)",
      "severity": "WARNING"
    },
    {
      "quarter": "2024-05 (Q2)",
      "signal": "INCREMENTAL MARGIN (YoY)",
      "detail": "YoY Incr OPM: +127.1% vs year-ago OPM: +19.1%",
      "severity": "HIGH"
    },
    {
      "quarter": "2024-05 (Q2)",
      "signal": "OP MARGIN TURNED POSITIVE (QoQ)",
      "detail": "Op margin: -20.1% -> +13.2%",
      "severity": "HIGH"
    },
    {
      "quarter": "2024-02 (Q1)",
      "signal": "FCF TURNED POSITIVE",
      "detail": "FCF margin: -1.9% -> +13.7%",
      "severity": "HIGH"
    },
    {
      "quarter": "2023-10 (Q4)",
      "signal": "YoY REVENUE GROWTH DECELERATION",
      "detail": "YoY growth: +4.3% vs prior quarter YoY: +15.7% (decel: -11.3%)",
      "severity": "WARNING"
    },
    {
      "quarter": "2023-07 (Q3)",
      "signal": "FCF MARGIN EXPANSION",
      "detail": "FCF margin: +8.5% -> +20.3% (+11.7%)",
      "severity": "MEDIUM"
    },
    {
      "quarter": "2023-04 (Q2)",
      "signal": "OPERATING LEVERAGE",
      "detail": "Rev growth +9.8% vs OpEx growth +1.2% (leverage: 8.2x)",
      "severity": "MEDIUM"
    },
    {
      "quarter": "2023-04 (Q2)",
      "signal": "GROSS MARGIN INFLECTION",
      "detail": "GM: +63.2% -> +60.8% -> +65.5% (reversal +4.7%)",
      "severity": "MEDIUM"
    },
    {
      "quarter": "2023-04 (Q2)",
      "signal": "YoY REVENUE GROWTH DECELERATION",
      "detail": "YoY growth: +19.1% vs prior quarter YoY: +27.5% (decel: -8.4%)",
      "severity": "WARNING"
    },
    {
      "quarter": "2023-01 (Q1)",
      "signal": "FCF TURNED POSITIVE",
      "detail": "FCF margin: -5.4% -> +6.5%",
      "severity": "HIGH"
    },
    {
      "quarter": "2023-01 (Q1)",
      "signal": "OPERATING LEVERAGE",
      "detail": "Rev growth +22.2% vs OpEx growth +13.0% (leverage: 1.7x)",
      "severity": "MEDIUM"
    },
    {
      "quarter": "2022-10 (Q4)",
      "signal": "YoY REVENUE GROWTH ACCELERATION",
      "detail": "YoY growth: +26.4% vs prior quarter YoY: +10.6% (accel: +15.8%)",
      "severity": "HIGH"
    },
    {
      "quarter": "2022-07 (Q3)",
      "signal": "FCF MARGIN EXPANSION",
      "detail": "FCF margin: +3.7% -> +15.9% (+12.1%)",
      "severity": "MEDIUM"
    },
    {
      "quarter": "2022-07 (Q3)",
      "signal": "YoY REVENUE GROWTH DECELERATION",
      "detail": "YoY growth: +10.6% vs prior quarter YoY: +32.7% (decel: -22.1%)",
      "severity": "WARNING"
    },
    {
      "quarter": "2022-04 (Q2)",
      "signal": "OPERATING LEVERAGE",
      "detail": "Rev growth +17.6% vs OpEx growth +3.4% (leverage: 5.2x)",
      "severity": "MEDIUM"
    },
    {
      "quarter": "2022-04 (Q2)",
      "signal": "GROSS MARGIN INFLECTION",
      "detail": "GM: +61.6% -> +59.2% -> +64.2% (reversal +5.0%)",
      "severity": "HIGH"
    },
    {
      "quarter": "2022-04 (Q2)",
      "signal": "INCREMENTAL MARGIN (YoY)",
      "detail": "YoY Incr OPM: +47.3% vs year-ago OPM: +13.1%",
      "severity": "HIGH"
    },
    {
      "quarter": "2022-01 (Q1)",
      "signal": "FCF TURNED POSITIVE",
      "detail": "FCF margin: -0.3% -> +11.4%",
      "severity": "HIGH"
    },
    {
      "quarter": "2022-01 (Q1)",
      "signal": "OP MARGIN TURNED POSITIVE (YoY)",
      "detail": "Op margin: -7.5% (year-ago) -> +10.7%",
      "severity": "HIGH"
    },
    {
      "quarter": "2021-07 (Q3)",
      "signal": "FCF MARGIN EXPANSION",
      "detail": "FCF margin: +13.6% -> +29.4% (+15.8%)",
      "severity": "MEDIUM"
    },
    {
      "quarter": "2021-07 (Q3)",
      "signal": "OPERATING LEVERAGE",
      "detail": "Rev growth +23.7% vs OpEx growth +7.5% (leverage: 3.1x)",
      "severity": "MEDIUM"
    },
    {
      "quarter": "2021-05 (Q2)",
      "signal": "OP MARGIN TURNED POSITIVE (QoQ)",
      "detail": "Op margin: -7.5% -> +13.1%",
      "severity": "HIGH"
    }
  ],
  "data_quality": {
    "n_quarters": 20,
    "coverage": {
      "revenue": [
        20,
        20
      ],
      "gross_profit": [
        20,
        20
      ],
      "op_income": [
        20,
        20
      ],
      "fcf": [
        20,
        20
      ]
    },
    "gaps": [],
    "warnings": []
  },
  "market_cap": null,
  "source": "SEC EDGAR",
  "last_updated": "2026-02-02T22:21:08.567690"
}