{
  "ticker": "PAAPU",
  "name": "PLAINS ALL AMERICAN PIPELINE LP",
  "quarters": [
    {
      "date": "2020-12-31T00:00:00",
      "quarter_label": "2020-12 (Q4)",
      "revenue": 5963000000,
      "gross_profit": 532000000,
      "operating_income": -65000000,
      "net_income": -28000000,
      "opex": 6028000000,
      "cogs": 5431000000,
      "rd": null,
      "sga": null,
      "fcf": 126000000,
      "ocf": 258000000,
      "capex": -132000000,
      "gross_margin": 0.0892168371625021,
      "op_margin": -0.010900553412711723,
      "fcf_margin": 0.021130303538487338
    },
    {
      "date": "2021-03-31T00:00:00",
      "quarter_label": "2021-03 (Q1)",
      "revenue": 8383000000,
      "gross_profit": 991000000,
      "operating_income": 526000000,
      "net_income": 422000000,
      "opex": 7857000000,
      "cogs": 7392000000,
      "rd": null,
      "sga": null,
      "fcf": 694000000,
      "ocf": 791000000,
      "capex": -97000000,
      "gross_margin": 0.11821543600143147,
      "op_margin": 0.06274603363950854,
      "fcf_margin": 0.08278659191220326,
      "op_leverage_ratio": 1.3375502128260046,
      "fcf_margin_change": 0.06165628837371592
    },
    {
      "date": "2021-06-30T00:00:00",
      "quarter_label": "2021-06 (Q2)",
      "revenue": 9930000000,
      "gross_profit": 653000000,
      "operating_income": -236000000,
      "net_income": -220000000,
      "opex": 10166000000,
      "cogs": 9277000000,
      "rd": null,
      "sga": null,
      "fcf": 150000000,
      "ocf": 235000000,
      "capex": -85000000,
      "gross_margin": 0.06576032225579054,
      "op_margin": -0.023766364551863043,
      "fcf_margin": 0.015105740181268883,
      "op_leverage_ratio": 0.6279479800604939,
      "fcf_margin_change": -0.06768085173093438
    },
    {
      "date": "2021-09-30T00:00:00",
      "quarter_label": "2021-09 (Q3)",
      "revenue": 10776000000,
      "gross_profit": 702000000,
      "operating_income": -38000000,
      "net_income": -59000000,
      "opex": 10814000000,
      "cogs": 10074000000,
      "rd": null,
      "sga": null,
      "fcf": 260000000,
      "ocf": 335000000,
      "capex": -75000000,
      "gross_margin": 0.06514476614699331,
      "op_margin": -0.003526354862657758,
      "fcf_margin": 0.02412769116555308,
      "op_leverage_ratio": 1.3365838648315989,
      "fcf_margin_change": 0.009021950984284198
    },
    {
      "date": "2021-12-31T00:00:00",
      "quarter_label": "2021-12 (Q4)",
      "revenue": 12989000000,
      "gross_profit": 1228000000,
      "operating_income": 599000000,
      "net_income": 450000000,
      "opex": 12390000000,
      "cogs": 11761000000,
      "rd": null,
      "sga": null,
      "fcf": 556000000,
      "ocf": 635000000,
      "capex": -79000000,
      "gross_margin": 0.0945415351451228,
      "op_margin": 0.04611594426052814,
      "fcf_margin": 0.042805450766032795,
      "incr_op_margin_yoy": 0.09450612012524907,
      "rev_growth_yoy": 1.1782659735032701,
      "op_leverage_ratio": 1.4091394817963587,
      "fcf_margin_change": 0.018677759600479713
    },
    {
      "date": "2022-03-31T00:00:00",
      "quarter_label": "2022-03 (Q1)",
      "revenue": 13694000000,
      "gross_profit": 909000000,
      "operating_income": 293000000,
      "net_income": 187000000,
      "opex": 13401000000,
      "cogs": 12785000000,
      "rd": null,
      "sga": null,
      "fcf": 239000000,
      "ocf": 340000000,
      "capex": -101000000,
      "gross_margin": 0.06637943624945232,
      "op_margin": 0.02139623192639112,
      "fcf_margin": 0.017452899079889003,
      "incr_op_margin_yoy": -0.04387121069478441,
      "rev_growth_yoy": 0.6335440772992962,
      "rev_growth_yoy_accel": -0.5447218962039739,
      "op_leverage_ratio": 0.6651713741803439,
      "fcf_margin_change": -0.025352551686143792
    },
    {
      "date": "2022-06-30T00:00:00",
      "quarter_label": "2022-06 (Q2)",
      "revenue": 16359000000,
      "gross_profit": 1035000000,
      "operating_income": 411000000,
      "net_income": 203000000,
      "opex": 15948000000,
      "cogs": 15324000000,
      "rd": null,
      "sga": null,
      "fcf": 703000000,
      "ocf": 792000000,
      "capex": -89000000,
      "gross_margin": 0.06326792591234183,
      "op_margin": 0.02512378507243719,
      "fcf_margin": 0.0429732868757259,
      "incr_op_margin_yoy": 0.10063773526209364,
      "rev_growth_yoy": 0.6474320241691843,
      "rev_growth_yoy_accel": 0.013887946869888146,
      "op_leverage_ratio": 1.0239415162607648,
      "fcf_margin_change": 0.0255203877958369
    },
    {
      "date": "2022-09-30T00:00:00",
      "quarter_label": "2022-09 (Q3)",
      "revenue": 14336000000,
      "gross_profit": 1265000000,
      "operating_income": 626000000,
      "net_income": 384000000,
      "opex": 13710000000,
      "cogs": 13071000000,
      "rd": null,
      "sga": null,
      "fcf": 820000000,
      "ocf": 942000000,
      "capex": -122000000,
      "gross_margin": 0.08823939732142858,
      "op_margin": 0.043666294642857144,
      "fcf_margin": 0.05719866071428571,
      "incr_op_margin_yoy": 0.18651685393258427,
      "rev_growth_yoy": 0.3303637713437268,
      "rev_growth_yoy_accel": -0.31706825282545753,
      "fcf_margin_change": 0.014225373838559811
    },
    {
      "date": "2022-12-31T00:00:00",
      "quarter_label": "2022-12 (Q4)",
      "revenue": 12952000000,
      "gross_profit": 957000000,
      "operating_income": -38000000,
      "net_income": 263000000,
      "opex": 12990000000,
      "cogs": 11995000000,
      "rd": null,
      "sga": null,
      "fcf": 191000000,
      "ocf": 334000000,
      "capex": -143000000,
      "gross_margin": 0.07388820259419394,
      "op_margin": -0.002933909820877085,
      "fcf_margin": 0.0147467572575664,
      "incr_op_margin_yoy": 17.216216216216218,
      "rev_growth_yoy": -0.002848564169682039,
      "rev_growth_yoy_accel": -0.33321233551340884,
      "fcf_margin_change": -0.042451903456719314
    },
    {
      "date": "2023-03-31T00:00:00",
      "quarter_label": "2023-03 (Q1)",
      "revenue": 12341000000,
      "gross_profit": 1018000000,
      "operating_income": 473000000,
      "net_income": 422000000,
      "opex": 11868000000,
      "cogs": 11323000000,
      "rd": null,
      "sga": null,
      "fcf": 621000000,
      "ocf": 743000000,
      "capex": -122000000,
      "gross_margin": 0.08248926343084029,
      "op_margin": 0.03832752613240418,
      "fcf_margin": 0.050320071307025364,
      "incr_op_margin_yoy": -0.13303769401330376,
      "rev_growth_yoy": -0.09880239520958084,
      "rev_growth_yoy_accel": -0.0959538310398988,
      "fcf_margin_change": 0.035573314049458966
    },
    {
      "date": "2023-06-30T00:00:00",
      "quarter_label": "2023-06 (Q2)",
      "revenue": 11602000000,
      "gross_profit": 1058000000,
      "operating_income": 378000000,
      "net_income": 293000000,
      "opex": 11224000000,
      "cogs": 10544000000,
      "rd": null,
      "sga": null,
      "fcf": 743000000,
      "ocf": 888000000,
      "capex": -145000000,
      "gross_margin": 0.09119117393552836,
      "op_margin": 0.032580589553525253,
      "fcf_margin": 0.06404068264092398,
      "incr_op_margin_yoy": 0.006937145259617406,
      "rev_growth_yoy": -0.2907879454734397,
      "rev_growth_yoy_accel": -0.19198555026385888,
      "fcf_margin_change": 0.013720611333898618
    },
    {
      "date": "2023-09-30T00:00:00",
      "quarter_label": "2023-09 (Q3)",
      "revenue": 12071000000,
      "gross_profit": 965000000,
      "operating_income": 234000000,
      "net_income": 203000000,
      "opex": 11837000000,
      "cogs": 11106000000,
      "rd": null,
      "sga": null,
      "fcf": -52000000,
      "ocf": 85000000,
      "capex": -137000000,
      "gross_margin": 0.07994366663905228,
      "op_margin": 0.019385303620246874,
      "fcf_margin": -0.0043078452489437495,
      "incr_op_margin_yoy": 0.17306843267108168,
      "rev_growth_yoy": -0.15799386160714285,
      "rev_growth_yoy_accel": 0.13279408386629687,
      "op_leverage_ratio": 0.7401626484492604,
      "fcf_margin_change": -0.06834852788986773
    },
    {
      "date": "2023-12-31T00:00:00",
      "quarter_label": "2023-12 (Q4)",
      "revenue": 12698000000,
      "gross_profit": 1139000000,
      "operating_income": 425000000,
      "net_income": 312000000,
      "opex": 12273000000,
      "cogs": 11559000000,
      "rd": null,
      "sga": null,
      "fcf": 856000000,
      "ocf": 1011000000,
      "capex": -155000000,
      "gross_margin": 0.08969916522286975,
      "op_margin": 0.03346983776972751,
      "fcf_margin": 0.06741219089620412,
      "incr_op_margin_yoy": -1.8228346456692914,
      "rev_growth_yoy": -0.01961087090796788,
      "rev_growth_yoy_accel": 0.13838299069917498,
      "op_leverage_ratio": 1.4101959051149202,
      "fcf_margin_change": 0.07172003614514787
    },
    {
      "date": "2024-03-31T00:00:00",
      "quarter_label": "2024-03 (Q1)",
      "revenue": 11995000000,
      "gross_profit": 1078000000,
      "operating_income": 370000000,
      "net_income": 266000000,
      "opex": 11625000000,
      "cogs": 10917000000,
      "rd": null,
      "sga": null,
      "fcf": 262000000,
      "ocf": 419000000,
      "capex": -157000000,
      "gross_margin": 0.08987077949145478,
      "op_margin": 0.030846185910796166,
      "fcf_margin": 0.02184243434764485,
      "incr_op_margin_yoy": 0.2976878612716763,
      "rev_growth_yoy": -0.02803662588120898,
      "rev_growth_yoy_accel": -0.0084257549732411,
      "fcf_margin_change": -0.04556975654855927
    },
    {
      "date": "2024-06-30T00:00:00",
      "quarter_label": "2024-06 (Q2)",
      "revenue": 12933000000,
      "gross_profit": 1075000000,
      "operating_income": 374000000,
      "net_income": 250000000,
      "opex": 12559000000,
      "cogs": 11858000000,
      "rd": null,
      "sga": null,
      "fcf": 577000000,
      "ocf": 653000000,
      "capex": -76000000,
      "gross_margin": 0.0831206989870873,
      "op_margin": 0.02891827108946107,
      "fcf_margin": 0.04461455192144127,
      "incr_op_margin_yoy": -0.003005259203606311,
      "rev_growth_yoy": 0.11472159972418548,
      "rev_growth_yoy_accel": 0.14275822560539447,
      "op_leverage_ratio": 0.9733043657555388,
      "fcf_margin_change": 0.02277211757379642
    },
    {
      "date": "2024-09-30T00:00:00",
      "quarter_label": "2024-09 (Q3)",
      "revenue": 12743000000,
      "gross_profit": 1186000000,
      "operating_income": 347000000,
      "net_income": 220000000,
      "opex": 12396000000,
      "cogs": 11557000000,
      "rd": null,
      "sga": null,
      "fcf": 582000000,
      "ocf": 691000000,
      "capex": -109000000,
      "gross_margin": 0.09307070548536452,
      "op_margin": 0.027230636427842736,
      "fcf_margin": 0.04567213372047398,
      "incr_op_margin_yoy": 0.16815476190476192,
      "rev_growth_yoy": 0.055670615524811534,
      "rev_growth_yoy_accel": -0.05905098419937395,
      "fcf_margin_change": 0.00105758179903271
    },
    {
      "date": "2024-12-31T00:00:00",
      "quarter_label": "2024-12 (Q4)",
      "revenue": 12402000000,
      "gross_profit": 1175000000,
      "operating_income": 88000000,
      "net_income": 36000000,
      "opex": 12314000000,
      "cogs": 11227000000,
      "rd": null,
      "sga": null,
      "fcf": 450000000,
      "ocf": 727000000,
      "capex": -277000000,
      "gross_margin": 0.0947427834220287,
      "op_margin": 0.007095629737139171,
      "fcf_margin": 0.036284470246734396,
      "incr_op_margin_yoy": 1.1385135135135136,
      "rev_growth_yoy": -0.02331075759962199,
      "rev_growth_yoy_accel": -0.07898137312443353,
      "fcf_margin_change": -0.009387663473739587
    },
    {
      "date": "2025-03-31T00:00:00",
      "quarter_label": "2025-03 (Q1)",
      "revenue": 12011000000,
      "gross_profit": 1250000000,
      "operating_income": 533000000,
      "net_income": 443000000,
      "opex": 11478000000,
      "cogs": 10761000000,
      "rd": null,
      "sga": null,
      "fcf": 448000000,
      "ocf": 639000000,
      "capex": -191000000,
      "gross_margin": 0.10407126800432936,
      "op_margin": 0.04437598867704604,
      "fcf_margin": 0.03729914245275164,
      "incr_op_margin_yoy": 10.1875,
      "rev_growth_yoy": 0.001333889120466861,
      "rev_growth_yoy_accel": 0.02464464672008885,
      "fcf_margin_change": 0.0010146722060172461
    },
    {
      "date": "2025-06-30T00:00:00",
      "quarter_label": "2025-06 (Q2)",
      "revenue": 10642000000,
      "gross_profit": 884000000,
      "operating_income": 239000000,
      "net_income": 210000000,
      "opex": 10403000000,
      "cogs": 9758000000,
      "rd": null,
      "sga": null,
      "fcf": 575000000,
      "ocf": 694000000,
      "capex": -119000000,
      "gross_margin": 0.08306709265175719,
      "op_margin": 0.02245818455177598,
      "fcf_margin": 0.0540311971433941,
      "incr_op_margin_yoy": 0.05892623308598865,
      "rev_growth_yoy": -0.17714374081806233,
      "rev_growth_yoy_accel": -0.1784776299385292,
      "fcf_margin_change": 0.016732054690642456
    },
    {
      "date": "2025-09-30T00:00:00",
      "quarter_label": "2025-09 (Q3)",
      "revenue": 11578000000,
      "gross_profit": 993000000,
      "operating_income": 484000000,
      "net_income": 441000000,
      "opex": 11094000000,
      "cogs": 10585000000,
      "rd": null,
      "sga": null,
      "fcf": 632000000,
      "ocf": 817000000,
      "capex": -185000000,
      "gross_margin": 0.08576610813612023,
      "op_margin": 0.041803420279841075,
      "fcf_margin": 0.05458628433235446,
      "incr_op_margin_yoy": -0.11759656652360514,
      "rev_growth_yoy": -0.09142274189751236,
      "rev_growth_yoy_accel": 0.08572099892054998,
      "op_leverage_ratio": 1.3241376834436145,
      "fcf_margin_change": 0.000555087188960364
    }
  ],
  "signals": [
    {
      "quarter": "2025-09 (Q3)",
      "signal": "YoY REVENUE GROWTH ACCELERATION",
      "detail": "YoY growth: -9.1% vs prior quarter YoY: -17.7% (accel: +8.6%)",
      "severity": "MEDIUM"
    },
    {
      "quarter": "2025-06 (Q2)",
      "signal": "YoY REVENUE GROWTH DECELERATION",
      "detail": "YoY growth: -17.7% vs prior quarter YoY: +0.1% (decel: -17.8%)",
      "severity": "WARNING"
    },
    {
      "quarter": "2025-03 (Q1)",
      "signal": "INCREMENTAL MARGIN (YoY)",
      "detail": "YoY Incr OPM: +1018.8% vs year-ago OPM: +3.1%",
      "severity": "HIGH"
    },
    {
      "quarter": "2024-12 (Q4)",
      "signal": "YoY REVENUE GROWTH DECELERATION",
      "detail": "YoY growth: -2.3% vs prior quarter YoY: +5.6% (decel: -7.9%)",
      "severity": "WARNING"
    },
    {
      "quarter": "2024-12 (Q4)",
      "signal": "INCREMENTAL MARGIN (YoY)",
      "detail": "YoY Incr OPM: +113.9% vs year-ago OPM: +3.3%",
      "severity": "HIGH"
    },
    {
      "quarter": "2024-09 (Q3)",
      "signal": "YoY REVENUE GROWTH DECELERATION",
      "detail": "YoY growth: +5.6% vs prior quarter YoY: +11.5% (decel: -5.9%)",
      "severity": "WARNING"
    },
    {
      "quarter": "2024-09 (Q3)",
      "signal": "INCREMENTAL MARGIN (YoY)",
      "detail": "YoY Incr OPM: +16.8% vs year-ago OPM: +1.9%",
      "severity": "MEDIUM"
    },
    {
      "quarter": "2024-06 (Q2)",
      "signal": "YoY REVENUE GROWTH ACCELERATION",
      "detail": "YoY growth: +11.5% vs prior quarter YoY: -2.8% (accel: +14.3%)",
      "severity": "MEDIUM"
    },
    {
      "quarter": "2024-03 (Q1)",
      "signal": "INCREMENTAL MARGIN (YoY)",
      "detail": "YoY Incr OPM: +29.8% vs year-ago OPM: +3.8%",
      "severity": "HIGH"
    },
    {
      "quarter": "2023-12 (Q4)",
      "signal": "FCF TURNED POSITIVE",
      "detail": "FCF margin: -0.4% -> +6.7%",
      "severity": "HIGH"
    },
    {
      "quarter": "2023-12 (Q4)",
      "signal": "YoY REVENUE GROWTH ACCELERATION",
      "detail": "YoY growth: -2.0% vs prior quarter YoY: -15.8% (accel: +13.8%)",
      "severity": "MEDIUM"
    },
    {
      "quarter": "2023-12 (Q4)",
      "signal": "OP MARGIN TURNED POSITIVE (YoY)",
      "detail": "Op margin: -0.3% (year-ago) -> +3.3%",
      "severity": "HIGH"
    },
    {
      "quarter": "2023-09 (Q3)",
      "signal": "YoY REVENUE GROWTH ACCELERATION",
      "detail": "YoY growth: -15.8% vs prior quarter YoY: -29.1% (accel: +13.3%)",
      "severity": "MEDIUM"
    },
    {
      "quarter": "2023-09 (Q3)",
      "signal": "INCREMENTAL MARGIN (YoY)",
      "detail": "YoY Incr OPM: +17.3% vs year-ago OPM: +4.4%",
      "severity": "MEDIUM"
    },
    {
      "quarter": "2023-06 (Q2)",
      "signal": "YoY REVENUE GROWTH DECELERATION",
      "detail": "YoY growth: -29.1% vs prior quarter YoY: -9.9% (decel: -19.2%)",
      "severity": "WARNING"
    },
    {
      "quarter": "2023-03 (Q1)",
      "signal": "YoY REVENUE GROWTH DECELERATION",
      "detail": "YoY growth: -9.9% vs prior quarter YoY: -0.3% (decel: -9.6%)",
      "severity": "WARNING"
    },
    {
      "quarter": "2023-03 (Q1)",
      "signal": "OP MARGIN TURNED POSITIVE (QoQ)",
      "detail": "Op margin: -0.3% -> +3.8%",
      "severity": "HIGH"
    },
    {
      "quarter": "2022-12 (Q4)",
      "signal": "YoY REVENUE GROWTH DECELERATION",
      "detail": "YoY growth: -0.3% vs prior quarter YoY: +33.0% (decel: -33.3%)",
      "severity": "WARNING"
    },
    {
      "quarter": "2022-09 (Q3)",
      "signal": "GROSS MARGIN INFLECTION",
      "detail": "GM: +6.6% -> +6.3% -> +8.8% (reversal +2.5%)",
      "severity": "MEDIUM"
    },
    {
      "quarter": "2022-09 (Q3)",
      "signal": "YoY REVENUE GROWTH DECELERATION",
      "detail": "YoY growth: +33.0% vs prior quarter YoY: +64.7% (decel: -31.7%)",
      "severity": "WARNING"
    },
    {
      "quarter": "2022-09 (Q3)",
      "signal": "OP MARGIN TURNED POSITIVE (YoY)",
      "detail": "Op margin: -0.4% (year-ago) -> +4.4%",
      "severity": "HIGH"
    },
    {
      "quarter": "2022-06 (Q2)",
      "signal": "OP MARGIN TURNED POSITIVE (YoY)",
      "detail": "Op margin: -2.4% (year-ago) -> +2.5%",
      "severity": "HIGH"
    },
    {
      "quarter": "2022-03 (Q1)",
      "signal": "YoY REVENUE GROWTH DECELERATION",
      "detail": "YoY growth: +63.4% vs prior quarter YoY: +117.8% (decel: -54.5%)",
      "severity": "WARNING"
    },
    {
      "quarter": "2021-12 (Q4)",
      "signal": "GROSS MARGIN INFLECTION",
      "detail": "GM: +6.6% -> +6.5% -> +9.5% (reversal +2.9%)",
      "severity": "MEDIUM"
    },
    {
      "quarter": "2021-12 (Q4)",
      "signal": "OP MARGIN TURNED POSITIVE (YoY)",
      "detail": "Op margin: -1.1% (year-ago) -> +4.6%",
      "severity": "HIGH"
    },
    {
      "quarter": "2021-12 (Q4)",
      "signal": "OP MARGIN TURNED POSITIVE (QoQ)",
      "detail": "Op margin: -0.4% -> +4.6%",
      "severity": "HIGH"
    },
    {
      "quarter": "2021-03 (Q1)",
      "signal": "FCF MARGIN EXPANSION",
      "detail": "FCF margin: +2.1% -> +8.3% (+6.2%)",
      "severity": "MEDIUM"
    },
    {
      "quarter": "2021-03 (Q1)",
      "signal": "OP MARGIN TURNED POSITIVE (QoQ)",
      "detail": "Op margin: -1.1% -> +6.3%",
      "severity": "HIGH"
    }
  ],
  "data_quality": {
    "n_quarters": 20,
    "coverage": {
      "revenue": [
        20,
        20
      ],
      "gross_profit": [
        20,
        20
      ],
      "op_income": [
        20,
        20
      ],
      "fcf": [
        20,
        20
      ]
    },
    "gaps": [],
    "warnings": []
  },
  "market_cap": null,
  "source": "SEC EDGAR",
  "last_updated": "2026-02-03T01:09:53.498861"
}