{
  "ticker": "PACB",
  "name": "Pacific Biosciences of California, Inc.",
  "quarters": [
    {
      "date": "2020-12-31T00:00:00",
      "quarter_label": "2020-12 (Q4)",
      "revenue": 27136000,
      "gross_profit": 11401000,
      "operating_income": -23977000,
      "net_income": 74935000,
      "opex": 35378000,
      "cogs": 15735000,
      "rd": 17425000,
      "sga": 17953000,
      "fcf": -14330000,
      "ocf": -14263000,
      "capex": -67000,
      "gross_margin": 0.42014298349056606,
      "op_margin": -0.8835863797169812,
      "fcf_margin": -0.5280807783018868
    },
    {
      "date": "2021-03-31T00:00:00",
      "quarter_label": "2021-03 (Q1)",
      "revenue": 28997000,
      "gross_profit": 12977000,
      "operating_income": -33710000,
      "net_income": -87435000,
      "opex": 46687000,
      "cogs": 16020000,
      "rd": 20548000,
      "sga": 26139000,
      "fcf": -23505000,
      "ocf": -23104000,
      "capex": -401000,
      "gross_margin": 0.44752905472979965,
      "op_margin": -1.1625340552470946,
      "fcf_margin": -0.8106010966651722,
      "op_leverage_ratio": 0.21454066185597714,
      "fcf_margin_change": -0.2825203183632854
    },
    {
      "date": "2021-06-30T00:00:00",
      "quarter_label": "2021-06 (Q2)",
      "revenue": 30610000,
      "gross_profit": 13753000,
      "operating_income": -37573000,
      "net_income": -41001000,
      "opex": 51326000,
      "cogs": 16857000,
      "rd": 22266000,
      "sga": 29060000,
      "fcf": -17281000,
      "ocf": -15712000,
      "capex": -1569000,
      "gross_margin": 0.44929761515844496,
      "op_margin": -1.2274746814766415,
      "fcf_margin": -0.5645540672982685,
      "op_leverage_ratio": 0.5598257806408128,
      "fcf_margin_change": 0.2460470293669037
    },
    {
      "date": "2021-09-30T00:00:00",
      "quarter_label": "2021-09 (Q3)",
      "revenue": 34887000,
      "gross_profit": 15364000,
      "operating_income": -74476000,
      "net_income": 16542000,
      "opex": 89840000,
      "cogs": 19523000,
      "rd": 27508000,
      "sga": 31606000,
      "fcf": -41775000,
      "ocf": -40656000,
      "capex": -1119000,
      "gross_margin": 0.4403932696993149,
      "op_margin": -2.1347779975348984,
      "fcf_margin": -1.1974374408805573,
      "op_leverage_ratio": 0.18620644733624828,
      "fcf_margin_change": -0.6328833735822887
    },
    {
      "date": "2021-12-31T00:00:00",
      "quarter_label": "2021-12 (Q4)",
      "revenue": 36019000,
      "gross_profit": 16766000,
      "operating_income": -64676000,
      "net_income": -69329000,
      "opex": 81442000,
      "cogs": 19253000,
      "rd": 42576000,
      "sga": 37320000,
      "fcf": -34550000,
      "ocf": -31708000,
      "capex": -2842000,
      "gross_margin": 0.46547655404092286,
      "op_margin": -1.795607873622255,
      "fcf_margin": -0.95921596934951,
      "incr_op_margin_yoy": -4.581672858268603,
      "rev_growth_yoy": 0.3273511202830189,
      "op_leverage_ratio": Infinity,
      "fcf_margin_change": 0.23822147153104722
    },
    {
      "date": "2022-03-31T00:00:00",
      "quarter_label": "2022-03 (Q1)",
      "revenue": 33173000,
      "gross_profit": 14155000,
      "operating_income": -77523000,
      "net_income": -81499000,
      "opex": 91678000,
      "cogs": 19018000,
      "rd": 52937000,
      "sga": 39804000,
      "fcf": -82667000,
      "ocf": -79029000,
      "capex": -3638000,
      "gross_margin": 0.42670243873029273,
      "op_margin": -2.3369306363608957,
      "fcf_margin": -2.4919965031802973,
      "incr_op_margin_yoy": -10.49161877394636,
      "rev_growth_yoy": 0.14401489809290616,
      "rev_growth_yoy_accel": -0.18333622219011272,
      "fcf_margin_change": -1.5327805338307874
    },
    {
      "date": "2022-06-30T00:00:00",
      "quarter_label": "2022-06 (Q2)",
      "revenue": 35467000,
      "gross_profit": 16193000,
      "operating_income": -67969000,
      "net_income": -71394000,
      "opex": 84162000,
      "cogs": 19274000,
      "rd": 50348000,
      "sga": 39252000,
      "fcf": -64582000,
      "ocf": -60563000,
      "capex": -4019000,
      "gross_margin": 0.456565257845321,
      "op_margin": -1.9164011616432177,
      "fcf_margin": -1.820903938872755,
      "incr_op_margin_yoy": -6.2581840642371835,
      "rev_growth_yoy": 0.1586736360666449,
      "rev_growth_yoy_accel": 0.014658737973738734,
      "op_leverage_ratio": Infinity,
      "fcf_margin_change": 0.6710925643075423
    },
    {
      "date": "2022-09-30T00:00:00",
      "quarter_label": "2022-09 (Q3)",
      "revenue": 32311000,
      "gross_profit": 13547000,
      "operating_income": -74620000,
      "net_income": -76971000,
      "opex": 88167000,
      "cogs": 18764000,
      "rd": 47092000,
      "sga": 36795000,
      "fcf": -67242000,
      "ocf": -63053000,
      "capex": -4189000,
      "gross_margin": 0.41926897960446907,
      "op_margin": -2.309430225000774,
      "fcf_margin": -2.08108693633747,
      "incr_op_margin_yoy": 0.055900621118012424,
      "rev_growth_yoy": -0.07383839252443604,
      "rev_growth_yoy_accel": -0.23251202859108094,
      "fcf_margin_change": -0.2601829974647152
    },
    {
      "date": "2022-12-31T00:00:00",
      "quarter_label": "2022-12 (Q4)",
      "revenue": 27353000,
      "gross_profit": 5140000,
      "operating_income": -87084000,
      "net_income": -84384000,
      "opex": 92224000,
      "cogs": 22213000,
      "rd": 42623000,
      "sga": 45003000,
      "fcf": -65470000,
      "ocf": -60566000,
      "capex": -4904000,
      "gross_margin": 0.18791357437940995,
      "op_margin": -3.1837092823456294,
      "fcf_margin": -2.3935217343618618,
      "incr_op_margin_yoy": 2.585737364412647,
      "rev_growth_yoy": -0.24059524140037203,
      "rev_growth_yoy_accel": -0.166756848875936,
      "fcf_margin_change": -0.31243479802439156
    },
    {
      "date": "2023-03-31T00:00:00",
      "quarter_label": "2023-03 (Q1)",
      "revenue": 38900000,
      "gross_profit": 9761000,
      "operating_income": -91252000,
      "net_income": -88015000,
      "opex": 101013000,
      "cogs": 29139000,
      "rd": 48939000,
      "sga": 39818000,
      "fcf": -98412000,
      "ocf": -94691000,
      "capex": -3721000,
      "gross_margin": 0.2509254498714653,
      "op_margin": -2.3458097686375323,
      "fcf_margin": -2.52987146529563,
      "incr_op_margin_yoy": -2.397241138466911,
      "rev_growth_yoy": 0.17264040032556596,
      "rev_growth_yoy_accel": 0.41323564172593796,
      "op_leverage_ratio": 4.429642635863469,
      "fcf_margin_change": -0.13634973093376823
    },
    {
      "date": "2023-06-30T00:00:00",
      "quarter_label": "2023-06 (Q2)",
      "revenue": 47573000,
      "gross_profit": 15546000,
      "operating_income": -73175000,
      "net_income": -69833000,
      "opex": 88721000,
      "cogs": 32027000,
      "rd": 46173000,
      "sga": 40573000,
      "fcf": -44009000,
      "ocf": -41741000,
      "capex": -2268000,
      "gross_margin": 0.3267819981922519,
      "op_margin": -1.5381624030437433,
      "fcf_margin": -0.9250835557984571,
      "incr_op_margin_yoy": -0.4300346935403932,
      "rev_growth_yoy": 0.34133137846448813,
      "rev_growth_yoy_accel": 0.16869097813892217,
      "op_leverage_ratio": Infinity,
      "fcf_margin_change": 1.6047879094971729
    },
    {
      "date": "2023-09-30T00:00:00",
      "quarter_label": "2023-09 (Q3)",
      "revenue": 55691000,
      "gross_profit": 17902000,
      "operating_income": -82492000,
      "net_income": -66869000,
      "opex": 100394000,
      "cogs": 37789000,
      "rd": 47514000,
      "sga": 43431000,
      "fcf": -66011000,
      "ocf": -65181000,
      "capex": -830000,
      "gross_margin": 0.32145229929432045,
      "op_margin": -1.4812447253595733,
      "fcf_margin": -1.1853082185631432,
      "incr_op_margin_yoy": -0.3366980325064157,
      "rev_growth_yoy": 0.7235925845687228,
      "rev_growth_yoy_accel": 0.38226120610423464,
      "op_leverage_ratio": 1.296977524992188,
      "fcf_margin_change": -0.26022466276468603
    },
    {
      "date": "2023-12-31T00:00:00",
      "quarter_label": "2023-12 (Q4)",
      "revenue": 58357000,
      "gross_profit": 9571000,
      "operating_income": -87548000,
      "net_income": -82018000,
      "opex": 97119000,
      "cogs": 48786000,
      "rd": 44544000,
      "sga": 45996000,
      "fcf": -59584000,
      "ocf": -57560000,
      "capex": -2024000,
      "gross_margin": 0.16400774542899738,
      "op_margin": -1.5002141988107682,
      "fcf_margin": -1.0210257552650068,
      "incr_op_margin_yoy": -0.014965810863114437,
      "rev_growth_yoy": 1.1334771323072423,
      "rev_growth_yoy_accel": 0.40988454773851957,
      "op_leverage_ratio": Infinity,
      "fcf_margin_change": 0.16428246329813634
    },
    {
      "date": "2024-03-31T00:00:00",
      "quarter_label": "2024-03 (Q1)",
      "revenue": 38810000,
      "gross_profit": 11282000,
      "operating_income": -81362000,
      "net_income": -78178000,
      "opex": 92644000,
      "cogs": 27528000,
      "rd": 43455000,
      "sga": 43753000,
      "fcf": -79561000,
      "ocf": -75682000,
      "capex": -3879000,
      "gross_margin": 0.29069827364081424,
      "op_margin": -2.096418448853388,
      "fcf_margin": -2.050012883277506,
      "rev_growth_yoy": -0.002313624678663239,
      "rev_growth_yoy_accel": -1.1357907569859056,
      "fcf_margin_change": -1.0289871280124991
    },
    {
      "date": "2024-06-30T00:00:00",
      "quarter_label": "2024-06 (Q2)",
      "revenue": 36013000,
      "gross_profit": 5938000,
      "operating_income": -175846000,
      "net_income": -173319000,
      "opex": 181784000,
      "cogs": 30075000,
      "rd": 38485000,
      "sga": 45877000,
      "fcf": -55742000,
      "ocf": -54263000,
      "capex": -1479000,
      "gross_margin": 0.16488490267403438,
      "op_margin": -4.882847860494821,
      "fcf_margin": -1.5478299502957265,
      "incr_op_margin_yoy": 8.881574394463668,
      "rev_growth_yoy": -0.24299497614192925,
      "rev_growth_yoy_accel": -0.240681351463266,
      "fcf_margin_change": 0.5021829329817795
    },
    {
      "date": "2024-09-30T00:00:00",
      "quarter_label": "2024-09 (Q3)",
      "revenue": 39967000,
      "gross_profit": 10004000,
      "operating_income": -64077000,
      "net_income": -60725000,
      "opex": 74081000,
      "cogs": 29963000,
      "rd": 25516000,
      "sga": 43746000,
      "fcf": -44676000,
      "ocf": -45463000,
      "capex": 787000,
      "gross_margin": 0.2503065028648635,
      "op_margin": -1.6032476793354518,
      "fcf_margin": -1.1178222033177372,
      "incr_op_margin_yoy": -1.1711396591198169,
      "rev_growth_yoy": -0.2823436461905873,
      "rev_growth_yoy_accel": -0.03934867004865808,
      "op_leverage_ratio": Infinity,
      "fcf_margin_change": 0.43000774697798927
    },
    {
      "date": "2024-12-31T00:00:00",
      "quarter_label": "2024-12 (Q4)",
      "revenue": 39224000,
      "gross_profit": 10058000,
      "operating_income": -153028000,
      "net_income": 2371000,
      "opex": 163086000,
      "cogs": 29166000,
      "rd": 27466000,
      "sga": 41641000,
      "fcf": -32267000,
      "ocf": -30650000,
      "capex": -1617000,
      "gross_margin": 0.2564246379767489,
      "op_margin": -3.901386905975933,
      "fcf_margin": -0.822634101570467,
      "incr_op_margin_yoy": 3.4223592745518214,
      "rev_growth_yoy": -0.3278612677142417,
      "rev_growth_yoy_accel": -0.04551762152365435,
      "fcf_margin_change": 0.29518810174727017
    },
    {
      "date": "2025-03-31T00:00:00",
      "quarter_label": "2025-03 (Q1)",
      "revenue": 37153000,
      "gross_profit": -1371000,
      "operating_income": -428934000,
      "net_income": -426075000,
      "opex": 427563000,
      "cogs": 38524000,
      "rd": 29053000,
      "sga": 40168000,
      "fcf": -45445000,
      "ocf": -44056000,
      "capex": -1389000,
      "gross_margin": -0.036901461523968455,
      "op_margin": -11.545070384625737,
      "fcf_margin": -1.2231852071165181,
      "incr_op_margin_yoy": 209.75980687990344,
      "rev_growth_yoy": -0.04269518165421283,
      "rev_growth_yoy_accel": 0.28516608606002886,
      "fcf_margin_change": -0.4005511055460511
    },
    {
      "date": "2025-06-30T00:00:00",
      "quarter_label": "2025-06 (Q2)",
      "revenue": 39766000,
      "gross_profit": 14684000,
      "operating_income": -44853000,
      "net_income": -41930000,
      "opex": 59537000,
      "cogs": 25082000,
      "rd": 22529000,
      "sga": 36175000,
      "fcf": -29927000,
      "ocf": -29377000,
      "capex": -550000,
      "gross_margin": 0.3692601720062365,
      "op_margin": -1.1279233516069003,
      "fcf_margin": -0.7525775788361917,
      "incr_op_margin_yoy": 34.90354383160138,
      "rev_growth_yoy": 0.10421236775608808,
      "rev_growth_yoy_accel": 0.1469075494103009,
      "op_leverage_ratio": Infinity,
      "fcf_margin_change": 0.47060762828032643
    },
    {
      "date": "2025-09-30T00:00:00",
      "quarter_label": "2025-09 (Q3)",
      "revenue": 38441000,
      "gross_profit": 15901000,
      "operating_income": -38877000,
      "net_income": -38000000,
      "opex": 54778000,
      "cogs": 22540000,
      "rd": 22846000,
      "sga": 31099000,
      "fcf": -18621000,
      "ocf": -18707000,
      "capex": 86000,
      "gross_margin": 0.41364688743789185,
      "op_margin": -1.0113420566582556,
      "fcf_margin": -0.4844046720948987,
      "incr_op_margin_yoy": -16.513761467889907,
      "rev_growth_yoy": -0.038181499737283256,
      "rev_growth_yoy_accel": -0.14239386749337135,
      "fcf_margin_change": 0.268172906741293
    }
  ],
  "signals": [
    {
      "quarter": "2025-09 (Q3)",
      "signal": "FCF MARGIN EXPANSION",
      "detail": "FCF margin: -75.3% -> -48.4% (+26.8%)",
      "severity": "MEDIUM"
    },
    {
      "quarter": "2025-09 (Q3)",
      "signal": "YoY REVENUE GROWTH DECELERATION",
      "detail": "YoY growth: -3.8% vs prior quarter YoY: +10.4% (decel: -14.2%)",
      "severity": "WARNING"
    },
    {
      "quarter": "2025-06 (Q2)",
      "signal": "FCF MARGIN EXPANSION",
      "detail": "FCF margin: -122.3% -> -75.3% (+47.1%)",
      "severity": "MEDIUM"
    },
    {
      "quarter": "2025-06 (Q2)",
      "signal": "GROSS MARGIN INFLECTION",
      "detail": "GM: +25.6% -> -3.7% -> +36.9% (reversal +40.6%)",
      "severity": "HIGH"
    },
    {
      "quarter": "2025-06 (Q2)",
      "signal": "YoY REVENUE GROWTH ACCELERATION",
      "detail": "YoY growth: +10.4% vs prior quarter YoY: -4.3% (accel: +14.7%)",
      "severity": "MEDIUM"
    },
    {
      "quarter": "2025-03 (Q1)",
      "signal": "YoY REVENUE GROWTH ACCELERATION",
      "detail": "YoY growth: -4.3% vs prior quarter YoY: -32.8% (accel: +28.5%)",
      "severity": "HIGH"
    },
    {
      "quarter": "2024-12 (Q4)",
      "signal": "FCF MARGIN EXPANSION",
      "detail": "FCF margin: -111.8% -> -82.3% (+29.5%)",
      "severity": "MEDIUM"
    },
    {
      "quarter": "2024-09 (Q3)",
      "signal": "FCF MARGIN EXPANSION",
      "detail": "FCF margin: -154.8% -> -111.8% (+43.0%)",
      "severity": "MEDIUM"
    },
    {
      "quarter": "2024-09 (Q3)",
      "signal": "GROSS MARGIN INFLECTION",
      "detail": "GM: +29.1% -> +16.5% -> +25.0% (reversal +8.5%)",
      "severity": "HIGH"
    },
    {
      "quarter": "2024-06 (Q2)",
      "signal": "FCF MARGIN EXPANSION",
      "detail": "FCF margin: -205.0% -> -154.8% (+50.2%)",
      "severity": "MEDIUM"
    },
    {
      "quarter": "2024-06 (Q2)",
      "signal": "YoY REVENUE GROWTH DECELERATION",
      "detail": "YoY growth: -24.3% vs prior quarter YoY: -0.2% (decel: -24.1%)",
      "severity": "WARNING"
    },
    {
      "quarter": "2024-03 (Q1)",
      "signal": "GROSS MARGIN INFLECTION",
      "detail": "GM: +32.1% -> +16.4% -> +29.1% (reversal +12.7%)",
      "severity": "HIGH"
    },
    {
      "quarter": "2024-03 (Q1)",
      "signal": "YoY REVENUE GROWTH DECELERATION",
      "detail": "YoY growth: -0.2% vs prior quarter YoY: +113.3% (decel: -113.6%)",
      "severity": "WARNING"
    },
    {
      "quarter": "2023-12 (Q4)",
      "signal": "FCF MARGIN EXPANSION",
      "detail": "FCF margin: -118.5% -> -102.1% (+16.4%)",
      "severity": "MEDIUM"
    },
    {
      "quarter": "2023-12 (Q4)",
      "signal": "YoY REVENUE GROWTH ACCELERATION",
      "detail": "YoY growth: +113.3% vs prior quarter YoY: +72.4% (accel: +41.0%)",
      "severity": "HIGH"
    },
    {
      "quarter": "2023-09 (Q3)",
      "signal": "YoY REVENUE GROWTH ACCELERATION",
      "detail": "YoY growth: +72.4% vs prior quarter YoY: +34.1% (accel: +38.2%)",
      "severity": "HIGH"
    },
    {
      "quarter": "2023-06 (Q2)",
      "signal": "FCF MARGIN EXPANSION",
      "detail": "FCF margin: -253.0% -> -92.5% (+160.5%)",
      "severity": "MEDIUM"
    },
    {
      "quarter": "2023-06 (Q2)",
      "signal": "YoY REVENUE GROWTH ACCELERATION",
      "detail": "YoY growth: +34.1% vs prior quarter YoY: +17.3% (accel: +16.9%)",
      "severity": "HIGH"
    },
    {
      "quarter": "2023-03 (Q1)",
      "signal": "OPERATING LEVERAGE",
      "detail": "Rev growth +42.2% vs OpEx growth +9.5% (leverage: 4.4x)",
      "severity": "MEDIUM"
    },
    {
      "quarter": "2023-03 (Q1)",
      "signal": "GROSS MARGIN INFLECTION",
      "detail": "GM: +41.9% -> +18.8% -> +25.1% (reversal +6.3%)",
      "severity": "HIGH"
    },
    {
      "quarter": "2023-03 (Q1)",
      "signal": "YoY REVENUE GROWTH ACCELERATION",
      "detail": "YoY growth: +17.3% vs prior quarter YoY: -24.1% (accel: +41.3%)",
      "severity": "HIGH"
    },
    {
      "quarter": "2022-12 (Q4)",
      "signal": "YoY REVENUE GROWTH DECELERATION",
      "detail": "YoY growth: -24.1% vs prior quarter YoY: -7.4% (decel: -16.7%)",
      "severity": "WARNING"
    },
    {
      "quarter": "2022-09 (Q3)",
      "signal": "YoY REVENUE GROWTH DECELERATION",
      "detail": "YoY growth: -7.4% vs prior quarter YoY: +15.9% (decel: -23.3%)",
      "severity": "WARNING"
    },
    {
      "quarter": "2022-06 (Q2)",
      "signal": "FCF MARGIN EXPANSION",
      "detail": "FCF margin: -249.2% -> -182.1% (+67.1%)",
      "severity": "MEDIUM"
    },
    {
      "quarter": "2022-06 (Q2)",
      "signal": "GROSS MARGIN INFLECTION",
      "detail": "GM: +46.5% -> +42.7% -> +45.7% (reversal +3.0%)",
      "severity": "MEDIUM"
    },
    {
      "quarter": "2022-03 (Q1)",
      "signal": "YoY REVENUE GROWTH DECELERATION",
      "detail": "YoY growth: +14.4% vs prior quarter YoY: +32.7% (decel: -18.3%)",
      "severity": "WARNING"
    },
    {
      "quarter": "2021-12 (Q4)",
      "signal": "FCF MARGIN EXPANSION",
      "detail": "FCF margin: -119.7% -> -95.9% (+23.8%)",
      "severity": "MEDIUM"
    },
    {
      "quarter": "2021-12 (Q4)",
      "signal": "GROSS MARGIN INFLECTION",
      "detail": "GM: +44.9% -> +44.0% -> +46.5% (reversal +2.5%)",
      "severity": "MEDIUM"
    },
    {
      "quarter": "2021-06 (Q2)",
      "signal": "FCF MARGIN EXPANSION",
      "detail": "FCF margin: -81.1% -> -56.5% (+24.6%)",
      "severity": "MEDIUM"
    }
  ],
  "data_quality": {
    "n_quarters": 20,
    "coverage": {
      "revenue": [
        20,
        20
      ],
      "gross_profit": [
        20,
        20
      ],
      "op_income": [
        20,
        20
      ],
      "fcf": [
        20,
        20
      ]
    },
    "gaps": [],
    "warnings": []
  },
  "market_cap": null,
  "source": "SEC EDGAR",
  "last_updated": "2026-02-02T22:10:18.222856"
}