{
  "ticker": "PACK",
  "name": "RANPAK HOLDINGS CORP.",
  "quarters": [
    {
      "date": "2020-12-31T00:00:00",
      "quarter_label": "2020-12 (Q4)",
      "revenue": 91900000,
      "gross_profit": 38600000,
      "operating_income": 11600000,
      "net_income": -5200000,
      "opex": 27000000,
      "cogs": 53300000,
      "rd": null,
      "sga": 14400000,
      "fcf": 18700000,
      "ocf": 26000000,
      "capex": -7300000,
      "gross_margin": 0.4200217627856366,
      "op_margin": 0.12622415669205658,
      "fcf_margin": 0.20348204570184983
    },
    {
      "date": "2021-03-31T00:00:00",
      "quarter_label": "2021-03 (Q1)",
      "revenue": 87700000,
      "gross_profit": 36300000,
      "operating_income": 7700000,
      "net_income": 6300000,
      "opex": 28600000,
      "cogs": 51400000,
      "rd": null,
      "sga": 19100000,
      "fcf": 1600000,
      "ocf": 12500000,
      "capex": -10900000,
      "gross_margin": 0.41391106043329534,
      "op_margin": 0.08779931584948689,
      "fcf_margin": 0.018244013683010263,
      "fcf_margin_change": -0.18523803201883957
    },
    {
      "date": "2021-06-30T00:00:00",
      "quarter_label": "2021-06 (Q2)",
      "revenue": 90000000,
      "gross_profit": 35700000,
      "operating_income": 1100000,
      "net_income": -5200000,
      "opex": 34600000,
      "cogs": 54300000,
      "rd": null,
      "sga": 24600000,
      "fcf": 3000000,
      "ocf": 18300000,
      "capex": -15300000,
      "gross_margin": 0.39666666666666667,
      "op_margin": 0.012222222222222223,
      "fcf_margin": 0.03333333333333333,
      "op_leverage_ratio": 0.1250095020904599,
      "fcf_margin_change": 0.01508931965032307
    },
    {
      "date": "2021-09-30T00:00:00",
      "quarter_label": "2021-09 (Q3)",
      "revenue": 97100000,
      "gross_profit": 38000000,
      "operating_income": 2300000,
      "net_income": -1400000,
      "opex": 35700000,
      "cogs": 59100000,
      "rd": null,
      "sga": 27100000,
      "fcf": -4400000,
      "ocf": 10000000,
      "capex": -14400000,
      "gross_margin": 0.3913491246138002,
      "op_margin": 0.02368692070030896,
      "fcf_margin": -0.04531410916580844,
      "op_leverage_ratio": 2.4814141414141413,
      "fcf_margin_change": -0.07864744249914177
    },
    {
      "date": "2021-12-31T00:00:00",
      "quarter_label": "2021-12 (Q4)",
      "revenue": 109100000,
      "gross_profit": 38900000,
      "operating_income": 1100000,
      "net_income": -2500000,
      "opex": 37800000,
      "cogs": 70200000,
      "rd": null,
      "sga": 27500000,
      "fcf": -400000,
      "ocf": 13500000,
      "capex": -13900000,
      "gross_margin": 0.3565536205316224,
      "op_margin": 0.01008249312557287,
      "fcf_margin": -0.0036663611365719525,
      "incr_op_margin_yoy": -0.6104651162790697,
      "rev_growth_yoy": 0.18715995647442873,
      "op_leverage_ratio": 2.1009268795056646,
      "fcf_margin_change": 0.04164774802923649
    },
    {
      "date": "2022-03-31T00:00:00",
      "quarter_label": "2022-03 (Q1)",
      "revenue": 82500000,
      "gross_profit": 24600000,
      "operating_income": -13800000,
      "net_income": -14100000,
      "opex": 38400000,
      "cogs": 57900000,
      "rd": null,
      "sga": 29700000,
      "fcf": -19200000,
      "ocf": -9400000,
      "capex": -9800000,
      "gross_margin": 0.29818181818181816,
      "op_margin": -0.16727272727272727,
      "fcf_margin": -0.23272727272727273,
      "incr_op_margin_yoy": 4.134615384615385,
      "rev_growth_yoy": -0.059293044469783354,
      "rev_growth_yoy_accel": -0.24645300094421208,
      "fcf_margin_change": -0.22906091159070077
    },
    {
      "date": "2022-06-30T00:00:00",
      "quarter_label": "2022-06 (Q2)",
      "revenue": 86800000,
      "gross_profit": 28300000,
      "operating_income": 11400000,
      "net_income": -11300000,
      "opex": 16900000,
      "cogs": 58500000,
      "rd": null,
      "sga": 30300000,
      "fcf": -19900000,
      "ocf": -6900000,
      "capex": -13000000,
      "gross_margin": 0.326036866359447,
      "op_margin": 0.1313364055299539,
      "fcf_margin": -0.22926267281105991,
      "incr_op_margin_yoy": -3.21875,
      "rev_growth_yoy": -0.035555555555555556,
      "rev_growth_yoy_accel": 0.0237374889142278,
      "op_leverage_ratio": Infinity,
      "fcf_margin_change": 0.0034645999162128127
    },
    {
      "date": "2022-09-30T00:00:00",
      "quarter_label": "2022-09 (Q3)",
      "revenue": 77800000,
      "gross_profit": 24400000,
      "operating_income": -11700000,
      "net_income": -8700000,
      "opex": 36100000,
      "cogs": 53400000,
      "rd": null,
      "sga": 26800000,
      "fcf": -4400000,
      "ocf": 6800000,
      "capex": -11200000,
      "gross_margin": 0.31362467866323906,
      "op_margin": -0.15038560411311053,
      "fcf_margin": -0.056555269922879174,
      "incr_op_margin_yoy": 0.7253886010362695,
      "rev_growth_yoy": -0.19876416065911431,
      "rev_growth_yoy_accel": -0.16320860510355875,
      "fcf_margin_change": 0.17270740288818073
    },
    {
      "date": "2022-12-31T00:00:00",
      "quarter_label": "2022-12 (Q4)",
      "revenue": 79400000,
      "gross_profit": 22300000,
      "operating_income": -5600000,
      "net_income": -7300000,
      "opex": 27900000,
      "cogs": 57100000,
      "rd": null,
      "sga": 18700000,
      "fcf": -200000,
      "ocf": 10600000,
      "capex": -10800000,
      "gross_margin": 0.28085642317380355,
      "op_margin": -0.07052896725440806,
      "fcf_margin": -0.0025188916876574307,
      "incr_op_margin_yoy": 0.2255892255892256,
      "rev_growth_yoy": -0.27222731439046743,
      "rev_growth_yoy_accel": -0.07346315373135312,
      "op_leverage_ratio": Infinity,
      "fcf_margin_change": 0.05403637823522174
    },
    {
      "date": "2023-03-31T00:00:00",
      "quarter_label": "2023-03 (Q1)",
      "revenue": 81200000,
      "gross_profit": 27500000,
      "operating_income": -8900000,
      "net_income": -12400000,
      "opex": 36400000,
      "cogs": 53700000,
      "rd": null,
      "sga": 27200000,
      "fcf": -4300000,
      "ocf": 7500000,
      "capex": -11800000,
      "gross_margin": 0.33866995073891626,
      "op_margin": -0.10960591133004927,
      "fcf_margin": -0.05295566502463054,
      "incr_op_margin_yoy": -3.769230769230769,
      "rev_growth_yoy": -0.01575757575757576,
      "rev_growth_yoy_accel": 0.2564697386328917,
      "op_leverage_ratio": 0.07441102385538598,
      "fcf_margin_change": -0.050436773336973106
    },
    {
      "date": "2023-06-30T00:00:00",
      "quarter_label": "2023-06 (Q2)",
      "revenue": 81900000,
      "gross_profit": 30200000,
      "operating_income": 4400000,
      "net_income": -2100000,
      "opex": 25800000,
      "cogs": 51700000,
      "rd": null,
      "sga": 16300000,
      "fcf": -4300000,
      "ocf": 9100000,
      "capex": -13400000,
      "gross_margin": 0.36874236874236876,
      "op_margin": 0.05372405372405373,
      "fcf_margin": -0.052503052503052504,
      "incr_op_margin_yoy": 1.4285714285714286,
      "rev_growth_yoy": -0.056451612903225805,
      "rev_growth_yoy_accel": -0.04069403714565005,
      "fcf_margin_change": 0.0004526125215780358
    },
    {
      "date": "2023-09-30T00:00:00",
      "quarter_label": "2023-09 (Q3)",
      "revenue": 82800000,
      "gross_profit": 31500000,
      "operating_income": 1600000,
      "net_income": -3300000,
      "opex": 29900000,
      "cogs": 51300000,
      "rd": null,
      "sga": 20900000,
      "fcf": -3300000,
      "ocf": 6400000,
      "capex": -9700000,
      "gross_margin": 0.3804347826086957,
      "op_margin": 0.01932367149758454,
      "fcf_margin": -0.03985507246376811,
      "incr_op_margin_yoy": 2.66,
      "rev_growth_yoy": 0.06426735218508997,
      "rev_growth_yoy_accel": 0.12071896508831578,
      "op_leverage_ratio": 0.06915036183328867,
      "fcf_margin_change": 0.012647980039284391
    },
    {
      "date": "2023-12-31T00:00:00",
      "quarter_label": "2023-12 (Q4)",
      "revenue": 90400000,
      "gross_profit": 34100000,
      "operating_income": -4600000,
      "net_income": -9300000,
      "opex": 38700000,
      "cogs": 56300000,
      "rd": null,
      "sga": 27400000,
      "fcf": 9200000,
      "ocf": 29600000,
      "capex": -20400000,
      "gross_margin": 0.377212389380531,
      "op_margin": -0.05088495575221239,
      "fcf_margin": 0.10176991150442478,
      "incr_op_margin_yoy": 0.09090909090909091,
      "rev_growth_yoy": 0.1385390428211587,
      "rev_growth_yoy_accel": 0.07427169063606873,
      "op_leverage_ratio": 0.31186868686868685,
      "fcf_margin_change": 0.1416249839681929
    },
    {
      "date": "2024-03-31T00:00:00",
      "quarter_label": "2024-03 (Q1)",
      "revenue": 85300000,
      "gross_profit": 32300000,
      "operating_income": -4800000,
      "net_income": -8100000,
      "opex": 37100000,
      "cogs": 53000000,
      "rd": null,
      "sga": 27900000,
      "fcf": 5200000,
      "ocf": 5200000,
      "capex": null,
      "gross_margin": 0.3786635404454865,
      "op_margin": -0.05627198124267292,
      "fcf_margin": 0.06096131301289566,
      "incr_op_margin_yoy": 1.0,
      "rev_growth_yoy": 0.050492610837438424,
      "rev_growth_yoy_accel": -0.08804643198372028,
      "fcf_margin_change": -0.040808598491529124
    },
    {
      "date": "2024-06-30T00:00:00",
      "quarter_label": "2024-06 (Q2)",
      "revenue": 86400000,
      "gross_profit": 31700000,
      "operating_income": -5200000,
      "net_income": 5500000,
      "opex": 36900000,
      "cogs": 54700000,
      "rd": null,
      "sga": 27300000,
      "fcf": 19600000,
      "ocf": 19600000,
      "capex": null,
      "gross_margin": 0.36689814814814814,
      "op_margin": -0.06018518518518518,
      "fcf_margin": 0.22685185185185186,
      "incr_op_margin_yoy": -2.1333333333333333,
      "rev_growth_yoy": 0.054945054945054944,
      "rev_growth_yoy_accel": 0.00445244410761652,
      "op_leverage_ratio": Infinity,
      "fcf_margin_change": 0.16589053883895621
    },
    {
      "date": "2024-09-30T00:00:00",
      "quarter_label": "2024-09 (Q3)",
      "revenue": 92200000,
      "gross_profit": 34400000,
      "operating_income": -4200000,
      "net_income": -8100000,
      "opex": 38600000,
      "cogs": 57800000,
      "rd": null,
      "sga": 28800000,
      "fcf": 10100000,
      "ocf": 10100000,
      "capex": null,
      "gross_margin": 0.37310195227765725,
      "op_margin": -0.0455531453362256,
      "fcf_margin": 0.10954446854663774,
      "incr_op_margin_yoy": -0.6170212765957447,
      "rev_growth_yoy": 0.11352657004830918,
      "rev_growth_yoy_accel": 0.05858151510325424,
      "op_leverage_ratio": 1.457107843137255,
      "fcf_margin_change": -0.11730738330521412
    },
    {
      "date": "2024-12-31T00:00:00",
      "quarter_label": "2024-12 (Q4)",
      "revenue": 105000000,
      "gross_profit": 41400000,
      "operating_income": 1400000,
      "net_income": -10800000,
      "opex": 40000000,
      "cogs": null,
      "rd": null,
      "sga": 27900000,
      "fcf": 6500000,
      "ocf": 6500000,
      "capex": null,
      "gross_margin": 0.3942857142857143,
      "op_margin": 0.013333333333333334,
      "fcf_margin": 0.06190476190476191,
      "incr_op_margin_yoy": 0.410958904109589,
      "rev_growth_yoy": 0.16150442477876106,
      "rev_growth_yoy_accel": 0.04797785473045188,
      "op_leverage_ratio": 3.8277037496126436,
      "fcf_margin_change": -0.047639706641875834
    },
    {
      "date": "2025-03-31T00:00:00",
      "quarter_label": "2025-03 (Q1)",
      "revenue": 91200000,
      "gross_profit": 30900000,
      "operating_income": -8000000,
      "net_income": -10900000,
      "opex": 38900000,
      "cogs": null,
      "rd": null,
      "sga": 28900000,
      "fcf": -1300000,
      "ocf": -1300000,
      "capex": null,
      "gross_margin": 0.33881578947368424,
      "op_margin": -0.08771929824561403,
      "fcf_margin": -0.01425438596491228,
      "incr_op_margin_yoy": -0.5423728813559322,
      "rev_growth_yoy": 0.06916764361078546,
      "rev_growth_yoy_accel": -0.0923367811679756,
      "fcf_margin_change": -0.07615914786967419
    },
    {
      "date": "2025-06-30T00:00:00",
      "quarter_label": "2025-06 (Q2)",
      "revenue": 92300000,
      "gross_profit": 28900000,
      "operating_income": -9700000,
      "net_income": -7500000,
      "opex": 38600000,
      "cogs": null,
      "rd": null,
      "sga": 28800000,
      "fcf": -3600000,
      "ocf": -3600000,
      "capex": null,
      "gross_margin": 0.3131094257854821,
      "op_margin": -0.10509209100758396,
      "fcf_margin": -0.0390032502708559,
      "incr_op_margin_yoy": -0.7627118644067796,
      "rev_growth_yoy": 0.06828703703703703,
      "rev_growth_yoy_accel": -0.0008806065737484298,
      "op_leverage_ratio": Infinity,
      "fcf_margin_change": -0.024748864305943623
    },
    {
      "date": "2025-09-30T00:00:00",
      "quarter_label": "2025-09 (Q3)",
      "revenue": 99600000,
      "gross_profit": 34400000,
      "operating_income": -5700000,
      "net_income": -10400000,
      "opex": 40100000,
      "cogs": null,
      "rd": null,
      "sga": 29600000,
      "fcf": 8500000,
      "ocf": 8500000,
      "capex": null,
      "gross_margin": 0.3453815261044177,
      "op_margin": -0.0572289156626506,
      "fcf_margin": 0.0853413654618474,
      "incr_op_margin_yoy": -0.20270270270270271,
      "rev_growth_yoy": 0.08026030368763558,
      "rev_growth_yoy_accel": 0.011973266650598544,
      "op_leverage_ratio": 2.035247381726255,
      "fcf_margin_change": 0.1243446157327033
    }
  ],
  "signals": [
    {
      "quarter": "2025-09 (Q3)",
      "signal": "FCF TURNED POSITIVE",
      "detail": "FCF margin: -3.9% -> +8.5%",
      "severity": "HIGH"
    },
    {
      "quarter": "2025-09 (Q3)",
      "signal": "OPERATING LEVERAGE",
      "detail": "Rev growth +7.9% vs OpEx growth +3.9% (leverage: 2.0x)",
      "severity": "MEDIUM"
    },
    {
      "quarter": "2025-09 (Q3)",
      "signal": "GROSS MARGIN INFLECTION",
      "detail": "GM: +33.9% -> +31.3% -> +34.5% (reversal +3.2%)",
      "severity": "MEDIUM"
    },
    {
      "quarter": "2025-03 (Q1)",
      "signal": "YoY REVENUE GROWTH DECELERATION",
      "detail": "YoY growth: +6.9% vs prior quarter YoY: +16.2% (decel: -9.2%)",
      "severity": "WARNING"
    },
    {
      "quarter": "2024-12 (Q4)",
      "signal": "OPERATING LEVERAGE",
      "detail": "Rev growth +13.9% vs OpEx growth +3.6% (leverage: 3.8x)",
      "severity": "MEDIUM"
    },
    {
      "quarter": "2024-12 (Q4)",
      "signal": "OP MARGIN TURNED POSITIVE (YoY)",
      "detail": "Op margin: -5.1% (year-ago) -> +1.3%",
      "severity": "HIGH"
    },
    {
      "quarter": "2024-12 (Q4)",
      "signal": "OP MARGIN TURNED POSITIVE (QoQ)",
      "detail": "Op margin: -4.6% -> +1.3%",
      "severity": "HIGH"
    },
    {
      "quarter": "2024-09 (Q3)",
      "signal": "YoY REVENUE GROWTH ACCELERATION",
      "detail": "YoY growth: +11.4% vs prior quarter YoY: +5.5% (accel: +5.9%)",
      "severity": "MEDIUM"
    },
    {
      "quarter": "2024-06 (Q2)",
      "signal": "FCF MARGIN EXPANSION",
      "detail": "FCF margin: +6.1% -> +22.7% (+16.6%)",
      "severity": "MEDIUM"
    },
    {
      "quarter": "2024-03 (Q1)",
      "signal": "YoY REVENUE GROWTH DECELERATION",
      "detail": "YoY growth: +5.0% vs prior quarter YoY: +13.9% (decel: -8.8%)",
      "severity": "WARNING"
    },
    {
      "quarter": "2023-12 (Q4)",
      "signal": "FCF TURNED POSITIVE",
      "detail": "FCF margin: -4.0% -> +10.2%",
      "severity": "HIGH"
    },
    {
      "quarter": "2023-12 (Q4)",
      "signal": "YoY REVENUE GROWTH ACCELERATION",
      "detail": "YoY growth: +13.9% vs prior quarter YoY: +6.4% (accel: +7.4%)",
      "severity": "MEDIUM"
    },
    {
      "quarter": "2023-09 (Q3)",
      "signal": "YoY REVENUE GROWTH ACCELERATION",
      "detail": "YoY growth: +6.4% vs prior quarter YoY: -5.6% (accel: +12.1%)",
      "severity": "MEDIUM"
    },
    {
      "quarter": "2023-09 (Q3)",
      "signal": "OP MARGIN TURNED POSITIVE (YoY)",
      "detail": "Op margin: -15.0% (year-ago) -> +1.9%",
      "severity": "HIGH"
    },
    {
      "quarter": "2023-06 (Q2)",
      "signal": "INCREMENTAL MARGIN (YoY)",
      "detail": "YoY Incr OPM: +142.9% vs year-ago OPM: +13.1%",
      "severity": "HIGH"
    },
    {
      "quarter": "2023-06 (Q2)",
      "signal": "OP MARGIN TURNED POSITIVE (QoQ)",
      "detail": "Op margin: -11.0% -> +5.4%",
      "severity": "HIGH"
    },
    {
      "quarter": "2023-03 (Q1)",
      "signal": "GROSS MARGIN INFLECTION",
      "detail": "GM: +31.4% -> +28.1% -> +33.9% (reversal +5.8%)",
      "severity": "HIGH"
    },
    {
      "quarter": "2023-03 (Q1)",
      "signal": "YoY REVENUE GROWTH ACCELERATION",
      "detail": "YoY growth: -1.6% vs prior quarter YoY: -27.2% (accel: +25.6%)",
      "severity": "HIGH"
    },
    {
      "quarter": "2022-12 (Q4)",
      "signal": "FCF MARGIN EXPANSION",
      "detail": "FCF margin: -5.7% -> -0.3% (+5.4%)",
      "severity": "MEDIUM"
    },
    {
      "quarter": "2022-12 (Q4)",
      "signal": "YoY REVENUE GROWTH DECELERATION",
      "detail": "YoY growth: -27.2% vs prior quarter YoY: -19.9% (decel: -7.3%)",
      "severity": "WARNING"
    },
    {
      "quarter": "2022-09 (Q3)",
      "signal": "FCF MARGIN EXPANSION",
      "detail": "FCF margin: -22.9% -> -5.7% (+17.3%)",
      "severity": "MEDIUM"
    },
    {
      "quarter": "2022-09 (Q3)",
      "signal": "YoY REVENUE GROWTH DECELERATION",
      "detail": "YoY growth: -19.9% vs prior quarter YoY: -3.6% (decel: -16.3%)",
      "severity": "WARNING"
    },
    {
      "quarter": "2022-06 (Q2)",
      "signal": "GROSS MARGIN INFLECTION",
      "detail": "GM: +35.7% -> +29.8% -> +32.6% (reversal +2.8%)",
      "severity": "MEDIUM"
    },
    {
      "quarter": "2022-06 (Q2)",
      "signal": "OP MARGIN TURNED POSITIVE (QoQ)",
      "detail": "Op margin: -16.7% -> +13.1%",
      "severity": "HIGH"
    },
    {
      "quarter": "2022-03 (Q1)",
      "signal": "YoY REVENUE GROWTH DECELERATION",
      "detail": "YoY growth: -5.9% vs prior quarter YoY: +18.7% (decel: -24.6%)",
      "severity": "WARNING"
    },
    {
      "quarter": "2021-12 (Q4)",
      "signal": "OPERATING LEVERAGE",
      "detail": "Rev growth +12.4% vs OpEx growth +5.9% (leverage: 2.1x)",
      "severity": "MEDIUM"
    },
    {
      "quarter": "2021-09 (Q3)",
      "signal": "OPERATING LEVERAGE",
      "detail": "Rev growth +7.9% vs OpEx growth +3.2% (leverage: 2.5x)",
      "severity": "MEDIUM"
    }
  ],
  "data_quality": {
    "n_quarters": 20,
    "coverage": {
      "revenue": [
        20,
        20
      ],
      "gross_profit": [
        20,
        20
      ],
      "op_income": [
        20,
        20
      ],
      "fcf": [
        20,
        20
      ]
    },
    "gaps": [],
    "warnings": []
  },
  "market_cap": null,
  "source": "SEC EDGAR",
  "last_updated": "2026-02-02T22:30:48.800980"
}