{
  "ticker": "PAGP",
  "name": "PLAINS GP HOLDINGS LP",
  "quarters": [
    {
      "date": "2020-12-31T00:00:00",
      "quarter_label": "2020-12 (Q4)",
      "revenue": 5963000000,
      "gross_profit": 532000000,
      "operating_income": -67000000,
      "net_income": -20000000,
      "opex": 6029000000,
      "cogs": 5431000000,
      "rd": null,
      "sga": null,
      "fcf": 125000000,
      "ocf": 257000000,
      "capex": -132000000,
      "gross_margin": 0.0892168371625021,
      "op_margin": -0.011235955056179775,
      "fcf_margin": 0.020962602716753313
    },
    {
      "date": "2021-03-31T00:00:00",
      "quarter_label": "2021-03 (Q1)",
      "revenue": 8383000000,
      "gross_profit": 991000000,
      "operating_income": 524000000,
      "net_income": 70000000,
      "opex": 7859000000,
      "cogs": 7392000000,
      "rd": null,
      "sga": null,
      "fcf": 692000000,
      "ocf": 789000000,
      "capex": -97000000,
      "gross_margin": 0.11821543600143147,
      "op_margin": 0.06250745556483359,
      "fcf_margin": 0.08254801383752833,
      "op_leverage_ratio": 1.3370410793701413,
      "fcf_margin_change": 0.061585411120775015
    },
    {
      "date": "2021-06-30T00:00:00",
      "quarter_label": "2021-06 (Q2)",
      "revenue": 9930000000,
      "gross_profit": 653000000,
      "operating_income": -239000000,
      "net_income": -69000000,
      "opex": 10169000000,
      "cogs": 9277000000,
      "rd": null,
      "sga": null,
      "fcf": 149000000,
      "ocf": 234000000,
      "capex": -85000000,
      "gross_margin": 0.06576032225579054,
      "op_margin": -0.02406847935548842,
      "fcf_margin": 0.01500503524672709,
      "op_leverage_ratio": 0.6278359161217327,
      "fcf_margin_change": -0.06754297859080124
    },
    {
      "date": "2021-09-30T00:00:00",
      "quarter_label": "2021-09 (Q3)",
      "revenue": 10776000000,
      "gross_profit": 702000000,
      "operating_income": -40000000,
      "net_income": -24000000,
      "opex": 10816000000,
      "cogs": 10074000000,
      "rd": null,
      "sga": null,
      "fcf": 260000000,
      "ocf": 335000000,
      "capex": -75000000,
      "gross_margin": 0.06514476614699331,
      "op_margin": -0.003711952487008166,
      "fcf_margin": 0.02412769116555308,
      "op_leverage_ratio": 1.3390447195281965,
      "fcf_margin_change": 0.009122655918825991
    },
    {
      "date": "2021-12-31T00:00:00",
      "quarter_label": "2021-12 (Q4)",
      "revenue": 12989000000,
      "gross_profit": 1228000000,
      "operating_income": 596000000,
      "net_income": 84000000,
      "opex": 12393000000,
      "cogs": 11761000000,
      "rd": null,
      "sga": null,
      "fcf": 554000000,
      "ocf": 633000000,
      "capex": -79000000,
      "gross_margin": 0.0945415351451228,
      "op_margin": 0.04588497959812149,
      "fcf_margin": 0.04265147432442836,
      "incr_op_margin_yoy": 0.09436379163108455,
      "rev_growth_yoy": 1.1782659735032701,
      "op_leverage_ratio": 1.408506373401236,
      "fcf_margin_change": 0.01852378315887528
    },
    {
      "date": "2022-03-31T00:00:00",
      "quarter_label": "2022-03 (Q1)",
      "revenue": 13694000000,
      "gross_profit": 909000000,
      "operating_income": 291000000,
      "net_income": 22000000,
      "opex": 13403000000,
      "cogs": 12785000000,
      "rd": null,
      "sga": null,
      "fcf": 238000000,
      "ocf": 339000000,
      "capex": -101000000,
      "gross_margin": 0.06637943624945232,
      "op_margin": 0.02125018256170586,
      "fcf_margin": 0.01737987439754637,
      "incr_op_margin_yoy": -0.04387121069478441,
      "rev_growth_yoy": 0.6335440772992962,
      "rev_growth_yoy_accel": -0.5447218962039739,
      "op_leverage_ratio": 0.6659911776072518,
      "fcf_margin_change": -0.02527159992688199
    },
    {
      "date": "2022-06-30T00:00:00",
      "quarter_label": "2022-06 (Q2)",
      "revenue": 16359000000,
      "gross_profit": 1035000000,
      "operating_income": 408000000,
      "net_income": 31000000,
      "opex": 15951000000,
      "cogs": 15324000000,
      "rd": null,
      "sga": null,
      "fcf": 701000000,
      "ocf": 790000000,
      "capex": -89000000,
      "gross_margin": 0.06326792591234183,
      "op_margin": 0.024940399779937648,
      "fcf_margin": 0.04285103001405954,
      "incr_op_margin_yoy": 0.10063773526209364,
      "rev_growth_yoy": 0.6474320241691843,
      "rev_growth_yoy_accel": 0.013887946869888146,
      "op_leverage_ratio": 1.0236924110961751,
      "fcf_margin_change": 0.025471155616513166
    },
    {
      "date": "2022-09-30T00:00:00",
      "quarter_label": "2022-09 (Q3)",
      "revenue": 14336000000,
      "gross_profit": 1265000000,
      "operating_income": 624000000,
      "net_income": 71000000,
      "opex": 13712000000,
      "cogs": 13071000000,
      "rd": null,
      "sga": null,
      "fcf": 819000000,
      "ocf": 941000000,
      "capex": -122000000,
      "gross_margin": 0.08823939732142858,
      "op_margin": 0.04352678571428571,
      "fcf_margin": 0.05712890625,
      "incr_op_margin_yoy": 0.18651685393258427,
      "rev_growth_yoy": 0.3303637713437268,
      "rev_growth_yoy_accel": -0.31706825282545753,
      "fcf_margin_change": 0.014277876235940463
    },
    {
      "date": "2022-12-31T00:00:00",
      "quarter_label": "2022-12 (Q4)",
      "revenue": 12952000000,
      "gross_profit": 957000000,
      "operating_income": -40000000,
      "net_income": 44000000,
      "opex": 12992000000,
      "cogs": 11995000000,
      "rd": null,
      "sga": null,
      "fcf": 191000000,
      "ocf": 334000000,
      "capex": -143000000,
      "gross_margin": 0.07388820259419394,
      "op_margin": -0.0030883261272390363,
      "fcf_margin": 0.0147467572575664,
      "incr_op_margin_yoy": 17.18918918918919,
      "rev_growth_yoy": -0.002848564169682039,
      "rev_growth_yoy_accel": -0.33321233551340884,
      "fcf_margin_change": -0.0423821489924336
    },
    {
      "date": "2023-03-31T00:00:00",
      "quarter_label": "2023-03 (Q1)",
      "revenue": 12341000000,
      "gross_profit": 1018000000,
      "operating_income": 471000000,
      "net_income": 69000000,
      "opex": 11870000000,
      "cogs": 11323000000,
      "rd": null,
      "sga": null,
      "fcf": 620000000,
      "ocf": 742000000,
      "capex": -122000000,
      "gross_margin": 0.08248926343084029,
      "op_margin": 0.038165464711125516,
      "fcf_margin": 0.05023904059638603,
      "incr_op_margin_yoy": -0.13303769401330376,
      "rev_growth_yoy": -0.09880239520958084,
      "rev_growth_yoy_accel": -0.0959538310398988,
      "fcf_margin_change": 0.03549228333881963
    },
    {
      "date": "2023-06-30T00:00:00",
      "quarter_label": "2023-06 (Q2)",
      "revenue": 11602000000,
      "gross_profit": 1058000000,
      "operating_income": 375000000,
      "net_income": 48000000,
      "opex": 11227000000,
      "cogs": 10544000000,
      "rd": null,
      "sga": null,
      "fcf": 742000000,
      "ocf": 887000000,
      "capex": -145000000,
      "gross_margin": 0.09119117393552836,
      "op_margin": 0.032322013445957594,
      "fcf_margin": 0.0639544906050681,
      "incr_op_margin_yoy": 0.006937145259617406,
      "rev_growth_yoy": -0.2907879454734397,
      "rev_growth_yoy_accel": -0.19198555026385888,
      "fcf_margin_change": 0.013715450008682066
    },
    {
      "date": "2023-09-30T00:00:00",
      "quarter_label": "2023-09 (Q3)",
      "revenue": 12071000000,
      "gross_profit": 965000000,
      "operating_income": 232000000,
      "net_income": 29000000,
      "opex": 11839000000,
      "cogs": 11106000000,
      "rd": null,
      "sga": null,
      "fcf": -54000000,
      "ocf": 83000000,
      "capex": -137000000,
      "gross_margin": 0.07994366663905228,
      "op_margin": 0.019219617264518266,
      "fcf_margin": -0.004473531604672355,
      "incr_op_margin_yoy": 0.17306843267108168,
      "rev_growth_yoy": -0.15799386160714285,
      "rev_growth_yoy_accel": 0.13279408386629687,
      "op_leverage_ratio": 0.7415702217219704,
      "fcf_margin_change": -0.06842802220974045
    },
    {
      "date": "2023-12-31T00:00:00",
      "quarter_label": "2023-12 (Q4)",
      "revenue": 12698000000,
      "gross_profit": 1139000000,
      "operating_income": 423000000,
      "net_income": 52000000,
      "opex": 12275000000,
      "cogs": 11559000000,
      "rd": null,
      "sga": null,
      "fcf": 855000000,
      "ocf": 1010000000,
      "capex": -155000000,
      "gross_margin": 0.08969916522286975,
      "op_margin": 0.03331233265081115,
      "fcf_margin": 0.06733343833674595,
      "incr_op_margin_yoy": -1.8228346456692914,
      "rev_growth_yoy": -0.01961087090796788,
      "rev_growth_yoy_accel": 0.13838299069917498,
      "op_leverage_ratio": 1.4104341742549245,
      "fcf_margin_change": 0.0718069699414183
    },
    {
      "date": "2024-03-31T00:00:00",
      "quarter_label": "2024-03 (Q1)",
      "revenue": 11995000000,
      "gross_profit": 1078000000,
      "operating_income": 369000000,
      "net_income": 42000000,
      "opex": 11626000000,
      "cogs": 10917000000,
      "rd": null,
      "sga": null,
      "fcf": 261000000,
      "ocf": 418000000,
      "capex": -157000000,
      "gross_margin": 0.08987077949145478,
      "op_margin": 0.030762817840766985,
      "fcf_margin": 0.021759066277615674,
      "incr_op_margin_yoy": 0.2947976878612717,
      "rev_growth_yoy": -0.02803662588120898,
      "rev_growth_yoy_accel": -0.0084257549732411,
      "fcf_margin_change": -0.04557437205913027
    },
    {
      "date": "2024-06-30T00:00:00",
      "quarter_label": "2024-06 (Q2)",
      "revenue": 12933000000,
      "gross_profit": 1075000000,
      "operating_income": 372000000,
      "net_income": 39000000,
      "opex": 12561000000,
      "cogs": 11858000000,
      "rd": null,
      "sga": null,
      "fcf": 576000000,
      "ocf": 652000000,
      "capex": -76000000,
      "gross_margin": 0.0831206989870873,
      "op_margin": 0.028763627928554858,
      "fcf_margin": 0.04453723034098817,
      "incr_op_margin_yoy": -0.002253944402704733,
      "rev_growth_yoy": 0.11472159972418548,
      "rev_growth_yoy_accel": 0.14275822560539447,
      "op_leverage_ratio": 0.9723470340805996,
      "fcf_margin_change": 0.0227781640633725
    },
    {
      "date": "2024-09-30T00:00:00",
      "quarter_label": "2024-09 (Q3)",
      "revenue": 12743000000,
      "gross_profit": 1186000000,
      "operating_income": 346000000,
      "net_income": 33000000,
      "opex": 12397000000,
      "cogs": 11557000000,
      "rd": null,
      "sga": null,
      "fcf": 579000000,
      "ocf": 688000000,
      "capex": -109000000,
      "gross_margin": 0.09307070548536452,
      "op_margin": 0.02715216197127835,
      "fcf_margin": 0.04543671035078082,
      "incr_op_margin_yoy": 0.16964285714285715,
      "rev_growth_yoy": 0.055670615524811534,
      "rev_growth_yoy_accel": -0.05905098419937395,
      "fcf_margin_change": 0.000899480009792647
    },
    {
      "date": "2024-12-31T00:00:00",
      "quarter_label": "2024-12 (Q4)",
      "revenue": 12402000000,
      "gross_profit": 1175000000,
      "operating_income": 87000000,
      "net_income": -11000000,
      "opex": 12315000000,
      "cogs": 11227000000,
      "rd": null,
      "sga": null,
      "fcf": 449000000,
      "ocf": 726000000,
      "capex": -277000000,
      "gross_margin": 0.0947427834220287,
      "op_margin": 0.0070149975810353165,
      "fcf_margin": 0.03620383809063055,
      "incr_op_margin_yoy": 1.135135135135135,
      "rev_growth_yoy": -0.02331075759962199,
      "rev_growth_yoy_accel": -0.07898137312443353,
      "fcf_margin_change": -0.009232872260150272
    },
    {
      "date": "2025-03-31T00:00:00",
      "quarter_label": "2025-03 (Q1)",
      "revenue": 12011000000,
      "gross_profit": 1250000000,
      "operating_income": 532000000,
      "net_income": 84000000,
      "opex": 11479000000,
      "cogs": 10761000000,
      "rd": null,
      "sga": null,
      "fcf": 447000000,
      "ocf": 638000000,
      "capex": -191000000,
      "gross_margin": 0.10407126800432936,
      "op_margin": 0.044292731662642575,
      "fcf_margin": 0.03721588543834818,
      "incr_op_margin_yoy": 10.1875,
      "rev_growth_yoy": 0.001333889120466861,
      "rev_growth_yoy_accel": 0.02464464672008885,
      "fcf_margin_change": 0.0010120473477176345
    },
    {
      "date": "2025-06-30T00:00:00",
      "quarter_label": "2025-06 (Q2)",
      "revenue": 10642000000,
      "gross_profit": 884000000,
      "operating_income": 237000000,
      "net_income": 30000000,
      "opex": 10405000000,
      "cogs": 9758000000,
      "rd": null,
      "sga": null,
      "fcf": 573000000,
      "ocf": 692000000,
      "capex": -119000000,
      "gross_margin": 0.08306709265175719,
      "op_margin": 0.02227024995301635,
      "fcf_margin": 0.053843262544634465,
      "incr_op_margin_yoy": 0.05892623308598865,
      "rev_growth_yoy": -0.17714374081806233,
      "rev_growth_yoy_accel": -0.1784776299385292,
      "fcf_margin_change": 0.016627377106286284
    },
    {
      "date": "2025-09-30T00:00:00",
      "quarter_label": "2025-09 (Q3)",
      "revenue": 11578000000,
      "gross_profit": 993000000,
      "operating_income": 483000000,
      "net_income": 83000000,
      "opex": 11095000000,
      "cogs": 10585000000,
      "rd": null,
      "sga": null,
      "fcf": 632000000,
      "ocf": 817000000,
      "capex": -185000000,
      "gross_margin": 0.08576610813612023,
      "op_margin": 0.04171704957678356,
      "fcf_margin": 0.05458628433235446,
      "incr_op_margin_yoy": -0.11759656652360514,
      "rev_growth_yoy": -0.09142274189751236,
      "rev_growth_yoy_accel": 0.08572099892054998,
      "op_leverage_ratio": 1.3263116609332994,
      "fcf_margin_change": 0.0007430217877199968
    }
  ],
  "signals": [
    {
      "quarter": "2025-09 (Q3)",
      "signal": "YoY REVENUE GROWTH ACCELERATION",
      "detail": "YoY growth: -9.1% vs prior quarter YoY: -17.7% (accel: +8.6%)",
      "severity": "MEDIUM"
    },
    {
      "quarter": "2025-06 (Q2)",
      "signal": "YoY REVENUE GROWTH DECELERATION",
      "detail": "YoY growth: -17.7% vs prior quarter YoY: +0.1% (decel: -17.8%)",
      "severity": "WARNING"
    },
    {
      "quarter": "2025-03 (Q1)",
      "signal": "INCREMENTAL MARGIN (YoY)",
      "detail": "YoY Incr OPM: +1018.8% vs year-ago OPM: +3.1%",
      "severity": "HIGH"
    },
    {
      "quarter": "2024-12 (Q4)",
      "signal": "YoY REVENUE GROWTH DECELERATION",
      "detail": "YoY growth: -2.3% vs prior quarter YoY: +5.6% (decel: -7.9%)",
      "severity": "WARNING"
    },
    {
      "quarter": "2024-12 (Q4)",
      "signal": "INCREMENTAL MARGIN (YoY)",
      "detail": "YoY Incr OPM: +113.5% vs year-ago OPM: +3.3%",
      "severity": "HIGH"
    },
    {
      "quarter": "2024-09 (Q3)",
      "signal": "YoY REVENUE GROWTH DECELERATION",
      "detail": "YoY growth: +5.6% vs prior quarter YoY: +11.5% (decel: -5.9%)",
      "severity": "WARNING"
    },
    {
      "quarter": "2024-09 (Q3)",
      "signal": "INCREMENTAL MARGIN (YoY)",
      "detail": "YoY Incr OPM: +17.0% vs year-ago OPM: +1.9%",
      "severity": "MEDIUM"
    },
    {
      "quarter": "2024-06 (Q2)",
      "signal": "YoY REVENUE GROWTH ACCELERATION",
      "detail": "YoY growth: +11.5% vs prior quarter YoY: -2.8% (accel: +14.3%)",
      "severity": "MEDIUM"
    },
    {
      "quarter": "2024-03 (Q1)",
      "signal": "INCREMENTAL MARGIN (YoY)",
      "detail": "YoY Incr OPM: +29.5% vs year-ago OPM: +3.8%",
      "severity": "HIGH"
    },
    {
      "quarter": "2023-12 (Q4)",
      "signal": "FCF TURNED POSITIVE",
      "detail": "FCF margin: -0.4% -> +6.7%",
      "severity": "HIGH"
    },
    {
      "quarter": "2023-12 (Q4)",
      "signal": "YoY REVENUE GROWTH ACCELERATION",
      "detail": "YoY growth: -2.0% vs prior quarter YoY: -15.8% (accel: +13.8%)",
      "severity": "MEDIUM"
    },
    {
      "quarter": "2023-12 (Q4)",
      "signal": "OP MARGIN TURNED POSITIVE (YoY)",
      "detail": "Op margin: -0.3% (year-ago) -> +3.3%",
      "severity": "HIGH"
    },
    {
      "quarter": "2023-09 (Q3)",
      "signal": "YoY REVENUE GROWTH ACCELERATION",
      "detail": "YoY growth: -15.8% vs prior quarter YoY: -29.1% (accel: +13.3%)",
      "severity": "MEDIUM"
    },
    {
      "quarter": "2023-09 (Q3)",
      "signal": "INCREMENTAL MARGIN (YoY)",
      "detail": "YoY Incr OPM: +17.3% vs year-ago OPM: +4.4%",
      "severity": "MEDIUM"
    },
    {
      "quarter": "2023-06 (Q2)",
      "signal": "YoY REVENUE GROWTH DECELERATION",
      "detail": "YoY growth: -29.1% vs prior quarter YoY: -9.9% (decel: -19.2%)",
      "severity": "WARNING"
    },
    {
      "quarter": "2023-03 (Q1)",
      "signal": "YoY REVENUE GROWTH DECELERATION",
      "detail": "YoY growth: -9.9% vs prior quarter YoY: -0.3% (decel: -9.6%)",
      "severity": "WARNING"
    },
    {
      "quarter": "2023-03 (Q1)",
      "signal": "OP MARGIN TURNED POSITIVE (QoQ)",
      "detail": "Op margin: -0.3% -> +3.8%",
      "severity": "HIGH"
    },
    {
      "quarter": "2022-12 (Q4)",
      "signal": "YoY REVENUE GROWTH DECELERATION",
      "detail": "YoY growth: -0.3% vs prior quarter YoY: +33.0% (decel: -33.3%)",
      "severity": "WARNING"
    },
    {
      "quarter": "2022-09 (Q3)",
      "signal": "GROSS MARGIN INFLECTION",
      "detail": "GM: +6.6% -> +6.3% -> +8.8% (reversal +2.5%)",
      "severity": "MEDIUM"
    },
    {
      "quarter": "2022-09 (Q3)",
      "signal": "YoY REVENUE GROWTH DECELERATION",
      "detail": "YoY growth: +33.0% vs prior quarter YoY: +64.7% (decel: -31.7%)",
      "severity": "WARNING"
    },
    {
      "quarter": "2022-09 (Q3)",
      "signal": "OP MARGIN TURNED POSITIVE (YoY)",
      "detail": "Op margin: -0.4% (year-ago) -> +4.4%",
      "severity": "HIGH"
    },
    {
      "quarter": "2022-06 (Q2)",
      "signal": "OP MARGIN TURNED POSITIVE (YoY)",
      "detail": "Op margin: -2.4% (year-ago) -> +2.5%",
      "severity": "HIGH"
    },
    {
      "quarter": "2022-03 (Q1)",
      "signal": "YoY REVENUE GROWTH DECELERATION",
      "detail": "YoY growth: +63.4% vs prior quarter YoY: +117.8% (decel: -54.5%)",
      "severity": "WARNING"
    },
    {
      "quarter": "2021-12 (Q4)",
      "signal": "GROSS MARGIN INFLECTION",
      "detail": "GM: +6.6% -> +6.5% -> +9.5% (reversal +2.9%)",
      "severity": "MEDIUM"
    },
    {
      "quarter": "2021-12 (Q4)",
      "signal": "OP MARGIN TURNED POSITIVE (YoY)",
      "detail": "Op margin: -1.1% (year-ago) -> +4.6%",
      "severity": "HIGH"
    },
    {
      "quarter": "2021-12 (Q4)",
      "signal": "OP MARGIN TURNED POSITIVE (QoQ)",
      "detail": "Op margin: -0.4% -> +4.6%",
      "severity": "HIGH"
    },
    {
      "quarter": "2021-03 (Q1)",
      "signal": "FCF MARGIN EXPANSION",
      "detail": "FCF margin: +2.1% -> +8.3% (+6.2%)",
      "severity": "MEDIUM"
    },
    {
      "quarter": "2021-03 (Q1)",
      "signal": "OP MARGIN TURNED POSITIVE (QoQ)",
      "detail": "Op margin: -1.1% -> +6.3%",
      "severity": "HIGH"
    }
  ],
  "data_quality": {
    "n_quarters": 20,
    "coverage": {
      "revenue": [
        20,
        20
      ],
      "gross_profit": [
        20,
        20
      ],
      "op_income": [
        20,
        20
      ],
      "fcf": [
        20,
        20
      ]
    },
    "gaps": [],
    "warnings": []
  },
  "market_cap": null,
  "source": "SEC EDGAR",
  "last_updated": "2026-02-02T21:05:50.344088"
}