{
  "ticker": "PANW",
  "name": "PALO ALTO NETWORKS, INC",
  "sector": "Technology",
  "industry": "Software - Infrastructure",
  "quarters": [
    {
      "date": "2021-04-30T00:00:00",
      "quarter_label": "2021-04 (Q2)",
      "revenue": 1073900000,
      "gross_profit": 743300000,
      "operating_income": -110400000,
      "net_income": -145100000,
      "opex": 853700000,
      "cogs": 330600000,
      "rd": 311000000,
      "sga": null,
      "fcf": 277800000,
      "ocf": 277800000,
      "capex": null,
      "gross_margin": 0.6921501070863209,
      "op_margin": -0.10280286805102896,
      "fcf_margin": 0.2586833038457957
    },
    {
      "date": "2021-07-31T00:00:00",
      "quarter_label": "2021-07 (Q3)",
      "revenue": 1219300000,
      "gross_profit": 860400000,
      "operating_income": -60400000,
      "net_income": -119300000,
      "opex": 920800000,
      "cogs": 358900000,
      "rd": 325300000,
      "sga": null,
      "fcf": 325800000,
      "ocf": 325800000,
      "capex": null,
      "gross_margin": 0.7056507832362832,
      "op_margin": -0.04953661937177069,
      "fcf_margin": 0.26720249323382267,
      "op_leverage_ratio": 1.7225955675852558,
      "fcf_margin_change": 0.008519189388026982
    },
    {
      "date": "2021-10-31T00:00:00",
      "quarter_label": "2021-10 (Q4)",
      "revenue": 1247400000,
      "gross_profit": 866800000,
      "operating_income": -82700000,
      "net_income": -103600000,
      "opex": 949500000,
      "cogs": 380600000,
      "rd": 339500000,
      "sga": null,
      "fcf": 588900000,
      "ocf": 588900000,
      "capex": null,
      "gross_margin": 0.6948853615520282,
      "op_margin": -0.06629789963123296,
      "fcf_margin": 0.4721019721019721,
      "op_leverage_ratio": 0.7393995126580597,
      "fcf_margin_change": 0.2048994788681494
    },
    {
      "date": "2022-01-31T00:00:00",
      "quarter_label": "2022-01 (Q1)",
      "revenue": 1316900000,
      "gross_profit": 911600000,
      "operating_income": -73900000,
      "net_income": -93500000,
      "opex": 985500000,
      "cogs": 405300000,
      "rd": 359000000,
      "sga": null,
      "fcf": 482600000,
      "ocf": 482600000,
      "capex": null,
      "gross_margin": 0.6922317563976004,
      "op_margin": -0.05611663755790113,
      "fcf_margin": 0.3664667021034247,
      "op_leverage_ratio": 1.4695065736732402,
      "fcf_margin_change": -0.10563526999854739
    },
    {
      "date": "2022-04-30T00:00:00",
      "quarter_label": "2022-04 (Q2)",
      "revenue": 1386700000,
      "gross_profit": 946200000,
      "operating_income": -47600000,
      "net_income": -73200000,
      "opex": 993800000,
      "cogs": 440500000,
      "rd": 355400000,
      "sga": null,
      "fcf": 389500000,
      "ocf": 389500000,
      "capex": null,
      "gross_margin": 0.6823393668421432,
      "op_margin": -0.034326097930338216,
      "fcf_margin": 0.28088267108963727,
      "incr_op_margin_yoy": 0.20076726342711,
      "rev_growth_yoy": 0.29127479281124874,
      "op_leverage_ratio": 6.293339505794458,
      "fcf_margin_change": -0.08558403101378742
    },
    {
      "date": "2022-07-31T00:00:00",
      "quarter_label": "2022-07 (Q3)",
      "revenue": 1550500000,
      "gross_profit": 1058200000,
      "operating_income": 15400000,
      "net_income": 3300000,
      "opex": 1042800000,
      "cogs": 492300000,
      "rd": 363800000,
      "sga": null,
      "fcf": 523700000,
      "ocf": 523700000,
      "capex": null,
      "gross_margin": 0.6824895195098355,
      "op_margin": 0.009932279909706547,
      "fcf_margin": 0.33776201225411157,
      "incr_op_margin_yoy": 0.2288647342995169,
      "rev_growth_yoy": 0.27163126383990815,
      "rev_growth_yoy_accel": -0.019643528971340585,
      "op_leverage_ratio": 2.3957102679537234,
      "fcf_margin_change": 0.056879341164474295
    },
    {
      "date": "2022-10-31T00:00:00",
      "quarter_label": "2022-10 (Q4)",
      "revenue": 1563400000,
      "gross_profit": 1101500000,
      "operating_income": 15200000,
      "net_income": 20000000,
      "opex": 1086300000,
      "cogs": 461900000,
      "rd": 371800000,
      "sga": null,
      "fcf": 1236700000,
      "ocf": 1236700000,
      "capex": null,
      "gross_margin": 0.7045541767941665,
      "op_margin": 0.009722399897658949,
      "fcf_margin": 0.7910323653575541,
      "incr_op_margin_yoy": 0.30981012658227847,
      "rev_growth_yoy": 0.25332691999358664,
      "rev_growth_yoy_accel": -0.018304343846321514,
      "fcf_margin_change": 0.4532703531034425
    },
    {
      "date": "2023-01-31T00:00:00",
      "quarter_label": "2023-01 (Q1)",
      "revenue": 1655100000,
      "gross_profit": 1188900000,
      "operating_income": 39900000,
      "net_income": 84200000,
      "opex": 1149000000,
      "cogs": 466200000,
      "rd": 404100000,
      "sga": null,
      "fcf": 694600000,
      "ocf": 694600000,
      "capex": null,
      "gross_margin": 0.7183251767264818,
      "op_margin": 0.02410730469458039,
      "fcf_margin": 0.41967252733973776,
      "incr_op_margin_yoy": 0.33648728562980484,
      "rev_growth_yoy": 0.25681524793074645,
      "rev_growth_yoy_accel": 0.0034883279371598075,
      "op_leverage_ratio": 1.0162053260192943,
      "fcf_margin_change": -0.3713598380178163
    },
    {
      "date": "2023-04-30T00:00:00",
      "quarter_label": "2023-04 (Q2)",
      "revenue": 1720900000,
      "gross_profit": 1246100000,
      "operating_income": 78700000,
      "net_income": 107800000,
      "opex": 1167400000,
      "cogs": 474800000,
      "rd": 413700000,
      "sga": null,
      "fcf": 432100000,
      "ocf": 432100000,
      "capex": null,
      "gross_margin": 0.724097855773142,
      "op_margin": 0.04573188447905166,
      "fcf_margin": 0.25108954616770296,
      "incr_op_margin_yoy": 0.3779174147217235,
      "rev_growth_yoy": 0.24100382202350906,
      "rev_growth_yoy_accel": -0.015811425907237386,
      "op_leverage_ratio": 2.4825834771575606,
      "fcf_margin_change": -0.1685829811720348
    },
    {
      "date": "2023-07-31T00:00:00",
      "quarter_label": "2023-07 (Q3)",
      "revenue": 1953300000,
      "gross_profit": 1446500000,
      "operating_income": 253500000,
      "net_income": 227700000,
      "opex": 1193000000,
      "cogs": 506800000,
      "rd": 414400000,
      "sga": null,
      "fcf": 414100000,
      "ocf": 414100000,
      "capex": null,
      "gross_margin": 0.7405416474683868,
      "op_margin": 0.12978037167869758,
      "fcf_margin": 0.21200020478165157,
      "incr_op_margin_yoy": 0.5911122144985105,
      "rev_growth_yoy": 0.2597871654305063,
      "rev_growth_yoy_accel": 0.01878334340699722,
      "op_leverage_ratio": 6.158291083154164,
      "fcf_margin_change": -0.039089341386051385
    },
    {
      "date": "2023-10-31T00:00:00",
      "quarter_label": "2023-10 (Q4)",
      "revenue": 1878100000,
      "gross_profit": 1405300000,
      "operating_income": 215200000,
      "net_income": 194200000,
      "opex": 1190100000,
      "cogs": 472800000,
      "rd": 409500000,
      "sga": null,
      "fcf": 1526000000,
      "ocf": 1526000000,
      "capex": null,
      "gross_margin": 0.7482562163889037,
      "op_margin": 0.11458388797188648,
      "fcf_margin": 0.8125232948192322,
      "incr_op_margin_yoy": 0.6355258976803305,
      "rev_growth_yoy": 0.20129205577587309,
      "rev_growth_yoy_accel": -0.0584951096546332,
      "fcf_margin_change": 0.6005230900375806
    },
    {
      "date": "2024-01-31T00:00:00",
      "quarter_label": "2024-01 (Q1)",
      "revenue": 1975100000,
      "gross_profit": 1476000000,
      "operating_income": 53600000,
      "net_income": 1746900000,
      "opex": 1422400000,
      "cogs": 499100000,
      "rd": 447900000,
      "sga": null,
      "fcf": 690000000,
      "ocf": 690000000,
      "capex": null,
      "gross_margin": 0.7473039339780264,
      "op_margin": 0.027137866437142423,
      "fcf_margin": 0.34934940003037823,
      "incr_op_margin_yoy": 0.0428125,
      "rev_growth_yoy": 0.19334179203673493,
      "rev_growth_yoy_accel": -0.007950263739138153,
      "op_leverage_ratio": 0.26459843244274933,
      "fcf_margin_change": -0.463173894788854
    },
    {
      "date": "2024-04-30T00:00:00",
      "quarter_label": "2024-04 (Q2)",
      "revenue": 1984800000,
      "gross_profit": 1471200000,
      "operating_income": 176700000,
      "net_income": 278800000,
      "opex": 1294500000,
      "cogs": 513600000,
      "rd": 457200000,
      "sga": null,
      "fcf": 528900000,
      "ocf": 528900000,
      "capex": null,
      "gross_margin": 0.7412333736396615,
      "op_margin": 0.08902660217654172,
      "fcf_margin": 0.2664752116082225,
      "incr_op_margin_yoy": 0.3713527851458886,
      "rev_growth_yoy": 0.15334999128363067,
      "rev_growth_yoy_accel": -0.03999180075310427,
      "fcf_margin_change": -0.08287418842215571
    },
    {
      "date": "2024-07-31T00:00:00",
      "quarter_label": "2024-07 (Q3)",
      "revenue": 2189500000,
      "gross_profit": 1615800000,
      "operating_income": 238400000,
      "net_income": 357700000,
      "opex": 1377400000,
      "cogs": 573700000,
      "rd": 494800000,
      "sga": null,
      "fcf": 512700000,
      "ocf": 512700000,
      "capex": null,
      "gross_margin": 0.737976707010733,
      "op_margin": 0.10888330669102535,
      "fcf_margin": 0.2341630509248687,
      "incr_op_margin_yoy": -0.06392887383573242,
      "rev_growth_yoy": 0.12092356524855373,
      "rev_growth_yoy_accel": -0.032426426035076936,
      "op_leverage_ratio": 1.6104550798371606,
      "fcf_margin_change": -0.032312160683353824
    },
    {
      "date": "2024-10-31T00:00:00",
      "quarter_label": "2024-10 (Q4)",
      "revenue": 2138800000,
      "gross_profit": 1584700000,
      "operating_income": 286500000,
      "net_income": 350700000,
      "opex": 1298200000,
      "cogs": 554100000,
      "rd": 480400000,
      "sga": null,
      "fcf": 1510000000,
      "ocf": 1510000000,
      "capex": null,
      "gross_margin": 0.7409294931737422,
      "op_margin": 0.13395361885169255,
      "fcf_margin": 0.7060033663736675,
      "incr_op_margin_yoy": 0.27349443805140006,
      "rev_growth_yoy": 0.13881049997337735,
      "rev_growth_yoy_accel": 0.017886934724823625,
      "fcf_margin_change": 0.4718403154487988
    },
    {
      "date": "2025-01-31T00:00:00",
      "quarter_label": "2025-01 (Q1)",
      "revenue": 2257400000,
      "gross_profit": 1658200000,
      "operating_income": 240400000,
      "net_income": 267300000,
      "opex": 1417800000,
      "cogs": 599200000,
      "rd": 505700000,
      "sga": null,
      "fcf": 557000000,
      "ocf": 557000000,
      "capex": null,
      "gross_margin": 0.734561885354833,
      "op_margin": 0.10649419686364844,
      "fcf_margin": 0.24674404181802073,
      "incr_op_margin_yoy": 0.6617074034714843,
      "rev_growth_yoy": 0.14292947192547212,
      "rev_growth_yoy_accel": 0.004118971952094763,
      "op_leverage_ratio": 0.6019008252056446,
      "fcf_margin_change": -0.4592593245556467
    },
    {
      "date": "2025-04-30T00:00:00",
      "quarter_label": "2025-04 (Q2)",
      "revenue": 2289000000,
      "gross_profit": 1669700000,
      "operating_income": 218800000,
      "net_income": 262100000,
      "opex": 1450900000,
      "cogs": 619300000,
      "rd": 494500000,
      "sga": null,
      "fcf": 628200000,
      "ocf": 628200000,
      "capex": null,
      "gross_margin": 0.7294451725644386,
      "op_margin": 0.09558759283529926,
      "fcf_margin": 0.2744429882044561,
      "incr_op_margin_yoy": 0.1383957922419461,
      "rev_growth_yoy": 0.15326481257557437,
      "rev_growth_yoy_accel": 0.010335340650102248,
      "op_leverage_ratio": 0.5996054065353907,
      "fcf_margin_change": 0.027698946386435386
    },
    {
      "date": "2025-07-31T00:00:00",
      "quarter_label": "2025-07 (Q3)",
      "revenue": 2536300000,
      "gross_profit": 1857300000,
      "operating_income": 497200000,
      "net_income": 253800000,
      "opex": 1360100000,
      "cogs": 679000000,
      "rd": 503500000,
      "sga": null,
      "fcf": 1020800000,
      "ocf": 1020800000,
      "capex": null,
      "gross_margin": 0.7322871900011828,
      "op_margin": 0.19603359224066555,
      "fcf_margin": 0.40247604778614515,
      "incr_op_margin_yoy": 0.7462514417531718,
      "rev_growth_yoy": 0.1583923270153003,
      "rev_growth_yoy_accel": 0.005127514439725922,
      "op_leverage_ratio": null,
      "fcf_margin_change": 0.12803305958168903
    },
    {
      "date": "2025-10-31T00:00:00",
      "quarter_label": "2025-10 (Q4)",
      "revenue": 2474000000,
      "gross_profit": 1836000000,
      "operating_income": 309000000,
      "net_income": 334000000,
      "opex": 1527000000,
      "cogs": 638000000,
      "rd": 528000000,
      "sga": null,
      "fcf": 1771000000,
      "ocf": 1771000000,
      "capex": null,
      "gross_margin": 0.7421180274858529,
      "op_margin": 0.12489894907033144,
      "fcf_margin": 0.7158447857720291,
      "incr_op_margin_yoy": 0.06712410501193318,
      "rev_growth_yoy": 0.15672339629698898,
      "rev_growth_yoy_accel": -0.0016689307183113122,
      "fcf_margin_change": 0.313368737985884
    },
    {
      "date": "2026-01-31T00:00:00",
      "quarter_label": "2026-01 (Q1)",
      "revenue": 2594000000,
      "gross_profit": 1909000000,
      "operating_income": 397000000,
      "net_income": 432000000,
      "opex": 1512000000,
      "cogs": 685000000,
      "rd": 511000000,
      "sga": null,
      "fcf": 554000000,
      "ocf": 554000000,
      "capex": null,
      "gross_margin": 0.735929067077872,
      "op_margin": 0.1530454895913647,
      "fcf_margin": 0.2135697764070933,
      "incr_op_margin_yoy": 0.46524064171123,
      "rev_growth_yoy": 0.1491095951094179,
      "rev_growth_yoy_accel": -0.007613801187571073,
      "op_leverage_ratio": null,
      "fcf_margin_change": -0.5022750093649359
    }
  ],
  "signals": [
    {
      "quarter": "2026-01 (Q1)",
      "signal": "INCREMENTAL MARGIN (YoY)",
      "detail": "YoY Incr OPM: +46.5% vs year-ago OPM: +10.6%",
      "severity": "HIGH"
    },
    {
      "quarter": "2025-10 (Q4)",
      "signal": "FCF MARGIN EXPANSION",
      "detail": "FCF margin: +40.2% -> +71.6% (+31.3%)",
      "severity": "MEDIUM"
    },
    {
      "quarter": "2025-07 (Q3)",
      "signal": "FCF MARGIN EXPANSION",
      "detail": "FCF margin: +27.4% -> +40.2% (+12.8%)",
      "severity": "MEDIUM"
    },
    {
      "quarter": "2025-07 (Q3)",
      "signal": "INCREMENTAL MARGIN (YoY)",
      "detail": "YoY Incr OPM: +74.6% vs year-ago OPM: +10.9%",
      "severity": "HIGH"
    },
    {
      "quarter": "2025-01 (Q1)",
      "signal": "INCREMENTAL MARGIN (YoY)",
      "detail": "YoY Incr OPM: +66.2% vs year-ago OPM: +2.7%",
      "severity": "HIGH"
    },
    {
      "quarter": "2024-10 (Q4)",
      "signal": "FCF MARGIN EXPANSION",
      "detail": "FCF margin: +23.4% -> +70.6% (+47.2%)",
      "severity": "MEDIUM"
    },
    {
      "quarter": "2024-10 (Q4)",
      "signal": "INCREMENTAL MARGIN (YoY)",
      "detail": "YoY Incr OPM: +27.3% vs year-ago OPM: +11.5%",
      "severity": "MEDIUM"
    },
    {
      "quarter": "2024-07 (Q3)",
      "signal": "OPERATING LEVERAGE",
      "detail": "Rev growth +10.3% vs OpEx growth +6.4% (leverage: 1.6x)",
      "severity": "MEDIUM"
    },
    {
      "quarter": "2024-04 (Q2)",
      "signal": "INCREMENTAL MARGIN (YoY)",
      "detail": "YoY Incr OPM: +37.1% vs year-ago OPM: +4.6%",
      "severity": "HIGH"
    },
    {
      "quarter": "2023-10 (Q4)",
      "signal": "FCF MARGIN EXPANSION",
      "detail": "FCF margin: +21.2% -> +81.3% (+60.1%)",
      "severity": "MEDIUM"
    },
    {
      "quarter": "2023-10 (Q4)",
      "signal": "YoY REVENUE GROWTH DECELERATION",
      "detail": "YoY growth: +20.1% vs prior quarter YoY: +26.0% (decel: -5.8%)",
      "severity": "WARNING"
    },
    {
      "quarter": "2023-10 (Q4)",
      "signal": "INCREMENTAL MARGIN (YoY)",
      "detail": "YoY Incr OPM: +63.6% vs year-ago OPM: +1.0%",
      "severity": "HIGH"
    },
    {
      "quarter": "2023-07 (Q3)",
      "signal": "OPERATING LEVERAGE",
      "detail": "Rev growth +13.5% vs OpEx growth +2.2% (leverage: 6.2x)",
      "severity": "MEDIUM"
    },
    {
      "quarter": "2023-07 (Q3)",
      "signal": "INCREMENTAL MARGIN (YoY)",
      "detail": "YoY Incr OPM: +59.1% vs year-ago OPM: +1.0%",
      "severity": "HIGH"
    },
    {
      "quarter": "2023-04 (Q2)",
      "signal": "OPERATING LEVERAGE",
      "detail": "Rev growth +4.0% vs OpEx growth +1.6% (leverage: 2.5x)",
      "severity": "MEDIUM"
    },
    {
      "quarter": "2023-04 (Q2)",
      "signal": "OP MARGIN TURNED POSITIVE (YoY)",
      "detail": "Op margin: -3.4% (year-ago) -> +4.6%",
      "severity": "HIGH"
    },
    {
      "quarter": "2023-01 (Q1)",
      "signal": "OP MARGIN TURNED POSITIVE (YoY)",
      "detail": "Op margin: -5.6% (year-ago) -> +2.4%",
      "severity": "HIGH"
    },
    {
      "quarter": "2022-10 (Q4)",
      "signal": "FCF MARGIN EXPANSION",
      "detail": "FCF margin: +33.8% -> +79.1% (+45.3%)",
      "severity": "MEDIUM"
    },
    {
      "quarter": "2022-10 (Q4)",
      "signal": "OP MARGIN TURNED POSITIVE (YoY)",
      "detail": "Op margin: -6.6% (year-ago) -> +1.0%",
      "severity": "HIGH"
    },
    {
      "quarter": "2022-07 (Q3)",
      "signal": "FCF MARGIN EXPANSION",
      "detail": "FCF margin: +28.1% -> +33.8% (+5.7%)",
      "severity": "MEDIUM"
    },
    {
      "quarter": "2022-07 (Q3)",
      "signal": "OPERATING LEVERAGE",
      "detail": "Rev growth +11.8% vs OpEx growth +4.9% (leverage: 2.4x)",
      "severity": "MEDIUM"
    },
    {
      "quarter": "2022-07 (Q3)",
      "signal": "OP MARGIN TURNED POSITIVE (YoY)",
      "detail": "Op margin: -5.0% (year-ago) -> +1.0%",
      "severity": "HIGH"
    },
    {
      "quarter": "2022-07 (Q3)",
      "signal": "OP MARGIN TURNED POSITIVE (QoQ)",
      "detail": "Op margin: -3.4% -> +1.0%",
      "severity": "HIGH"
    },
    {
      "quarter": "2022-04 (Q2)",
      "signal": "OPERATING LEVERAGE",
      "detail": "Rev growth +5.3% vs OpEx growth +0.8% (leverage: 6.3x)",
      "severity": "MEDIUM"
    },
    {
      "quarter": "2021-10 (Q4)",
      "signal": "FCF MARGIN EXPANSION",
      "detail": "FCF margin: +26.7% -> +47.2% (+20.5%)",
      "severity": "MEDIUM"
    },
    {
      "quarter": "2021-07 (Q3)",
      "signal": "OPERATING LEVERAGE",
      "detail": "Rev growth +13.5% vs OpEx growth +7.9% (leverage: 1.7x)",
      "severity": "MEDIUM"
    }
  ],
  "data_quality": {
    "n_quarters": 20,
    "coverage": {
      "revenue": [
        20,
        20
      ],
      "gross_profit": [
        20,
        20
      ],
      "op_income": [
        20,
        20
      ],
      "fcf": [
        20,
        20
      ]
    },
    "gaps": [],
    "warnings": []
  },
  "market_cap": null,
  "source": "SEC EDGAR",
  "last_updated": "2026-02-24T10:31:55.749255"
}