{
  "ticker": "PAR",
  "name": "PAR Technology Corporation",
  "quarters": [
    {
      "date": "2020-12-31T00:00:00",
      "quarter_label": "2020-12 (Q4)",
      "revenue": 58516000,
      "gross_profit": 7528000,
      "operating_income": -11775000,
      "net_income": -12965000,
      "opex": 19303000,
      "cogs": 50988000,
      "rd": 5639000,
      "sga": 14208000,
      "fcf": -6461000,
      "ocf": -5854000,
      "capex": -607000,
      "gross_margin": 0.12864857474878666,
      "op_margin": -0.2012270148335498,
      "fcf_margin": -0.1104142456763962
    },
    {
      "date": "2021-03-31T00:00:00",
      "quarter_label": "2021-03 (Q1)",
      "revenue": 54467000,
      "gross_profit": 10200000,
      "operating_income": -6021000,
      "net_income": -8271000,
      "opex": 16221000,
      "cogs": 44267000,
      "rd": 5809000,
      "sga": 14537000,
      "fcf": -3586000,
      "ocf": -3434000,
      "capex": -152000,
      "gross_margin": 0.1872693557566967,
      "op_margin": -0.11054399911873244,
      "fcf_margin": -0.06583803036701122,
      "fcf_margin_change": 0.04457621530938498
    },
    {
      "date": "2021-06-30T00:00:00",
      "quarter_label": "2021-06 (Q2)",
      "revenue": 68950000,
      "gross_profit": 15103000,
      "operating_income": -16975000,
      "net_income": -9956000,
      "opex": 32078000,
      "cogs": 53847000,
      "rd": 8643000,
      "sga": 22946000,
      "fcf": -30072000,
      "ocf": -29624000,
      "capex": -448000,
      "gross_margin": 0.21904278462654098,
      "op_margin": -0.24619289340101522,
      "fcf_margin": -0.4361421319796954,
      "op_leverage_ratio": 0.272007997645257,
      "fcf_margin_change": -0.37030410161268423
    },
    {
      "date": "2021-09-30T00:00:00",
      "quarter_label": "2021-09 (Q3)",
      "revenue": 77860000,
      "gross_profit": 18214000,
      "operating_income": -14109000,
      "net_income": -31933000,
      "opex": 32323000,
      "cogs": 59646000,
      "rd": 10122000,
      "sga": 21662000,
      "fcf": -10889000,
      "ocf": -10561000,
      "capex": -328000,
      "gross_margin": 0.23393269971744157,
      "op_margin": -0.18120986385820703,
      "fcf_margin": -0.13985358335473927,
      "op_leverage_ratio": 16.919387311124595,
      "fcf_margin_change": 0.2962885486249561
    },
    {
      "date": "2021-12-31T00:00:00",
      "quarter_label": "2021-12 (Q4)",
      "revenue": 81599000,
      "gross_profit": 18604000,
      "operating_income": -16776000,
      "net_income": -25639000,
      "opex": 35380000,
      "cogs": 62995000,
      "rd": 10005000,
      "sga": 24853000,
      "fcf": -9975000,
      "ocf": -9537000,
      "capex": -438000,
      "gross_margin": 0.2279929901101729,
      "op_margin": -0.20559075478866162,
      "fcf_margin": -0.12224414514883761,
      "incr_op_margin_yoy": -0.21665294805701166,
      "rev_growth_yoy": 0.39447330644610024,
      "op_leverage_ratio": 0.507758601638649,
      "fcf_margin_change": 0.017609438205901662
    },
    {
      "date": "2022-03-31T00:00:00",
      "quarter_label": "2022-03 (Q1)",
      "revenue": 80285000,
      "gross_profit": 20613000,
      "operating_income": -12809000,
      "net_income": -15650000,
      "opex": 33422000,
      "cogs": 59672000,
      "rd": 10841000,
      "sga": 22368000,
      "fcf": -21478000,
      "ocf": -21198000,
      "capex": -280000,
      "gross_margin": 0.2567478358348384,
      "op_margin": -0.15954412405804322,
      "fcf_margin": -0.2675219530422869,
      "incr_op_margin_yoy": -0.2629173444883415,
      "rev_growth_yoy": 0.4740117869535682,
      "rev_growth_yoy_accel": 0.07953848050746798,
      "fcf_margin_change": -0.14527780789344927
    },
    {
      "date": "2022-06-30T00:00:00",
      "quarter_label": "2022-06 (Q2)",
      "revenue": 85093000,
      "gross_profit": 21121000,
      "operating_income": -16099000,
      "net_income": -18848000,
      "opex": 37220000,
      "cogs": 63972000,
      "rd": 10101000,
      "sga": 26398000,
      "fcf": -10615000,
      "ocf": -10391000,
      "capex": -224000,
      "gross_margin": 0.2482107811453351,
      "op_margin": -0.18919300059934424,
      "fcf_margin": -0.12474586628747371,
      "incr_op_margin_yoy": 0.05426500650436722,
      "rev_growth_yoy": 0.23412617839013777,
      "rev_growth_yoy_accel": -0.23988560856343044,
      "op_leverage_ratio": 0.5269962462256385,
      "fcf_margin_change": 0.14277608675481318
    },
    {
      "date": "2022-09-30T00:00:00",
      "quarter_label": "2022-09 (Q3)",
      "revenue": 92767000,
      "gross_profit": 21408000,
      "operating_income": -18443000,
      "net_income": -21340000,
      "opex": 39851000,
      "cogs": 71359000,
      "rd": 12843000,
      "sga": 26543000,
      "fcf": -2298000,
      "ocf": -1990000,
      "capex": -308000,
      "gross_margin": 0.23077171839123825,
      "op_margin": -0.19880992163161468,
      "fcf_margin": -0.024771739950628997,
      "incr_op_margin_yoy": -0.29073589588783794,
      "rev_growth_yoy": 0.19145902902645776,
      "rev_growth_yoy_accel": -0.04266714936368002,
      "op_leverage_ratio": 1.2758025925916645,
      "fcf_margin_change": 0.09997412633684472
    },
    {
      "date": "2022-12-31T00:00:00",
      "quarter_label": "2022-12 (Q4)",
      "revenue": 97650000,
      "gross_profit": 26151000,
      "operating_income": -10681000,
      "net_income": -13481000,
      "opex": 36832000,
      "cogs": 71499000,
      "rd": 14858000,
      "sga": 25910000,
      "fcf": -9842000,
      "ocf": -9491000,
      "capex": -351000,
      "gross_margin": 0.2678033794162826,
      "op_margin": -0.10938044034818228,
      "fcf_margin": -0.10078853046594982,
      "incr_op_margin_yoy": 0.3797271198056196,
      "rev_growth_yoy": 0.19670584198335764,
      "rev_growth_yoy_accel": 0.005246812956899882,
      "op_leverage_ratio": Infinity,
      "fcf_margin_change": -0.07601679051532083
    },
    {
      "date": "2023-03-31T00:00:00",
      "quarter_label": "2023-03 (Q1)",
      "revenue": 100437000,
      "gross_profit": 23193000,
      "operating_income": -13864000,
      "net_income": -15905000,
      "opex": 37057000,
      "cogs": 77244000,
      "rd": 14315000,
      "sga": 27478000,
      "fcf": -17571000,
      "ocf": -16748000,
      "capex": -823000,
      "gross_margin": 0.23092087577287254,
      "op_margin": -0.13803677927457011,
      "fcf_margin": -0.17494548821649392,
      "incr_op_margin_yoy": -0.05235212385867408,
      "rev_growth_yoy": 0.2510057918664757,
      "rev_growth_yoy_accel": 0.054299949883118065,
      "op_leverage_ratio": 4.672050247482506,
      "fcf_margin_change": -0.0741569577505441
    },
    {
      "date": "2023-06-30T00:00:00",
      "quarter_label": "2023-06 (Q2)",
      "revenue": 100544000,
      "gross_profit": 20530000,
      "operating_income": -17653000,
      "net_income": -19702000,
      "opex": 38183000,
      "cogs": 80014000,
      "rd": 14888000,
      "sga": 25630000,
      "fcf": 1753000,
      "ocf": 3953000,
      "capex": -2200000,
      "gross_margin": 0.2041892106938256,
      "op_margin": -0.1755748726925525,
      "fcf_margin": 0.017435152768936982,
      "incr_op_margin_yoy": -0.10057601449744354,
      "rev_growth_yoy": 0.18157780310953897,
      "rev_growth_yoy_accel": -0.06942798875693673,
      "fcf_margin_change": 0.1923806409854309
    },
    {
      "date": "2023-09-30T00:00:00",
      "quarter_label": "2023-09 (Q3)",
      "revenue": 107134000,
      "gross_profit": 28186000,
      "operating_income": -13187000,
      "net_income": -15516000,
      "opex": 41373000,
      "cogs": 78948000,
      "rd": 14660000,
      "sga": 26249000,
      "fcf": -7320000,
      "ocf": -5693000,
      "capex": -1627000,
      "gross_margin": 0.2630910821961282,
      "op_margin": -0.12308884201093957,
      "fcf_margin": -0.06832564825358896,
      "incr_op_margin_yoy": 0.3658383796199624,
      "rev_growth_yoy": 0.15487188332057736,
      "rev_growth_yoy_accel": -0.026705919788961613,
      "op_leverage_ratio": 0.7845283101931759,
      "fcf_margin_change": -0.08576080102252594
    },
    {
      "date": "2023-12-31T00:00:00",
      "quarter_label": "2023-12 (Q4)",
      "revenue": 107708000,
      "gross_profit": 26401000,
      "operating_income": -15005000,
      "net_income": -18629000,
      "opex": 41406000,
      "cogs": 81307000,
      "rd": 14493000,
      "sga": null,
      "fcf": 1045000,
      "ocf": 1413000,
      "capex": -368000,
      "gross_margin": 0.24511642589222712,
      "op_margin": -0.1393118431314294,
      "fcf_margin": 0.009702157685594385,
      "incr_op_margin_yoy": -0.42990654205607476,
      "rev_growth_yoy": 0.1030005120327701,
      "rev_growth_yoy_accel": -0.051871371287807264,
      "fcf_margin_change": 0.07802780593918335
    },
    {
      "date": "2024-03-31T00:00:00",
      "quarter_label": "2024-03 (Q1)",
      "revenue": 105497000,
      "gross_profit": 28563000,
      "operating_income": -24671000,
      "net_income": -18288000,
      "opex": 53234000,
      "cogs": 76934000,
      "rd": 15768000,
      "sga": null,
      "fcf": -23621000,
      "ocf": -23576000,
      "capex": -45000,
      "gross_margin": 0.270747035460724,
      "op_margin": -0.23385499113718874,
      "fcf_margin": -0.22390210148155873,
      "incr_op_margin_yoy": -2.1357707509881423,
      "rev_growth_yoy": 0.050379840098768384,
      "rev_growth_yoy_accel": -0.05262067193400171,
      "fcf_margin_change": -0.2336042591671531
    },
    {
      "date": "2024-06-30T00:00:00",
      "quarter_label": "2024-06 (Q2)",
      "revenue": 78150000,
      "gross_profit": 32028000,
      "operating_income": -20735000,
      "net_income": 54190000,
      "opex": 52763000,
      "cogs": 46122000,
      "rd": 16237000,
      "sga": null,
      "fcf": -14208000,
      "ocf": -13846000,
      "capex": -362000,
      "gross_margin": 0.40982725527831093,
      "op_margin": -0.2653230966090851,
      "fcf_margin": -0.1818042226487524,
      "incr_op_margin_yoy": 0.13762614986157007,
      "rev_growth_yoy": -0.22272835773392743,
      "rev_growth_yoy_accel": -0.2731081978326958,
      "fcf_margin_change": 0.04209787883280633
    },
    {
      "date": "2024-09-30T00:00:00",
      "quarter_label": "2024-09 (Q3)",
      "revenue": 96754000,
      "gross_profit": 43031000,
      "operating_income": -15194000,
      "net_income": -19832000,
      "opex": 58225000,
      "cogs": 53723000,
      "rd": 17821000,
      "sga": null,
      "fcf": 8417000,
      "ocf": 8801000,
      "capex": -384000,
      "gross_margin": 0.4447464704301631,
      "op_margin": -0.1570374351448002,
      "fcf_margin": 0.08699381937697666,
      "incr_op_margin_yoy": 0.19335260115606936,
      "rev_growth_yoy": -0.09688800940877779,
      "rev_growth_yoy_accel": 0.12584034832514965,
      "op_leverage_ratio": 2.299615003023273,
      "fcf_margin_change": 0.26879804202572904
    },
    {
      "date": "2024-12-31T00:00:00",
      "quarter_label": "2024-12 (Q4)",
      "revenue": 105005000,
      "gross_profit": 45007000,
      "operating_income": -16425000,
      "net_income": -21057000,
      "opex": 61432000,
      "cogs": 59998000,
      "rd": 17432000,
      "sga": null,
      "fcf": 3196000,
      "ocf": 3375000,
      "capex": -179000,
      "gross_margin": 0.42861768487214896,
      "op_margin": -0.156421122803676,
      "fcf_margin": 0.030436645874006,
      "incr_op_margin_yoy": 0.5253422123566408,
      "rev_growth_yoy": -0.0250956289226427,
      "rev_growth_yoy_accel": 0.0717923804861351,
      "op_leverage_ratio": 1.5482753367318434,
      "fcf_margin_change": -0.056557173502970653
    },
    {
      "date": "2025-03-31T00:00:00",
      "quarter_label": "2025-03 (Q1)",
      "revenue": 103859000,
      "gross_profit": 48342000,
      "operating_income": -15750000,
      "net_income": -24350000,
      "opex": 64092000,
      "cogs": 55517000,
      "rd": 19767000,
      "sga": null,
      "fcf": -17584000,
      "ocf": -17171000,
      "capex": -413000,
      "gross_margin": 0.46545797667992184,
      "op_margin": -0.15164790725887983,
      "fcf_margin": -0.16930646357080273,
      "incr_op_margin_yoy": -5.4462759462759465,
      "rev_growth_yoy": -0.015526507862782828,
      "rev_growth_yoy_accel": 0.009569121059859872,
      "fcf_margin_change": -0.19974310944480872
    },
    {
      "date": "2025-06-30T00:00:00",
      "quarter_label": "2025-06 (Q2)",
      "revenue": 112404000,
      "gross_profit": 50992000,
      "operating_income": -17307000,
      "net_income": -21040000,
      "opex": 68299000,
      "cogs": 61412000,
      "rd": 20934000,
      "sga": null,
      "fcf": -7409000,
      "ocf": -6627000,
      "capex": -782000,
      "gross_margin": 0.4536493363225508,
      "op_margin": -0.1539713889185438,
      "fcf_margin": -0.06591402441194263,
      "incr_op_margin_yoy": 0.10007590354411164,
      "rev_growth_yoy": 0.4383109404990403,
      "rev_growth_yoy_accel": 0.4538374483618231,
      "op_leverage_ratio": 1.253427567924188,
      "fcf_margin_change": 0.1033924391588601
    },
    {
      "date": "2025-09-30T00:00:00",
      "quarter_label": "2025-09 (Q3)",
      "revenue": 119183000,
      "gross_profit": 49215000,
      "operating_income": -17653000,
      "net_income": -18177000,
      "opex": 66868000,
      "cogs": 69968000,
      "rd": 19276000,
      "sga": null,
      "fcf": 7046000,
      "ocf": 8392000,
      "capex": -1346000,
      "gross_margin": 0.4129364087160082,
      "op_margin": -0.14811676161868723,
      "fcf_margin": 0.059119169680239635,
      "incr_op_margin_yoy": -0.1096348477417629,
      "rev_growth_yoy": 0.23181470533517995,
      "rev_growth_yoy_accel": -0.20649623516386034,
      "op_leverage_ratio": Infinity,
      "fcf_margin_change": 0.12503319409218228
    }
  ],
  "signals": [
    {
      "quarter": "2025-09 (Q3)",
      "signal": "FCF TURNED POSITIVE",
      "detail": "FCF margin: -6.6% -> +5.9%",
      "severity": "HIGH"
    },
    {
      "quarter": "2025-09 (Q3)",
      "signal": "YoY REVENUE GROWTH DECELERATION",
      "detail": "YoY growth: +23.2% vs prior quarter YoY: +43.8% (decel: -20.6%)",
      "severity": "WARNING"
    },
    {
      "quarter": "2025-06 (Q2)",
      "signal": "FCF MARGIN EXPANSION",
      "detail": "FCF margin: -16.9% -> -6.6% (+10.3%)",
      "severity": "MEDIUM"
    },
    {
      "quarter": "2025-06 (Q2)",
      "signal": "YoY REVENUE GROWTH ACCELERATION",
      "detail": "YoY growth: +43.8% vs prior quarter YoY: -1.6% (accel: +45.4%)",
      "severity": "HIGH"
    },
    {
      "quarter": "2025-03 (Q1)",
      "signal": "GROSS MARGIN INFLECTION",
      "detail": "GM: +44.5% -> +42.9% -> +46.5% (reversal +3.7%)",
      "severity": "MEDIUM"
    },
    {
      "quarter": "2024-12 (Q4)",
      "signal": "OPERATING LEVERAGE",
      "detail": "Rev growth +8.5% vs OpEx growth +5.5% (leverage: 1.5x)",
      "severity": "MEDIUM"
    },
    {
      "quarter": "2024-12 (Q4)",
      "signal": "YoY REVENUE GROWTH ACCELERATION",
      "detail": "YoY growth: -2.5% vs prior quarter YoY: -9.7% (accel: +7.2%)",
      "severity": "MEDIUM"
    },
    {
      "quarter": "2024-09 (Q3)",
      "signal": "FCF TURNED POSITIVE",
      "detail": "FCF margin: -18.2% -> +8.7%",
      "severity": "HIGH"
    },
    {
      "quarter": "2024-09 (Q3)",
      "signal": "OPERATING LEVERAGE",
      "detail": "Rev growth +23.8% vs OpEx growth +10.4% (leverage: 2.3x)",
      "severity": "MEDIUM"
    },
    {
      "quarter": "2024-09 (Q3)",
      "signal": "YoY REVENUE GROWTH ACCELERATION",
      "detail": "YoY growth: -9.7% vs prior quarter YoY: -22.3% (accel: +12.6%)",
      "severity": "MEDIUM"
    },
    {
      "quarter": "2024-06 (Q2)",
      "signal": "YoY REVENUE GROWTH DECELERATION",
      "detail": "YoY growth: -22.3% vs prior quarter YoY: +5.0% (decel: -27.3%)",
      "severity": "WARNING"
    },
    {
      "quarter": "2024-03 (Q1)",
      "signal": "GROSS MARGIN INFLECTION",
      "detail": "GM: +26.3% -> +24.5% -> +27.1% (reversal +2.6%)",
      "severity": "MEDIUM"
    },
    {
      "quarter": "2024-03 (Q1)",
      "signal": "YoY REVENUE GROWTH DECELERATION",
      "detail": "YoY growth: +5.0% vs prior quarter YoY: +10.3% (decel: -5.3%)",
      "severity": "WARNING"
    },
    {
      "quarter": "2023-12 (Q4)",
      "signal": "FCF TURNED POSITIVE",
      "detail": "FCF margin: -6.8% -> +1.0%",
      "severity": "HIGH"
    },
    {
      "quarter": "2023-12 (Q4)",
      "signal": "YoY REVENUE GROWTH DECELERATION",
      "detail": "YoY growth: +10.3% vs prior quarter YoY: +15.5% (decel: -5.2%)",
      "severity": "WARNING"
    },
    {
      "quarter": "2023-09 (Q3)",
      "signal": "GROSS MARGIN INFLECTION",
      "detail": "GM: +23.1% -> +20.4% -> +26.3% (reversal +5.9%)",
      "severity": "HIGH"
    },
    {
      "quarter": "2023-06 (Q2)",
      "signal": "FCF TURNED POSITIVE",
      "detail": "FCF margin: -17.5% -> +1.7%",
      "severity": "HIGH"
    },
    {
      "quarter": "2023-06 (Q2)",
      "signal": "YoY REVENUE GROWTH DECELERATION",
      "detail": "YoY growth: +18.2% vs prior quarter YoY: +25.1% (decel: -6.9%)",
      "severity": "WARNING"
    },
    {
      "quarter": "2023-03 (Q1)",
      "signal": "OPERATING LEVERAGE",
      "detail": "Rev growth +2.9% vs OpEx growth +0.6% (leverage: 4.7x)",
      "severity": "MEDIUM"
    },
    {
      "quarter": "2023-03 (Q1)",
      "signal": "YoY REVENUE GROWTH ACCELERATION",
      "detail": "YoY growth: +25.1% vs prior quarter YoY: +19.7% (accel: +5.4%)",
      "severity": "MEDIUM"
    },
    {
      "quarter": "2022-12 (Q4)",
      "signal": "GROSS MARGIN INFLECTION",
      "detail": "GM: +24.8% -> +23.1% -> +26.8% (reversal +3.7%)",
      "severity": "MEDIUM"
    },
    {
      "quarter": "2022-09 (Q3)",
      "signal": "FCF MARGIN EXPANSION",
      "detail": "FCF margin: -12.5% -> -2.5% (+10.0%)",
      "severity": "MEDIUM"
    },
    {
      "quarter": "2022-06 (Q2)",
      "signal": "FCF MARGIN EXPANSION",
      "detail": "FCF margin: -26.8% -> -12.5% (+14.3%)",
      "severity": "MEDIUM"
    },
    {
      "quarter": "2022-06 (Q2)",
      "signal": "YoY REVENUE GROWTH DECELERATION",
      "detail": "YoY growth: +23.4% vs prior quarter YoY: +47.4% (decel: -24.0%)",
      "severity": "WARNING"
    },
    {
      "quarter": "2022-03 (Q1)",
      "signal": "GROSS MARGIN INFLECTION",
      "detail": "GM: +23.4% -> +22.8% -> +25.7% (reversal +2.9%)",
      "severity": "MEDIUM"
    },
    {
      "quarter": "2022-03 (Q1)",
      "signal": "YoY REVENUE GROWTH ACCELERATION",
      "detail": "YoY growth: +47.4% vs prior quarter YoY: +39.4% (accel: +8.0%)",
      "severity": "MEDIUM"
    },
    {
      "quarter": "2021-09 (Q3)",
      "signal": "FCF MARGIN EXPANSION",
      "detail": "FCF margin: -43.6% -> -14.0% (+29.6%)",
      "severity": "MEDIUM"
    },
    {
      "quarter": "2021-09 (Q3)",
      "signal": "OPERATING LEVERAGE",
      "detail": "Rev growth +12.9% vs OpEx growth +0.8% (leverage: 16.9x)",
      "severity": "MEDIUM"
    }
  ],
  "data_quality": {
    "n_quarters": 20,
    "coverage": {
      "revenue": [
        20,
        20
      ],
      "gross_profit": [
        20,
        20
      ],
      "op_income": [
        20,
        20
      ],
      "fcf": [
        20,
        20
      ]
    },
    "gaps": [],
    "warnings": []
  },
  "market_cap": null,
  "source": "SEC EDGAR",
  "last_updated": "2026-02-02T21:57:05.834267"
}