{
  "ticker": "PARR",
  "name": "PAR PACIFIC HOLDINGS, INC.",
  "quarters": [
    {
      "date": "2020-12-31T00:00:00",
      "quarter_label": "2020-12 (Q4)",
      "revenue": 715505000,
      "gross_profit": 4586000,
      "operating_income": -114132000,
      "net_income": -131918000,
      "opex": 829637000,
      "cogs": 710919000,
      "rd": null,
      "sga": null,
      "fcf": -84238000,
      "ocf": -63167000,
      "capex": -21071000,
      "gross_margin": 0.006409459053395853,
      "op_margin": -0.159512512141774,
      "fcf_margin": -0.1177322310815438
    },
    {
      "date": "2021-03-31T00:00:00",
      "quarter_label": "2021-03 (Q1)",
      "revenue": 888680000,
      "gross_profit": -183000,
      "operating_income": -44662000,
      "net_income": -62227000,
      "opex": 933342000,
      "cogs": 888863000,
      "rd": null,
      "sga": null,
      "fcf": -38915000,
      "ocf": -30737000,
      "capex": -8178000,
      "gross_margin": -0.00020592339199711933,
      "op_margin": -0.05025656029166854,
      "fcf_margin": -0.04378966557140928,
      "op_leverage_ratio": 1.9362478114859623,
      "fcf_margin_change": 0.07394256551013453
    },
    {
      "date": "2021-06-30T00:00:00",
      "quarter_label": "2021-06 (Q2)",
      "revenue": 1217525000,
      "gross_profit": 20227000,
      "operating_income": -84501000,
      "net_income": -108958000,
      "opex": 1302026000,
      "cogs": 1197298000,
      "rd": null,
      "sga": null,
      "fcf": 26723000,
      "ocf": 32552000,
      "capex": -5829000,
      "gross_margin": 0.01661321122769553,
      "op_margin": -0.06940391367733723,
      "fcf_margin": 0.021948625284901747,
      "op_leverage_ratio": 0.9367686652231009,
      "fcf_margin_change": 0.06573829085631103
    },
    {
      "date": "2021-09-30T00:00:00",
      "quarter_label": "2021-09 (Q3)",
      "revenue": 1310368000,
      "gross_profit": 211946000,
      "operating_income": 97793000,
      "net_income": 81802000,
      "opex": 1212575000,
      "cogs": 1098422000,
      "rd": null,
      "sga": null,
      "fcf": 45771000,
      "ocf": 52779000,
      "capex": -7008000,
      "gross_margin": 0.16174540281813965,
      "op_margin": 0.0746301802241813,
      "fcf_margin": 0.03492988229260788,
      "op_leverage_ratio": Infinity,
      "fcf_margin_change": 0.01298125700770613
    },
    {
      "date": "2021-12-31T00:00:00",
      "quarter_label": "2021-12 (Q4)",
      "revenue": 1293516000,
      "gross_profit": 139625000,
      "operating_income": 23751000,
      "net_income": 8086000,
      "opex": 1269765000,
      "cogs": 1153891000,
      "rd": null,
      "sga": null,
      "fcf": -90734000,
      "ocf": -82216000,
      "capex": -8518000,
      "gross_margin": 0.10794222877799733,
      "op_margin": 0.018361581920903956,
      "fcf_margin": -0.07014524752689569,
      "incr_op_margin_yoy": 0.2385473632854738,
      "rev_growth_yoy": 0.8078364232255539,
      "fcf_margin_change": -0.10507512981950357
    },
    {
      "date": "2022-03-31T00:00:00",
      "quarter_label": "2022-03 (Q1)",
      "revenue": 1350293000,
      "gross_profit": 44000,
      "operating_income": -121096000,
      "net_income": -137051000,
      "opex": 1471389000,
      "cogs": 1350249000,
      "rd": null,
      "sga": null,
      "fcf": -24018000,
      "ocf": -7685000,
      "capex": -16333000,
      "gross_margin": 3.258552032781033e-05,
      "op_margin": -0.08968127658219364,
      "fcf_margin": -0.01778725061893974,
      "incr_op_margin_yoy": -0.1655802587882057,
      "rev_growth_yoy": 0.5194366926227664,
      "rev_growth_yoy_accel": -0.28839973060278756,
      "op_leverage_ratio": 0.2764278283501807,
      "fcf_margin_change": 0.05235799690795595
    },
    {
      "date": "2022-06-30T00:00:00",
      "quarter_label": "2022-06 (Q2)",
      "revenue": 2106332000,
      "gross_profit": 297407000,
      "operating_income": 174029000,
      "net_income": 149125000,
      "opex": 1932303000,
      "cogs": 1808925000,
      "rd": null,
      "sga": null,
      "fcf": 22655000,
      "ocf": 35342000,
      "capex": -12687000,
      "gross_margin": 0.14119663946614303,
      "op_margin": 0.0826218278979762,
      "fcf_margin": 0.010755664349209906,
      "incr_op_margin_yoy": 0.2908730466794253,
      "rev_growth_yoy": 0.7300112934025995,
      "rev_growth_yoy_accel": 0.21057460077983314,
      "op_leverage_ratio": 1.787408372637683,
      "fcf_margin_change": 0.028542914968149646
    },
    {
      "date": "2022-09-30T00:00:00",
      "quarter_label": "2022-09 (Q3)",
      "revenue": 2056285000,
      "gross_profit": 413659000,
      "operating_income": 284171000,
      "net_income": 267396000,
      "opex": 1772114000,
      "cogs": 1642626000,
      "rd": null,
      "sga": null,
      "fcf": 332358000,
      "ocf": 341396000,
      "capex": -9038000,
      "gross_margin": 0.20116812601366055,
      "op_margin": 0.138196310336359,
      "fcf_margin": 0.1616303187544528,
      "incr_op_margin_yoy": 0.2498642610370859,
      "rev_growth_yoy": 0.5692423807663191,
      "rev_growth_yoy_accel": -0.16076891263628046,
      "fcf_margin_change": 0.1508746544052429
    },
    {
      "date": "2022-12-31T00:00:00",
      "quarter_label": "2022-12 (Q4)",
      "revenue": 1808875000,
      "gross_profit": 234661000,
      "operating_income": 100799000,
      "net_income": 84719000,
      "opex": 1708076000,
      "cogs": 1574214000,
      "rd": null,
      "sga": null,
      "fcf": 68586000,
      "ocf": 83553000,
      "capex": -14967000,
      "gross_margin": 0.12972759311726903,
      "op_margin": 0.05572469076083201,
      "fcf_margin": 0.03791638449312418,
      "incr_op_margin_yoy": 0.14950354995255735,
      "rev_growth_yoy": 0.3984171823154874,
      "rev_growth_yoy_accel": -0.17082519845083166,
      "fcf_margin_change": -0.12371393426132862
    },
    {
      "date": "2023-03-31T00:00:00",
      "quarter_label": "2023-03 (Q1)",
      "revenue": 1685209000,
      "gross_profit": 396189000,
      "operating_income": 261402000,
      "net_income": 237890000,
      "opex": 1423807000,
      "cogs": 1289020000,
      "rd": null,
      "sga": null,
      "fcf": 125882000,
      "ocf": 139095000,
      "capex": -13213000,
      "gross_margin": 0.23509784246345705,
      "op_margin": 0.15511547825818636,
      "fcf_margin": 0.07469815316675854,
      "incr_op_margin_yoy": 1.1420714447801836,
      "rev_growth_yoy": 0.24803209377520286,
      "rev_growth_yoy_accel": -0.15038508854028454,
      "fcf_margin_change": 0.03678176867363436
    },
    {
      "date": "2023-06-30T00:00:00",
      "quarter_label": "2023-06 (Q2)",
      "revenue": 1783927000,
      "gross_profit": 209121000,
      "operating_income": 46433000,
      "net_income": 30013000,
      "opex": 1737494000,
      "cogs": 1574806000,
      "rd": null,
      "sga": null,
      "fcf": 155629000,
      "ocf": 173145000,
      "capex": -17516000,
      "gross_margin": 0.11722508824632398,
      "op_margin": 0.026028531436544208,
      "fcf_margin": 0.0872395563271367,
      "incr_op_margin_yoy": 0.39576309300414075,
      "rev_growth_yoy": -0.15306466407005165,
      "rev_growth_yoy_accel": -0.4010967578452545,
      "op_leverage_ratio": 0.2658870473347903,
      "fcf_margin_change": 0.012541403160378162
    },
    {
      "date": "2023-09-30T00:00:00",
      "quarter_label": "2023-09 (Q3)",
      "revenue": 2579308000,
      "gross_profit": 404923000,
      "operating_income": 196873000,
      "net_income": 171415000,
      "opex": 2382435000,
      "cogs": 2174385000,
      "rd": null,
      "sga": null,
      "fcf": 246216000,
      "ocf": 269205000,
      "capex": -22989000,
      "gross_margin": 0.15698900635364213,
      "op_margin": 0.07632783676862166,
      "fcf_margin": 0.09545816164645711,
      "incr_op_margin_yoy": -0.16691044179701467,
      "rev_growth_yoy": 0.25435336055070185,
      "rev_growth_yoy_accel": 0.4074180246207535,
      "op_leverage_ratio": 1.2011616576360782,
      "fcf_margin_change": 0.008218605319320407
    },
    {
      "date": "2023-12-31T00:00:00",
      "quarter_label": "2023-12 (Q4)",
      "revenue": 2183511000,
      "gross_profit": 383613000,
      "operating_income": 175298000,
      "net_income": 289324000,
      "opex": 2008213000,
      "cogs": 1799898000,
      "rd": null,
      "sga": null,
      "fcf": -30848000,
      "ocf": -2289000,
      "capex": -28559000,
      "gross_margin": 0.17568631438082977,
      "op_margin": 0.08028262738314577,
      "fcf_margin": -0.0141277053332912,
      "incr_op_margin_yoy": 0.19885702388451723,
      "rev_growth_yoy": 0.207109944025983,
      "rev_growth_yoy_accel": -0.047243416524718834,
      "fcf_margin_change": -0.10958586697974831
    },
    {
      "date": "2024-03-31T00:00:00",
      "quarter_label": "2024-03 (Q1)",
      "revenue": 1980835000,
      "gross_profit": 233357000,
      "operating_income": 9515000,
      "net_income": -3751000,
      "opex": 1971320000,
      "cogs": 1747478000,
      "rd": null,
      "sga": null,
      "fcf": 2789000,
      "ocf": 25431000,
      "capex": -22642000,
      "gross_margin": 0.11780738930804434,
      "op_margin": 0.00480352982454369,
      "fcf_margin": 0.0014079920841463323,
      "incr_op_margin_yoy": -0.852046166440029,
      "rev_growth_yoy": 0.17542393851445132,
      "rev_growth_yoy_accel": -0.031686005511531695,
      "fcf_margin_change": 0.015535697417437532
    },
    {
      "date": "2024-06-30T00:00:00",
      "quarter_label": "2024-06 (Q2)",
      "revenue": 2017468000,
      "gross_profit": 247271000,
      "operating_income": 48641000,
      "net_income": 18638000,
      "opex": 1968827000,
      "cogs": 1770197000,
      "rd": null,
      "sga": null,
      "fcf": -41566000,
      "ocf": -4676000,
      "capex": -36890000,
      "gross_margin": 0.12256501714029665,
      "op_margin": 0.024109923924443905,
      "fcf_margin": -0.020603052935659946,
      "incr_op_margin_yoy": 0.009454442688864053,
      "rev_growth_yoy": 0.130913989193504,
      "rev_growth_yoy_accel": -0.04450994932094732,
      "op_leverage_ratio": Infinity,
      "fcf_margin_change": -0.022011045019806278
    },
    {
      "date": "2024-09-30T00:00:00",
      "quarter_label": "2024-09 (Q3)",
      "revenue": 2143933000,
      "gross_profit": 238733000,
      "operating_income": 36431000,
      "net_income": 7486000,
      "opex": 2107502000,
      "cogs": 1905200000,
      "rd": null,
      "sga": null,
      "fcf": 50155000,
      "ocf": 78487000,
      "capex": -28332000,
      "gross_margin": 0.11135282679076258,
      "op_margin": 0.01699260191433221,
      "fcf_margin": 0.023393921358549917,
      "incr_op_margin_yoy": 0.3685144989951192,
      "rev_growth_yoy": -0.1687952737711045,
      "rev_growth_yoy_accel": -0.29970926296460854,
      "op_leverage_ratio": 0.8899653035579247,
      "fcf_margin_change": 0.04399697429420986
    },
    {
      "date": "2024-12-31T00:00:00",
      "quarter_label": "2024-12 (Q4)",
      "revenue": 1832221000,
      "gross_profit": 153948000,
      "operating_income": -46959000,
      "net_income": -55695000,
      "opex": 1879180000,
      "cogs": 1678273000,
      "rd": null,
      "sga": null,
      "fcf": -63142000,
      "ocf": -15466000,
      "capex": -47676000,
      "gross_margin": 0.08402261517578938,
      "op_margin": -0.025629550147061954,
      "fcf_margin": -0.03446199994432986,
      "incr_op_margin_yoy": 0.6326880924592218,
      "rev_growth_yoy": -0.1608830914980506,
      "rev_growth_yoy_accel": 0.007912182273053903,
      "fcf_margin_change": -0.057855921302879774
    },
    {
      "date": "2025-03-31T00:00:00",
      "quarter_label": "2025-03 (Q1)",
      "revenue": 1745036000,
      "gross_profit": 185676000,
      "operating_income": -15776000,
      "net_income": -30400000,
      "opex": 1760812000,
      "cogs": 1559360000,
      "rd": null,
      "sga": null,
      "fcf": -42332000,
      "ocf": -1399000,
      "capex": -40933000,
      "gross_margin": 0.10640238940629305,
      "op_margin": -0.009040501170176431,
      "fcf_margin": -0.024258525325552022,
      "incr_op_margin_yoy": 0.10725660414166302,
      "rev_growth_yoy": -0.11904020274278272,
      "rev_growth_yoy_accel": 0.041842888755267885,
      "fcf_margin_change": 0.010203474618777835
    },
    {
      "date": "2025-06-30T00:00:00",
      "quarter_label": "2025-06 (Q2)",
      "revenue": 1893438000,
      "gross_profit": 299959000,
      "operating_income": 96760000,
      "net_income": 59460000,
      "opex": 1796678000,
      "cogs": 1593479000,
      "rd": null,
      "sga": null,
      "fcf": 85452000,
      "ocf": 133578000,
      "capex": -48126000,
      "gross_margin": 0.15842029155430493,
      "op_margin": 0.05110280875317808,
      "fcf_margin": 0.045130603695499934,
      "incr_op_margin_yoy": -0.3879625896960413,
      "rev_growth_yoy": -0.0614780507051413,
      "rev_growth_yoy_accel": 0.05756215203764142,
      "op_leverage_ratio": 4.175085832115555,
      "fcf_margin_change": 0.06938912902105196
    },
    {
      "date": "2025-09-30T00:00:00",
      "quarter_label": "2025-09 (Q3)",
      "revenue": 2012936000,
      "gross_profit": 559239000,
      "operating_income": 358516000,
      "net_income": 262631000,
      "opex": 1654420000,
      "cogs": 1453697000,
      "rd": null,
      "sga": null,
      "fcf": 187079000,
      "ocf": 219358000,
      "capex": -32279000,
      "gross_margin": 0.27782254378678706,
      "op_margin": 0.1781060103252165,
      "fcf_margin": 0.09293837459313163,
      "incr_op_margin_yoy": -2.458720428712108,
      "rev_growth_yoy": -0.06110125642918879,
      "rev_growth_yoy_accel": 0.0003767942759525106,
      "op_leverage_ratio": Infinity,
      "fcf_margin_change": 0.0478077708976317
    }
  ],
  "signals": [
    {
      "quarter": "2025-06 (Q2)",
      "signal": "FCF TURNED POSITIVE",
      "detail": "FCF margin: -2.4% -> +4.5%",
      "severity": "HIGH"
    },
    {
      "quarter": "2025-06 (Q2)",
      "signal": "OPERATING LEVERAGE",
      "detail": "Rev growth +8.5% vs OpEx growth +2.0% (leverage: 4.2x)",
      "severity": "MEDIUM"
    },
    {
      "quarter": "2025-06 (Q2)",
      "signal": "YoY REVENUE GROWTH ACCELERATION",
      "detail": "YoY growth: -6.1% vs prior quarter YoY: -11.9% (accel: +5.8%)",
      "severity": "MEDIUM"
    },
    {
      "quarter": "2025-06 (Q2)",
      "signal": "OP MARGIN TURNED POSITIVE (QoQ)",
      "detail": "Op margin: -0.9% -> +5.1%",
      "severity": "HIGH"
    },
    {
      "quarter": "2025-03 (Q1)",
      "signal": "GROSS MARGIN INFLECTION",
      "detail": "GM: +11.1% -> +8.4% -> +10.6% (reversal +2.2%)",
      "severity": "MEDIUM"
    },
    {
      "quarter": "2024-09 (Q3)",
      "signal": "FCF TURNED POSITIVE",
      "detail": "FCF margin: -2.1% -> +2.3%",
      "severity": "HIGH"
    },
    {
      "quarter": "2024-09 (Q3)",
      "signal": "YoY REVENUE GROWTH DECELERATION",
      "detail": "YoY growth: -16.9% vs prior quarter YoY: +13.1% (decel: -30.0%)",
      "severity": "WARNING"
    },
    {
      "quarter": "2024-09 (Q3)",
      "signal": "INCREMENTAL MARGIN (YoY)",
      "detail": "YoY Incr OPM: +36.9% vs year-ago OPM: +7.6%",
      "severity": "HIGH"
    },
    {
      "quarter": "2024-03 (Q1)",
      "signal": "FCF TURNED POSITIVE",
      "detail": "FCF margin: -1.4% -> +0.1%",
      "severity": "HIGH"
    },
    {
      "quarter": "2023-12 (Q4)",
      "signal": "INCREMENTAL MARGIN (YoY)",
      "detail": "YoY Incr OPM: +19.9% vs year-ago OPM: +5.6%",
      "severity": "MEDIUM"
    },
    {
      "quarter": "2023-09 (Q3)",
      "signal": "GROSS MARGIN INFLECTION",
      "detail": "GM: +23.5% -> +11.7% -> +15.7% (reversal +4.0%)",
      "severity": "MEDIUM"
    },
    {
      "quarter": "2023-09 (Q3)",
      "signal": "YoY REVENUE GROWTH ACCELERATION",
      "detail": "YoY growth: +25.4% vs prior quarter YoY: -15.3% (accel: +40.7%)",
      "severity": "HIGH"
    },
    {
      "quarter": "2023-06 (Q2)",
      "signal": "YoY REVENUE GROWTH DECELERATION",
      "detail": "YoY growth: -15.3% vs prior quarter YoY: +24.8% (decel: -40.1%)",
      "severity": "WARNING"
    },
    {
      "quarter": "2023-06 (Q2)",
      "signal": "INCREMENTAL MARGIN (YoY)",
      "detail": "YoY Incr OPM: +39.6% vs year-ago OPM: +8.3%",
      "severity": "HIGH"
    },
    {
      "quarter": "2023-03 (Q1)",
      "signal": "GROSS MARGIN INFLECTION",
      "detail": "GM: +20.1% -> +13.0% -> +23.5% (reversal +10.5%)",
      "severity": "HIGH"
    },
    {
      "quarter": "2023-03 (Q1)",
      "signal": "YoY REVENUE GROWTH DECELERATION",
      "detail": "YoY growth: +24.8% vs prior quarter YoY: +39.8% (decel: -15.0%)",
      "severity": "WARNING"
    },
    {
      "quarter": "2023-03 (Q1)",
      "signal": "OP MARGIN TURNED POSITIVE (YoY)",
      "detail": "Op margin: -9.0% (year-ago) -> +15.5%",
      "severity": "HIGH"
    },
    {
      "quarter": "2022-12 (Q4)",
      "signal": "YoY REVENUE GROWTH DECELERATION",
      "detail": "YoY growth: +39.8% vs prior quarter YoY: +56.9% (decel: -17.1%)",
      "severity": "WARNING"
    },
    {
      "quarter": "2022-12 (Q4)",
      "signal": "INCREMENTAL MARGIN (YoY)",
      "detail": "YoY Incr OPM: +15.0% vs year-ago OPM: +1.8%",
      "severity": "MEDIUM"
    },
    {
      "quarter": "2022-09 (Q3)",
      "signal": "FCF MARGIN EXPANSION",
      "detail": "FCF margin: +1.1% -> +16.2% (+15.1%)",
      "severity": "MEDIUM"
    },
    {
      "quarter": "2022-09 (Q3)",
      "signal": "YoY REVENUE GROWTH DECELERATION",
      "detail": "YoY growth: +56.9% vs prior quarter YoY: +73.0% (decel: -16.1%)",
      "severity": "WARNING"
    },
    {
      "quarter": "2022-09 (Q3)",
      "signal": "INCREMENTAL MARGIN (YoY)",
      "detail": "YoY Incr OPM: +25.0% vs year-ago OPM: +7.5%",
      "severity": "MEDIUM"
    },
    {
      "quarter": "2022-06 (Q2)",
      "signal": "FCF TURNED POSITIVE",
      "detail": "FCF margin: -1.8% -> +1.1%",
      "severity": "HIGH"
    },
    {
      "quarter": "2022-06 (Q2)",
      "signal": "OPERATING LEVERAGE",
      "detail": "Rev growth +56.0% vs OpEx growth +31.3% (leverage: 1.8x)",
      "severity": "MEDIUM"
    },
    {
      "quarter": "2022-06 (Q2)",
      "signal": "GROSS MARGIN INFLECTION",
      "detail": "GM: +10.8% -> +0.0% -> +14.1% (reversal +14.1%)",
      "severity": "HIGH"
    },
    {
      "quarter": "2022-06 (Q2)",
      "signal": "YoY REVENUE GROWTH ACCELERATION",
      "detail": "YoY growth: +73.0% vs prior quarter YoY: +51.9% (accel: +21.1%)",
      "severity": "HIGH"
    },
    {
      "quarter": "2022-06 (Q2)",
      "signal": "OP MARGIN TURNED POSITIVE (YoY)",
      "detail": "Op margin: -6.9% (year-ago) -> +8.3%",
      "severity": "HIGH"
    },
    {
      "quarter": "2022-06 (Q2)",
      "signal": "OP MARGIN TURNED POSITIVE (QoQ)",
      "detail": "Op margin: -9.0% -> +8.3%",
      "severity": "HIGH"
    },
    {
      "quarter": "2022-03 (Q1)",
      "signal": "FCF MARGIN EXPANSION",
      "detail": "FCF margin: -7.0% -> -1.8% (+5.2%)",
      "severity": "MEDIUM"
    },
    {
      "quarter": "2022-03 (Q1)",
      "signal": "YoY REVENUE GROWTH DECELERATION",
      "detail": "YoY growth: +51.9% vs prior quarter YoY: +80.8% (decel: -28.8%)",
      "severity": "WARNING"
    },
    {
      "quarter": "2021-12 (Q4)",
      "signal": "OP MARGIN TURNED POSITIVE (YoY)",
      "detail": "Op margin: -16.0% (year-ago) -> +1.8%",
      "severity": "HIGH"
    },
    {
      "quarter": "2021-09 (Q3)",
      "signal": "OP MARGIN TURNED POSITIVE (QoQ)",
      "detail": "Op margin: -6.9% -> +7.5%",
      "severity": "HIGH"
    },
    {
      "quarter": "2021-06 (Q2)",
      "signal": "FCF TURNED POSITIVE",
      "detail": "FCF margin: -4.4% -> +2.2%",
      "severity": "HIGH"
    },
    {
      "quarter": "2021-03 (Q1)",
      "signal": "FCF MARGIN EXPANSION",
      "detail": "FCF margin: -11.8% -> -4.4% (+7.4%)",
      "severity": "MEDIUM"
    },
    {
      "quarter": "2021-03 (Q1)",
      "signal": "OPERATING LEVERAGE",
      "detail": "Rev growth +24.2% vs OpEx growth +12.5% (leverage: 1.9x)",
      "severity": "MEDIUM"
    }
  ],
  "data_quality": {
    "n_quarters": 20,
    "coverage": {
      "revenue": [
        20,
        20
      ],
      "gross_profit": [
        20,
        20
      ],
      "op_income": [
        20,
        20
      ],
      "fcf": [
        20,
        20
      ]
    },
    "gaps": [],
    "warnings": []
  },
  "market_cap": null,
  "source": "SEC EDGAR",
  "last_updated": "2026-02-02T21:41:22.612651"
}