{
  "ticker": "PATH",
  "name": "UiPath, Inc.",
  "quarters": [
    {
      "date": "2021-01-31T00:00:00",
      "quarter_label": "2021-01 (Q1)",
      "revenue": 207875000,
      "gross_profit": 187739000,
      "operating_income": 14591000,
      "net_income": 26256000,
      "opex": 173148000,
      "cogs": 20136000,
      "rd": 29194000,
      "sga": null,
      "fcf": 17215000,
      "ocf": 18179000,
      "capex": -964000,
      "gross_margin": 0.9031340950090199,
      "op_margin": 0.07019122068550812,
      "fcf_margin": 0.0828141912206855
    },
    {
      "date": "2021-04-30T00:00:00",
      "quarter_label": "2021-04 (Q2)",
      "revenue": 186217000,
      "gross_profit": 137207000,
      "operating_income": -235999000,
      "net_income": -239663000,
      "opex": 373206000,
      "cogs": 49010000,
      "rd": 93040000,
      "sga": null,
      "fcf": -19722000,
      "ocf": -17522000,
      "capex": -2200000,
      "gross_margin": 0.7368124285108234,
      "op_margin": -1.267333272472438,
      "fcf_margin": -0.10590869791694636,
      "fcf_margin_change": -0.18872288913763186
    },
    {
      "date": "2021-07-31T00:00:00",
      "quarter_label": "2021-07 (Q3)",
      "revenue": 195521000,
      "gross_profit": 159927000,
      "operating_income": -97821000,
      "net_income": -100026000,
      "opex": 257748000,
      "cogs": 35594000,
      "rd": 57646000,
      "sga": null,
      "fcf": -7442000,
      "ocf": -6001000,
      "capex": -1441000,
      "gross_margin": 0.8179530587507224,
      "op_margin": -0.5003094296776306,
      "fcf_margin": -0.038062407618618975,
      "op_leverage_ratio": Infinity,
      "fcf_margin_change": 0.0678462902983274
    },
    {
      "date": "2021-10-31T00:00:00",
      "quarter_label": "2021-10 (Q4)",
      "revenue": 220816000,
      "gross_profit": 177716000,
      "operating_income": -116247000,
      "net_income": -122787000,
      "opex": 293963000,
      "cogs": 43100000,
      "rd": 61559000,
      "sga": null,
      "fcf": -27504000,
      "ocf": -25426000,
      "capex": -2078000,
      "gross_margin": 0.8048148684877907,
      "op_margin": -0.5264428302296935,
      "fcf_margin": -0.12455619158032026,
      "op_leverage_ratio": 0.9207634859808143,
      "fcf_margin_change": -0.08649378396170129
    },
    {
      "date": "2022-01-31T00:00:00",
      "quarter_label": "2022-01 (Q1)",
      "revenue": 289698000,
      "gross_profit": 248534000,
      "operating_income": -50879000,
      "net_income": -63110000,
      "opex": 299413000,
      "cogs": 41164000,
      "rd": 64412000,
      "sga": null,
      "fcf": -9174000,
      "ocf": -6014000,
      "capex": -3160000,
      "gross_margin": 0.8579071999116321,
      "op_margin": -0.17562772266291102,
      "fcf_margin": -0.031667460596897457,
      "incr_op_margin_yoy": -0.8001417694291336,
      "rev_growth_yoy": 0.39361635598316297,
      "op_leverage_ratio": 16.82563170698307,
      "fcf_margin_change": 0.0928887309834228
    },
    {
      "date": "2022-04-30T00:00:00",
      "quarter_label": "2022-04 (Q2)",
      "revenue": 245066000,
      "gross_profit": 200050000,
      "operating_income": -115952000,
      "net_income": -122561000,
      "opex": 316002000,
      "cogs": 45016000,
      "rd": 68690000,
      "sga": null,
      "fcf": -62576000,
      "ocf": -52884000,
      "capex": -9692000,
      "gross_margin": 0.8163107081357676,
      "op_margin": -0.473146009646381,
      "fcf_margin": -0.2553434584968947,
      "incr_op_margin_yoy": 2.039915716494758,
      "rev_growth_yoy": 0.3160237787097848,
      "rev_growth_yoy_accel": -0.07759257727337815,
      "fcf_margin_change": -0.22367599789999726
    },
    {
      "date": "2022-07-31T00:00:00",
      "quarter_label": "2022-07 (Q3)",
      "revenue": 242222000,
      "gross_profit": 197646000,
      "operating_income": -120193000,
      "net_income": -120378000,
      "opex": 317839000,
      "cogs": 44576000,
      "rd": 67849000,
      "sga": null,
      "fcf": -30343000,
      "ocf": -23737000,
      "capex": -6606000,
      "gross_margin": 0.8159704733674068,
      "op_margin": -0.49621008826613605,
      "fcf_margin": -0.12526938098108348,
      "incr_op_margin_yoy": -0.47904755786813985,
      "rev_growth_yoy": 0.23885413843014305,
      "rev_growth_yoy_accel": -0.07716964027964177,
      "fcf_margin_change": 0.13007407751581124
    },
    {
      "date": "2022-10-31T00:00:00",
      "quarter_label": "2022-10 (Q4)",
      "revenue": 262744000,
      "gross_profit": 219976000,
      "operating_income": -66991000,
      "net_income": -57724000,
      "opex": 286967000,
      "cogs": 42768000,
      "rd": 67341000,
      "sga": null,
      "fcf": -32633000,
      "ocf": -27317000,
      "capex": -5316000,
      "gross_margin": 0.837225588405444,
      "op_margin": -0.2549668118016016,
      "fcf_margin": -0.12420074292847791,
      "incr_op_margin_yoy": 1.1747758061438656,
      "rev_growth_yoy": 0.18987754510542715,
      "rev_growth_yoy_accel": -0.048976593324715906,
      "op_leverage_ratio": Infinity,
      "fcf_margin_change": 0.0010686380526055694
    },
    {
      "date": "2023-01-31T00:00:00",
      "quarter_label": "2023-01 (Q1)",
      "revenue": 308549000,
      "gross_profit": 260858000,
      "operating_income": -45147000,
      "net_income": -27689000,
      "opex": 306005000,
      "cogs": 47691000,
      "rd": 81870000,
      "sga": null,
      "fcf": 91756000,
      "ocf": 93957000,
      "capex": -2201000,
      "gross_margin": 0.845434598718518,
      "op_margin": -0.1463203575445067,
      "fcf_margin": 0.2973790224567249,
      "incr_op_margin_yoy": 0.3040687496684526,
      "rev_growth_yoy": 0.06507121208983148,
      "rev_growth_yoy_accel": -0.12480633301559567,
      "op_leverage_ratio": 2.6277903609351676,
      "fcf_margin_change": 0.4215797653852028
    },
    {
      "date": "2023-04-30T00:00:00",
      "quarter_label": "2023-04 (Q2)",
      "revenue": 289588000,
      "gross_profit": 245921000,
      "operating_income": -46411000,
      "net_income": -31901000,
      "opex": 292332000,
      "cogs": 43667000,
      "rd": 75342000,
      "sga": null,
      "fcf": 65471000,
      "ocf": 67341000,
      "capex": -1870000,
      "gross_margin": 0.8492099120129287,
      "op_margin": -0.16026561874110806,
      "fcf_margin": 0.22608326311863752,
      "incr_op_margin_yoy": 1.5619469026548674,
      "rev_growth_yoy": 0.18167350836101295,
      "rev_growth_yoy_accel": 0.11660229627118147,
      "fcf_margin_change": -0.07129575933808735
    },
    {
      "date": "2023-07-31T00:00:00",
      "quarter_label": "2023-07 (Q3)",
      "revenue": 287310000,
      "gross_profit": 238323000,
      "operating_income": -77585000,
      "net_income": -60361000,
      "opex": 315908000,
      "cogs": 48987000,
      "rd": 86606000,
      "sga": null,
      "fcf": 43279000,
      "ocf": 44285000,
      "capex": -1006000,
      "gross_margin": 0.8294977550381122,
      "op_margin": -0.27003933034005084,
      "fcf_margin": 0.15063520239462602,
      "incr_op_margin_yoy": 0.9449964513839603,
      "rev_growth_yoy": 0.18614329003971564,
      "rev_growth_yoy_accel": 0.004469781678702683,
      "fcf_margin_change": -0.0754480607240115
    },
    {
      "date": "2023-10-31T00:00:00",
      "quarter_label": "2023-10 (Q4)",
      "revenue": 325921000,
      "gross_profit": 276001000,
      "operating_income": -55819000,
      "net_income": -31537000,
      "opex": 331820000,
      "cogs": 49920000,
      "rd": 84514000,
      "sga": null,
      "fcf": 41172000,
      "ocf": 41854000,
      "capex": -682000,
      "gross_margin": 0.8468340487418731,
      "op_margin": -0.1712654293525118,
      "fcf_margin": 0.12632509104967155,
      "incr_op_margin_yoy": 0.17683650695664563,
      "rev_growth_yoy": 0.24045078098833847,
      "rev_growth_yoy_accel": 0.05430749094862283,
      "op_leverage_ratio": 2.66806349946809,
      "fcf_margin_change": -0.024310111344954477
    },
    {
      "date": "2024-01-31T00:00:00",
      "quarter_label": "2024-01 (Q1)",
      "revenue": 405253000,
      "gross_profit": 351903000,
      "operating_income": 15095000,
      "net_income": 33916000,
      "opex": 336808000,
      "cogs": 53350000,
      "rd": 85639000,
      "sga": null,
      "fcf": 141818000,
      "ocf": 145602000,
      "capex": -3784000,
      "gross_margin": 0.8683538431547699,
      "op_margin": 0.037248336224531345,
      "fcf_margin": 0.34994929093677285,
      "incr_op_margin_yoy": 0.6229525148908008,
      "rev_growth_yoy": 0.31341537324703694,
      "rev_growth_yoy_accel": 0.07296459225869847,
      "op_leverage_ratio": 16.192435404206844,
      "fcf_margin_change": 0.2236241998871013
    },
    {
      "date": "2024-04-30T00:00:00",
      "quarter_label": "2024-04 (Q2)",
      "revenue": 335112000,
      "gross_profit": 279787000,
      "operating_income": -49465000,
      "net_income": -28736000,
      "opex": 329252000,
      "cogs": 55325000,
      "rd": 85603000,
      "sga": null,
      "fcf": 98799000,
      "ocf": 100037000,
      "capex": -1238000,
      "gross_margin": 0.8349059418940533,
      "op_margin": -0.14760736708921196,
      "fcf_margin": 0.2948238200959679,
      "incr_op_margin_yoy": -0.06708549336613655,
      "rev_growth_yoy": 0.15720264651850216,
      "rev_growth_yoy_accel": -0.15621272672853478,
      "fcf_margin_change": -0.055125470840804935
    },
    {
      "date": "2024-07-31T00:00:00",
      "quarter_label": "2024-07 (Q3)",
      "revenue": 316253000,
      "gross_profit": 252933000,
      "operating_income": -103349000,
      "net_income": -86097000,
      "opex": 356282000,
      "cogs": 63320000,
      "rd": 98433000,
      "sga": null,
      "fcf": 44958000,
      "ocf": 46376000,
      "capex": -1418000,
      "gross_margin": 0.7997805554413713,
      "op_margin": -0.3267921569123455,
      "fcf_margin": 0.14215833525689875,
      "incr_op_margin_yoy": -0.8901634246622672,
      "rev_growth_yoy": 0.10073787894608612,
      "rev_growth_yoy_accel": -0.056464767572416044,
      "fcf_margin_change": -0.15266548483906917
    },
    {
      "date": "2024-10-31T00:00:00",
      "quarter_label": "2024-10 (Q4)",
      "revenue": 354653000,
      "gross_profit": 290890000,
      "operating_income": -43364000,
      "net_income": -10655000,
      "opex": 334254000,
      "cogs": 63763000,
      "rd": 96976000,
      "sga": null,
      "fcf": 23195000,
      "ocf": 28070000,
      "capex": -4875000,
      "gross_margin": 0.8202101772718685,
      "op_margin": -0.12227162888795527,
      "fcf_margin": 0.06540195627839043,
      "incr_op_margin_yoy": 0.4334887929834331,
      "rev_growth_yoy": 0.08815633236275049,
      "rev_growth_yoy_accel": -0.012581546583335629,
      "op_leverage_ratio": Infinity,
      "fcf_margin_change": -0.07675637897850832
    },
    {
      "date": "2025-01-31T00:00:00",
      "quarter_label": "2025-01 (Q1)",
      "revenue": 423646000,
      "gross_profit": 359112000,
      "operating_income": 33609000,
      "net_income": 51794000,
      "opex": 325503000,
      "cogs": 64534000,
      "rd": 99670000,
      "sga": null,
      "fcf": 138690000,
      "ocf": 146082000,
      "capex": -7392000,
      "gross_margin": 0.8476699886225764,
      "op_margin": 0.07933274479164208,
      "fcf_margin": 0.3273723816582713,
      "incr_op_margin_yoy": 1.0065785896808568,
      "rev_growth_yoy": 0.04538646228405465,
      "rev_growth_yoy_accel": -0.042769870078695836,
      "op_leverage_ratio": Infinity,
      "fcf_margin_change": 0.2619704253798809
    },
    {
      "date": "2025-04-30T00:00:00",
      "quarter_label": "2025-04 (Q2)",
      "revenue": 356624000,
      "gross_profit": 292767000,
      "operating_income": -16412000,
      "net_income": -22555000,
      "opex": 309179000,
      "cogs": 63857000,
      "rd": 94839000,
      "sga": null,
      "fcf": 106170000,
      "ocf": 119002000,
      "capex": -12832000,
      "gross_margin": 0.820940262012652,
      "op_margin": -0.04602045852214097,
      "fcf_margin": 0.2977085109246714,
      "incr_op_margin_yoy": 1.536491260691707,
      "rev_growth_yoy": 0.06419346367781519,
      "rev_growth_yoy_accel": 0.018807001393760535,
      "fcf_margin_change": -0.02966387073359994
    },
    {
      "date": "2025-07-31T00:00:00",
      "quarter_label": "2025-07 (Q3)",
      "revenue": 361728000,
      "gross_profit": 297348000,
      "operating_income": -20185000,
      "net_income": 1584000,
      "opex": 317533000,
      "cogs": 64380000,
      "rd": 98341000,
      "sga": null,
      "fcf": 41587000,
      "ocf": 41587000,
      "capex": null,
      "gross_margin": 0.822020966029724,
      "op_margin": -0.05580159677990092,
      "fcf_margin": 0.1149675999646143,
      "incr_op_margin_yoy": 1.828785046728972,
      "rev_growth_yoy": 0.1437931023579223,
      "rev_growth_yoy_accel": 0.07959963868010712,
      "op_leverage_ratio": 0.529682489539093,
      "fcf_margin_change": -0.18274091096005707
    },
    {
      "date": "2025-10-31T00:00:00",
      "quarter_label": "2025-10 (Q4)",
      "revenue": 411113000,
      "gross_profit": 342301000,
      "operating_income": 13071000,
      "net_income": 198839000,
      "opex": 329230000,
      "cogs": 68812000,
      "rd": 96869000,
      "sga": null,
      "fcf": 25107000,
      "ocf": 28271000,
      "capex": -3164000,
      "gross_margin": 0.8326202285016528,
      "op_margin": 0.03179417824296483,
      "fcf_margin": 0.061070800485511285,
      "incr_op_margin_yoy": 0.9995572086432872,
      "rev_growth_yoy": 0.1591978638274595,
      "rev_growth_yoy_accel": 0.015404761469537204,
      "op_leverage_ratio": 3.7061868226342933,
      "fcf_margin_change": -0.05389679947910301
    }
  ],
  "signals": [
    {
      "quarter": "2025-10 (Q4)",
      "signal": "OPERATING LEVERAGE",
      "detail": "Rev growth +13.7% vs OpEx growth +3.7% (leverage: 3.7x)",
      "severity": "MEDIUM"
    },
    {
      "quarter": "2025-10 (Q4)",
      "signal": "OP MARGIN TURNED POSITIVE (YoY)",
      "detail": "Op margin: -12.2% (year-ago) -> +3.2%",
      "severity": "HIGH"
    },
    {
      "quarter": "2025-10 (Q4)",
      "signal": "OP MARGIN TURNED POSITIVE (QoQ)",
      "detail": "Op margin: -5.6% -> +3.2%",
      "severity": "HIGH"
    },
    {
      "quarter": "2025-07 (Q3)",
      "signal": "YoY REVENUE GROWTH ACCELERATION",
      "detail": "YoY growth: +14.4% vs prior quarter YoY: +6.4% (accel: +8.0%)",
      "severity": "MEDIUM"
    },
    {
      "quarter": "2025-01 (Q1)",
      "signal": "FCF MARGIN EXPANSION",
      "detail": "FCF margin: +6.5% -> +32.7% (+26.2%)",
      "severity": "MEDIUM"
    },
    {
      "quarter": "2025-01 (Q1)",
      "signal": "INCREMENTAL MARGIN (YoY)",
      "detail": "YoY Incr OPM: +100.7% vs year-ago OPM: +3.7%",
      "severity": "HIGH"
    },
    {
      "quarter": "2025-01 (Q1)",
      "signal": "OP MARGIN TURNED POSITIVE (QoQ)",
      "detail": "Op margin: -12.2% -> +7.9%",
      "severity": "HIGH"
    },
    {
      "quarter": "2024-10 (Q4)",
      "signal": "GROSS MARGIN INFLECTION",
      "detail": "GM: +83.5% -> +80.0% -> +82.0% (reversal +2.0%)",
      "severity": "MEDIUM"
    },
    {
      "quarter": "2024-07 (Q3)",
      "signal": "YoY REVENUE GROWTH DECELERATION",
      "detail": "YoY growth: +10.1% vs prior quarter YoY: +15.7% (decel: -5.6%)",
      "severity": "WARNING"
    },
    {
      "quarter": "2024-04 (Q2)",
      "signal": "YoY REVENUE GROWTH DECELERATION",
      "detail": "YoY growth: +15.7% vs prior quarter YoY: +31.3% (decel: -15.6%)",
      "severity": "WARNING"
    },
    {
      "quarter": "2024-01 (Q1)",
      "signal": "FCF MARGIN EXPANSION",
      "detail": "FCF margin: +12.6% -> +35.0% (+22.4%)",
      "severity": "MEDIUM"
    },
    {
      "quarter": "2024-01 (Q1)",
      "signal": "OPERATING LEVERAGE",
      "detail": "Rev growth +24.3% vs OpEx growth +1.5% (leverage: 16.2x)",
      "severity": "MEDIUM"
    },
    {
      "quarter": "2024-01 (Q1)",
      "signal": "YoY REVENUE GROWTH ACCELERATION",
      "detail": "YoY growth: +31.3% vs prior quarter YoY: +24.0% (accel: +7.3%)",
      "severity": "MEDIUM"
    },
    {
      "quarter": "2024-01 (Q1)",
      "signal": "OP MARGIN TURNED POSITIVE (YoY)",
      "detail": "Op margin: -14.6% (year-ago) -> +3.7%",
      "severity": "HIGH"
    },
    {
      "quarter": "2024-01 (Q1)",
      "signal": "OP MARGIN TURNED POSITIVE (QoQ)",
      "detail": "Op margin: -17.1% -> +3.7%",
      "severity": "HIGH"
    },
    {
      "quarter": "2023-10 (Q4)",
      "signal": "OPERATING LEVERAGE",
      "detail": "Rev growth +13.4% vs OpEx growth +5.0% (leverage: 2.7x)",
      "severity": "MEDIUM"
    },
    {
      "quarter": "2023-10 (Q4)",
      "signal": "YoY REVENUE GROWTH ACCELERATION",
      "detail": "YoY growth: +24.0% vs prior quarter YoY: +18.6% (accel: +5.4%)",
      "severity": "MEDIUM"
    },
    {
      "quarter": "2023-04 (Q2)",
      "signal": "YoY REVENUE GROWTH ACCELERATION",
      "detail": "YoY growth: +18.2% vs prior quarter YoY: +6.5% (accel: +11.7%)",
      "severity": "MEDIUM"
    },
    {
      "quarter": "2023-01 (Q1)",
      "signal": "FCF TURNED POSITIVE",
      "detail": "FCF margin: -12.4% -> +29.7%",
      "severity": "HIGH"
    },
    {
      "quarter": "2023-01 (Q1)",
      "signal": "OPERATING LEVERAGE",
      "detail": "Rev growth +17.4% vs OpEx growth +6.6% (leverage: 2.6x)",
      "severity": "MEDIUM"
    },
    {
      "quarter": "2023-01 (Q1)",
      "signal": "YoY REVENUE GROWTH DECELERATION",
      "detail": "YoY growth: +6.5% vs prior quarter YoY: +19.0% (decel: -12.5%)",
      "severity": "WARNING"
    },
    {
      "quarter": "2022-10 (Q4)",
      "signal": "GROSS MARGIN INFLECTION",
      "detail": "GM: +81.6% -> +81.6% -> +83.7% (reversal +2.1%)",
      "severity": "MEDIUM"
    },
    {
      "quarter": "2022-07 (Q3)",
      "signal": "FCF MARGIN EXPANSION",
      "detail": "FCF margin: -25.5% -> -12.5% (+13.0%)",
      "severity": "MEDIUM"
    },
    {
      "quarter": "2022-07 (Q3)",
      "signal": "YoY REVENUE GROWTH DECELERATION",
      "detail": "YoY growth: +23.9% vs prior quarter YoY: +31.6% (decel: -7.7%)",
      "severity": "WARNING"
    },
    {
      "quarter": "2022-04 (Q2)",
      "signal": "YoY REVENUE GROWTH DECELERATION",
      "detail": "YoY growth: +31.6% vs prior quarter YoY: +39.4% (decel: -7.8%)",
      "severity": "WARNING"
    },
    {
      "quarter": "2022-01 (Q1)",
      "signal": "FCF MARGIN EXPANSION",
      "detail": "FCF margin: -12.5% -> -3.2% (+9.3%)",
      "severity": "MEDIUM"
    },
    {
      "quarter": "2022-01 (Q1)",
      "signal": "OPERATING LEVERAGE",
      "detail": "Rev growth +31.2% vs OpEx growth +1.9% (leverage: 16.8x)",
      "severity": "MEDIUM"
    },
    {
      "quarter": "2022-01 (Q1)",
      "signal": "GROSS MARGIN INFLECTION",
      "detail": "GM: +81.8% -> +80.5% -> +85.8% (reversal +5.3%)",
      "severity": "HIGH"
    },
    {
      "quarter": "2021-07 (Q3)",
      "signal": "FCF MARGIN EXPANSION",
      "detail": "FCF margin: -10.6% -> -3.8% (+6.8%)",
      "severity": "MEDIUM"
    },
    {
      "quarter": "2021-07 (Q3)",
      "signal": "GROSS MARGIN INFLECTION",
      "detail": "GM: +90.3% -> +73.7% -> +81.8% (reversal +8.1%)",
      "severity": "HIGH"
    }
  ],
  "data_quality": {
    "n_quarters": 20,
    "coverage": {
      "revenue": [
        20,
        20
      ],
      "gross_profit": [
        20,
        20
      ],
      "op_income": [
        20,
        20
      ],
      "fcf": [
        20,
        20
      ]
    },
    "gaps": [],
    "warnings": []
  },
  "market_cap": null,
  "source": "SEC EDGAR",
  "last_updated": "2026-02-02T20:47:37.193654"
}