{
  "ticker": "PATK",
  "name": "PATRICK INDUSTRIES, INC.",
  "sector": "Consumer Cyclical",
  "industry": "Recreational Vehicles",
  "quarters": [
    {
      "date": "2021-03-28T00:00:00",
      "quarter_label": "2021-03 (Q1)",
      "revenue": 850483000,
      "gross_profit": 161532000,
      "operating_income": 68481000,
      "net_income": 47513000,
      "opex": 93051000,
      "cogs": 688951000,
      "rd": null,
      "sga": 51232000,
      "fcf": 36053000,
      "ocf": 50292000,
      "capex": -14239000,
      "gross_margin": 0.18992972228721797,
      "op_margin": 0.08052012797433929,
      "fcf_margin": 0.042391205938272725
    },
    {
      "date": "2021-06-27T00:00:00",
      "quarter_label": "2021-06 (Q2)",
      "revenue": 1019953000,
      "gross_profit": 204477000,
      "operating_income": 95266000,
      "net_income": 58985000,
      "opex": 109211000,
      "cogs": 815476000,
      "rd": null,
      "sga": 60365000,
      "fcf": 16347000,
      "ocf": 28453000,
      "capex": -12106000,
      "gross_margin": 0.20047688471919783,
      "op_margin": 0.0934023430491405,
      "fcf_margin": 0.016027209096889757,
      "op_leverage_ratio": 1.1473789571908137,
      "fcf_margin_change": -0.026363996841382967
    },
    {
      "date": "2021-09-26T00:00:00",
      "quarter_label": "2021-09 (Q3)",
      "revenue": 1060177000,
      "gross_profit": 208161000,
      "operating_income": 93273000,
      "net_income": 57397000,
      "opex": 114888000,
      "cogs": 852016000,
      "rd": null,
      "sga": 64245000,
      "fcf": 50862000,
      "ocf": 68672000,
      "capex": -17810000,
      "gross_margin": 0.19634551589027116,
      "op_margin": 0.08797870544258175,
      "fcf_margin": 0.04797500794678625,
      "op_leverage_ratio": 0.7586694317661418,
      "fcf_margin_change": 0.031947798849896486
    },
    {
      "date": "2021-12-31T00:00:00",
      "quarter_label": "2021-12 (Q4)",
      "revenue": 1147479000,
      "gross_profit": 227024000,
      "operating_income": 94692000,
      "net_income": 61020000,
      "opex": 132332000,
      "cogs": 920455000,
      "rd": null,
      "sga": 77705000,
      "fcf": 84064000,
      "ocf": 104713000,
      "capex": -20649000,
      "gross_margin": 0.19784588650424104,
      "op_margin": 0.0825217716402653,
      "fcf_margin": 0.073259728500478,
      "op_leverage_ratio": 0.5423434582494945,
      "fcf_margin_change": 0.025284720553691756
    },
    {
      "date": "2022-03-27T00:00:00",
      "quarter_label": "2022-03 (Q1)",
      "revenue": 1342175000,
      "gross_profit": 295345000,
      "operating_income": 161755000,
      "net_income": 112673000,
      "opex": 133590000,
      "cogs": 1046830000,
      "rd": null,
      "sga": 75560000,
      "fcf": -41707000,
      "ocf": -23039000,
      "capex": -18668000,
      "gross_margin": 0.2200495464451357,
      "op_margin": 0.12051707117179206,
      "fcf_margin": -0.031074189282321606,
      "incr_op_margin_yoy": 0.18970005613270097,
      "rev_growth_yoy": 0.578132661087876,
      "op_leverage_ratio": 17.848286063240554,
      "fcf_margin_change": -0.1043339177827996
    },
    {
      "date": "2022-06-26T00:00:00",
      "quarter_label": "2022-06 (Q2)",
      "revenue": 1475693000,
      "gross_profit": 327104000,
      "operating_income": 174027000,
      "net_income": 116524000,
      "opex": 153077000,
      "cogs": 1148589000,
      "rd": null,
      "sga": 90485000,
      "fcf": 71536000,
      "ocf": 97335000,
      "capex": -25799000,
      "gross_margin": 0.22166128049668868,
      "op_margin": 0.11792900013756248,
      "fcf_margin": 0.04847620744965247,
      "incr_op_margin_yoy": 0.1728200289638829,
      "rev_growth_yoy": 0.446824510541172,
      "rev_growth_yoy_accel": -0.13130815054670397,
      "op_leverage_ratio": 0.6819611553110431,
      "fcf_margin_change": 0.07955039673197407
    },
    {
      "date": "2022-09-25T00:00:00",
      "quarter_label": "2022-09 (Q3)",
      "revenue": 1112089000,
      "gross_profit": 236451000,
      "operating_income": 92761000,
      "net_income": 58819000,
      "opex": 143690000,
      "cogs": 875638000,
      "rd": null,
      "sga": 84924000,
      "fcf": 136542000,
      "ocf": 155512000,
      "capex": -18970000,
      "gross_margin": 0.21261877421681177,
      "op_margin": 0.08341148954804876,
      "fcf_margin": 0.12277974154946232,
      "incr_op_margin_yoy": -0.009862844814301126,
      "rev_growth_yoy": 0.048965408606298756,
      "rev_growth_yoy_accel": -0.3978591019348732,
      "fcf_margin_change": 0.07430353409980986
    },
    {
      "date": "2022-12-31T00:00:00",
      "quarter_label": "2022-12 (Q4)",
      "revenue": 951915000,
      "gross_profit": 201038000,
      "operating_income": 67627000,
      "net_income": 40180000,
      "opex": 133411000,
      "cogs": 750877000,
      "rd": null,
      "sga": 76544000,
      "fcf": 165484000,
      "ocf": 181930000,
      "capex": -16446000,
      "gross_margin": 0.2111932262859604,
      "op_margin": 0.07104310784051097,
      "fcf_margin": 0.173843252811438,
      "incr_op_margin_yoy": 0.13839459205170687,
      "rev_growth_yoy": -0.1704292627577498,
      "rev_growth_yoy_accel": -0.21939467136404855,
      "fcf_margin_change": 0.05106351126197568
    },
    {
      "date": "2023-04-02T00:00:00",
      "quarter_label": "2023-04 (Q2)",
      "revenue": 900100000,
      "gross_profit": 194244000,
      "operating_income": 56234000,
      "net_income": 30173000,
      "opex": 138010000,
      "cogs": 705856000,
      "rd": null,
      "sga": 82401000,
      "fcf": -21216000,
      "ocf": -950000,
      "capex": -20266000,
      "gross_margin": 0.21580268859015664,
      "op_margin": 0.06247528052438618,
      "fcf_margin": -0.023570714365070546,
      "incr_op_margin_yoy": 0.23869479160775886,
      "rev_growth_yoy": -0.3293721012535623,
      "rev_growth_yoy_accel": -0.1589428384958125,
      "fcf_margin_change": -0.19741396717650855
    },
    {
      "date": "2023-07-02T00:00:00",
      "quarter_label": "2023-07 (Q3)",
      "revenue": 920685000,
      "gross_profit": 209968000,
      "operating_income": 75575000,
      "net_income": 42357000,
      "opex": 134393000,
      "cogs": 710717000,
      "rd": null,
      "sga": 78540000,
      "fcf": 163076000,
      "ocf": 179301000,
      "capex": -16225000,
      "gross_margin": 0.22805628417971402,
      "op_margin": 0.08208562103216627,
      "fcf_margin": 0.17712464089237903,
      "incr_op_margin_yoy": 0.1773884340405904,
      "rev_growth_yoy": -0.3760999069589678,
      "rev_growth_yoy_accel": -0.04672780570540547,
      "op_leverage_ratio": null,
      "fcf_margin_change": 0.20069535525744958
    },
    {
      "date": "2023-10-01T00:00:00",
      "quarter_label": "2023-10 (Q4)",
      "revenue": 866073000,
      "gross_profit": 199119000,
      "operating_income": 71075000,
      "net_income": 39550000,
      "opex": 128044000,
      "cogs": 666954000,
      "rd": null,
      "sga": 70873000,
      "fcf": 104540000,
      "ocf": 115479000,
      "capex": -10939000,
      "gross_margin": 0.22991018078152767,
      "op_margin": 0.08206583047849315,
      "fcf_margin": 0.12070576036892965,
      "incr_op_margin_yoy": 0.08814873829344433,
      "rev_growth_yoy": -0.22121970453803608,
      "rev_growth_yoy_accel": 0.1548802024209317,
      "fcf_margin_change": -0.056418880523449386
    },
    {
      "date": "2023-12-31T00:00:00",
      "quarter_label": "2023-12 (Q4)",
      "revenue": 781187000,
      "gross_profit": 178902000,
      "operating_income": 57316000,
      "net_income": 30817000,
      "opex": 121586000,
      "cogs": 602285000,
      "rd": null,
      "sga": 67604000,
      "fcf": 103285000,
      "ocf": 114842000,
      "capex": -11557000,
      "gross_margin": 0.2290130276105465,
      "op_margin": 0.07337039658878092,
      "fcf_margin": 0.13221546185484398,
      "incr_op_margin_yoy": 0.06039431141933368,
      "rev_growth_yoy": -0.1793521480384278,
      "rev_growth_yoy_accel": 0.04186755649960827,
      "fcf_margin_change": 0.011509701485914334
    },
    {
      "date": "2024-03-31T00:00:00",
      "quarter_label": "2024-03 (Q1)",
      "revenue": 933492000,
      "gross_profit": 204855000,
      "operating_income": 59342000,
      "net_income": 35093000,
      "opex": 145513000,
      "cogs": 728637000,
      "rd": null,
      "sga": 85246000,
      "fcf": 19681000,
      "ocf": 35176000,
      "capex": -15495000,
      "gross_margin": 0.2194501934671106,
      "op_margin": 0.06356990740145604,
      "fcf_margin": 0.021083201570018813,
      "incr_op_margin_yoy": 0.09307618591279349,
      "rev_growth_yoy": 0.037098100211087656,
      "rev_growth_yoy_accel": 0.21645024824951548,
      "op_leverage_ratio": 0.9907280861691815,
      "fcf_margin_change": -0.11113226028482517
    },
    {
      "date": "2024-06-30T00:00:00",
      "quarter_label": "2024-06 (Q2)",
      "revenue": 1016624000,
      "gross_profit": 231294000,
      "operating_income": 84689000,
      "net_income": 47884000,
      "opex": 146605000,
      "cogs": 785330000,
      "rd": null,
      "sga": 83588000,
      "fcf": 120566000,
      "ocf": 137482000,
      "capex": -16916000,
      "gross_margin": 0.22751184311997355,
      "op_margin": 0.08330415178079605,
      "fcf_margin": 0.11859448527675916,
      "incr_op_margin_yoy": 0.09499786322559126,
      "rev_growth_yoy": 0.1042039351135296,
      "rev_growth_yoy_accel": 0.06710583490244194,
      "op_leverage_ratio": 11.866886393049445,
      "fcf_margin_change": 0.09751128370674034
    },
    {
      "date": "2024-09-29T00:00:00",
      "quarter_label": "2024-09 (Q3)",
      "revenue": 919444000,
      "gross_profit": 212514000,
      "operating_income": 74417000,
      "net_income": 40866000,
      "opex": 138097000,
      "cogs": 706930000,
      "rd": null,
      "sga": 75783000,
      "fcf": 33679000,
      "ocf": 51532000,
      "capex": -17853000,
      "gross_margin": 0.2311331630855169,
      "op_margin": 0.08093695755260788,
      "fcf_margin": 0.036629745802898274,
      "incr_op_margin_yoy": 0.0626182758426861,
      "rev_growth_yoy": 0.0616241356098158,
      "rev_growth_yoy_accel": -0.0425797995037138,
      "fcf_margin_change": -0.08196473947386088
    },
    {
      "date": "2024-12-31T00:00:00",
      "quarter_label": "2024-12 (Q4)",
      "revenue": 846123000,
      "gross_profit": 187227000,
      "operating_income": 39592000,
      "net_income": 14558000,
      "opex": 147635000,
      "cogs": 658896000,
      "rd": null,
      "sga": 81137000,
      "fcf": 77233000,
      "ocf": 102651000,
      "capex": -25418000,
      "gross_margin": 0.22127633925564014,
      "op_margin": 0.04679225124479538,
      "fcf_margin": 0.09127869115955954,
      "incr_op_margin_yoy": -0.272945669582358,
      "rev_growth_yoy": 0.08312478318251584,
      "rev_growth_yoy_accel": 0.021500647572700045,
      "fcf_margin_change": 0.05464894535666127
    },
    {
      "date": "2025-03-30T00:00:00",
      "quarter_label": "2025-03 (Q1)",
      "revenue": 1003420000,
      "gross_profit": 228591000,
      "operating_income": 65569000,
      "net_income": 38238000,
      "opex": 163022000,
      "cogs": 774829000,
      "rd": null,
      "sga": 93931000,
      "fcf": 19906000,
      "ocf": 40077000,
      "capex": -20171000,
      "gross_margin": 0.22781188335891253,
      "op_margin": 0.06534551832732056,
      "fcf_margin": 0.019838153514978772,
      "incr_op_margin_yoy": 0.08904873584258094,
      "rev_growth_yoy": 0.0749101224220454,
      "rev_growth_yoy_accel": -0.008214660760470449,
      "op_leverage_ratio": 1.7837020596504745,
      "fcf_margin_change": -0.07144053764458078
    },
    {
      "date": "2025-06-29T00:00:00",
      "quarter_label": "2025-06 (Q2)",
      "revenue": 1047554000,
      "gross_profit": 250632000,
      "operating_income": 86722000,
      "net_income": 32436000,
      "opex": 163910000,
      "cogs": 796922000,
      "rd": null,
      "sga": 93206000,
      "fcf": 131115000,
      "ocf": 149390000,
      "capex": -18275000,
      "gross_margin": 0.23925449189254205,
      "op_margin": 0.0827852311193504,
      "fcf_margin": 0.12516299875710465,
      "incr_op_margin_yoy": 0.06572906563207243,
      "rev_growth_yoy": 0.03042422763971734,
      "rev_growth_yoy_accel": -0.044485894782328055,
      "op_leverage_ratio": 8.074651525117432,
      "fcf_margin_change": 0.10532484524212588
    },
    {
      "date": "2025-09-28T00:00:00",
      "quarter_label": "2025-09 (Q3)",
      "revenue": 975631000,
      "gross_profit": 220964000,
      "operating_income": 66293000,
      "net_income": 35303000,
      "opex": 154671000,
      "cogs": 754667000,
      "rd": null,
      "sga": 86022000,
      "fcf": -17194000,
      "ocf": 9104000,
      "capex": -26298000,
      "gross_margin": 0.22648316832900964,
      "op_margin": 0.06794884541389111,
      "fcf_margin": -0.01762346624902243,
      "incr_op_margin_yoy": -0.14458860590528058,
      "rev_growth_yoy": 0.06110975763613662,
      "rev_growth_yoy_accel": 0.030685529996419283,
      "fcf_margin_change": -0.14278646500612707
    },
    {
      "date": "2025-12-31T00:00:00",
      "quarter_label": "2025-12 (Q4)",
      "revenue": 924168000,
      "gross_profit": 212673000,
      "operating_income": 57405000,
      "net_income": 29079000,
      "opex": 155268000,
      "cogs": 711495000,
      "rd": null,
      "sga": 88429000,
      "fcf": 112666000,
      "ocf": 130843000,
      "capex": -18177000,
      "gross_margin": 0.23012374373490535,
      "op_margin": 0.06211532968031786,
      "fcf_margin": 0.12191073484474685,
      "incr_op_margin_yoy": 0.22824011788070986,
      "rev_growth_yoy": 0.09223836250757869,
      "rev_growth_yoy_accel": 0.03112860487144207,
      "fcf_margin_change": 0.13953420109376927
    }
  ],
  "signals": [
    {
      "quarter": "2025-12 (Q4)",
      "signal": "FCF TURNED POSITIVE",
      "detail": "FCF margin: -1.8% -> +12.2%",
      "severity": "HIGH"
    },
    {
      "quarter": "2025-12 (Q4)",
      "signal": "INCREMENTAL MARGIN (YoY)",
      "detail": "YoY Incr OPM: +22.8% vs year-ago OPM: +4.7%",
      "severity": "MEDIUM"
    },
    {
      "quarter": "2025-06 (Q2)",
      "signal": "FCF MARGIN EXPANSION",
      "detail": "FCF margin: +2.0% -> +12.5% (+10.5%)",
      "severity": "MEDIUM"
    },
    {
      "quarter": "2025-06 (Q2)",
      "signal": "OPERATING LEVERAGE",
      "detail": "Rev growth +4.4% vs OpEx growth +0.5% (leverage: 8.1x)",
      "severity": "MEDIUM"
    },
    {
      "quarter": "2025-03 (Q1)",
      "signal": "OPERATING LEVERAGE",
      "detail": "Rev growth +18.6% vs OpEx growth +10.4% (leverage: 1.8x)",
      "severity": "MEDIUM"
    },
    {
      "quarter": "2024-12 (Q4)",
      "signal": "FCF MARGIN EXPANSION",
      "detail": "FCF margin: +3.7% -> +9.1% (+5.5%)",
      "severity": "MEDIUM"
    },
    {
      "quarter": "2024-06 (Q2)",
      "signal": "FCF MARGIN EXPANSION",
      "detail": "FCF margin: +2.1% -> +11.9% (+9.8%)",
      "severity": "MEDIUM"
    },
    {
      "quarter": "2024-06 (Q2)",
      "signal": "OPERATING LEVERAGE",
      "detail": "Rev growth +8.9% vs OpEx growth +0.8% (leverage: 11.9x)",
      "severity": "MEDIUM"
    },
    {
      "quarter": "2024-06 (Q2)",
      "signal": "YoY REVENUE GROWTH ACCELERATION",
      "detail": "YoY growth: +10.4% vs prior quarter YoY: +3.7% (accel: +6.7%)",
      "severity": "MEDIUM"
    },
    {
      "quarter": "2024-03 (Q1)",
      "signal": "YoY REVENUE GROWTH ACCELERATION",
      "detail": "YoY growth: +3.7% vs prior quarter YoY: -17.9% (accel: +21.6%)",
      "severity": "HIGH"
    },
    {
      "quarter": "2023-10 (Q4)",
      "signal": "YoY REVENUE GROWTH ACCELERATION",
      "detail": "YoY growth: -22.1% vs prior quarter YoY: -37.6% (accel: +15.5%)",
      "severity": "HIGH"
    },
    {
      "quarter": "2023-07 (Q3)",
      "signal": "FCF TURNED POSITIVE",
      "detail": "FCF margin: -2.4% -> +17.7%",
      "severity": "HIGH"
    },
    {
      "quarter": "2023-04 (Q2)",
      "signal": "YoY REVENUE GROWTH DECELERATION",
      "detail": "YoY growth: -32.9% vs prior quarter YoY: -17.0% (decel: -15.9%)",
      "severity": "WARNING"
    },
    {
      "quarter": "2023-04 (Q2)",
      "signal": "INCREMENTAL MARGIN (YoY)",
      "detail": "YoY Incr OPM: +23.9% vs year-ago OPM: +12.1%",
      "severity": "MEDIUM"
    },
    {
      "quarter": "2022-12 (Q4)",
      "signal": "FCF MARGIN EXPANSION",
      "detail": "FCF margin: +12.3% -> +17.4% (+5.1%)",
      "severity": "MEDIUM"
    },
    {
      "quarter": "2022-12 (Q4)",
      "signal": "YoY REVENUE GROWTH DECELERATION",
      "detail": "YoY growth: -17.0% vs prior quarter YoY: +4.9% (decel: -21.9%)",
      "severity": "WARNING"
    },
    {
      "quarter": "2022-09 (Q3)",
      "signal": "FCF MARGIN EXPANSION",
      "detail": "FCF margin: +4.8% -> +12.3% (+7.4%)",
      "severity": "MEDIUM"
    },
    {
      "quarter": "2022-09 (Q3)",
      "signal": "YoY REVENUE GROWTH DECELERATION",
      "detail": "YoY growth: +4.9% vs prior quarter YoY: +44.7% (decel: -39.8%)",
      "severity": "WARNING"
    },
    {
      "quarter": "2022-06 (Q2)",
      "signal": "FCF TURNED POSITIVE",
      "detail": "FCF margin: -3.1% -> +4.8%",
      "severity": "HIGH"
    },
    {
      "quarter": "2022-06 (Q2)",
      "signal": "YoY REVENUE GROWTH DECELERATION",
      "detail": "YoY growth: +44.7% vs prior quarter YoY: +57.8% (decel: -13.1%)",
      "severity": "WARNING"
    },
    {
      "quarter": "2022-03 (Q1)",
      "signal": "OPERATING LEVERAGE",
      "detail": "Rev growth +17.0% vs OpEx growth +1.0% (leverage: 17.8x)",
      "severity": "MEDIUM"
    },
    {
      "quarter": "2022-03 (Q1)",
      "signal": "INCREMENTAL MARGIN (YoY)",
      "detail": "YoY Incr OPM: +19.0% vs year-ago OPM: +8.1%",
      "severity": "MEDIUM"
    }
  ],
  "data_quality": {
    "n_quarters": 20,
    "coverage": {
      "revenue": [
        20,
        20
      ],
      "gross_profit": [
        20,
        20
      ],
      "op_income": [
        20,
        20
      ],
      "fcf": [
        20,
        20
      ]
    },
    "gaps": [],
    "warnings": []
  },
  "market_cap": null,
  "source": "SEC EDGAR",
  "last_updated": "2026-02-24T10:23:43.001446"
}