{
  "ticker": "PAY",
  "name": "Paymentus Holdings, Inc.",
  "quarters": [
    {
      "date": "2020-12-31T00:00:00",
      "quarter_label": "2020-12 (Q4)",
      "revenue": 82422000,
      "gross_profit": 25795000,
      "operating_income": 4928000,
      "net_income": 3633000,
      "opex": 20867000,
      "cogs": 56627000,
      "rd": 6540000,
      "sga": null,
      "fcf": 7415000,
      "ocf": 7491000,
      "capex": -76000,
      "gross_margin": 0.31296255854019556,
      "op_margin": 0.05978986193006722,
      "fcf_margin": 0.08996384460459586
    },
    {
      "date": "2021-03-31T00:00:00",
      "quarter_label": "2021-03 (Q1)",
      "revenue": 92222000,
      "gross_profit": 27547000,
      "operating_income": 4853000,
      "net_income": 3638000,
      "opex": 22694000,
      "cogs": 64675000,
      "rd": 7730000,
      "sga": null,
      "fcf": 7021000,
      "ocf": 7177000,
      "capex": -156000,
      "gross_margin": 0.2987031294051311,
      "op_margin": 0.05262301836871896,
      "fcf_margin": 0.0761315087506235,
      "op_leverage_ratio": 1.358014464575401,
      "fcf_margin_change": -0.013832335853972366
    },
    {
      "date": "2021-06-30T00:00:00",
      "quarter_label": "2021-06 (Q2)",
      "revenue": 93495000,
      "gross_profit": 28928000,
      "operating_income": 4081000,
      "net_income": 575000,
      "opex": 24847000,
      "cogs": 64567000,
      "rd": 7921000,
      "sga": null,
      "fcf": 5172000,
      "ocf": 5580000,
      "capex": -408000,
      "gross_margin": 0.30940692015615806,
      "op_margin": 0.04364939301566929,
      "fcf_margin": 0.055318466228140545,
      "op_leverage_ratio": 0.1454992946350918,
      "fcf_margin_change": -0.02081304252248295
    },
    {
      "date": "2021-09-30T00:00:00",
      "quarter_label": "2021-09 (Q3)",
      "revenue": 101676000,
      "gross_profit": 31164000,
      "operating_income": 1128000,
      "net_income": 422000,
      "opex": 30036000,
      "cogs": 70512000,
      "rd": 8818000,
      "sga": null,
      "fcf": 6339000,
      "ocf": 6600000,
      "capex": -261000,
      "gross_margin": 0.3065030095597781,
      "op_margin": 0.01109406349581022,
      "fcf_margin": 0.06234509618789095,
      "op_leverage_ratio": 0.418994474761291,
      "fcf_margin_change": 0.007026629959750404
    },
    {
      "date": "2021-12-31T00:00:00",
      "quarter_label": "2021-12 (Q4)",
      "revenue": 108131000,
      "gross_profit": 33741000,
      "operating_income": 311000,
      "net_income": 4665000,
      "opex": 33430000,
      "cogs": 74390000,
      "rd": 9653000,
      "sga": null,
      "fcf": -18000,
      "ocf": 136000,
      "capex": -154000,
      "gross_margin": 0.3120381759162497,
      "op_margin": 0.0028761409771480887,
      "fcf_margin": -0.0001664647510889569,
      "incr_op_margin_yoy": -0.17958691508810146,
      "rev_growth_yoy": 0.3119191478003446,
      "op_leverage_ratio": 0.5618340444439932,
      "fcf_margin_change": -0.0625115609389799
    },
    {
      "date": "2022-03-31T00:00:00",
      "quarter_label": "2022-03 (Q1)",
      "revenue": 116704000,
      "gross_profit": 34854000,
      "operating_income": -1371000,
      "net_income": 1718000,
      "opex": 36225000,
      "cogs": 81850000,
      "rd": 10390000,
      "sga": null,
      "fcf": 2718000,
      "ocf": 3248000,
      "capex": -530000,
      "gross_margin": 0.29865300246778176,
      "op_margin": -0.011747669317247052,
      "fcf_margin": 0.023289690156292845,
      "incr_op_margin_yoy": -0.2542275957846581,
      "rev_growth_yoy": 0.2654681095617098,
      "rev_growth_yoy_accel": -0.04645103823863478,
      "op_leverage_ratio": 0.9482812613713483,
      "fcf_margin_change": 0.0234561549073818
    },
    {
      "date": "2022-06-30T00:00:00",
      "quarter_label": "2022-06 (Q2)",
      "revenue": 119969000,
      "gross_profit": 35828000,
      "operating_income": -2225000,
      "net_income": -2451000,
      "opex": 38053000,
      "cogs": 84141000,
      "rd": 10185000,
      "sga": null,
      "fcf": 3579000,
      "ocf": 3844000,
      "capex": -265000,
      "gross_margin": 0.29864381631921577,
      "op_margin": -0.018546457834940692,
      "fcf_margin": 0.0298327067825855,
      "incr_op_margin_yoy": -0.23819596585329003,
      "rev_growth_yoy": 0.28315952724744636,
      "rev_growth_yoy_accel": 0.017691417685736566,
      "op_leverage_ratio": 0.5544082020668046,
      "fcf_margin_change": 0.006543016626292655
    },
    {
      "date": "2022-09-30T00:00:00",
      "quarter_label": "2022-09 (Q3)",
      "revenue": 128152000,
      "gross_profit": 37857000,
      "operating_income": -917000,
      "net_income": -737000,
      "opex": 38774000,
      "cogs": 90295000,
      "rd": 10350000,
      "sga": null,
      "fcf": -2317000,
      "ocf": -1949000,
      "capex": -368000,
      "gross_margin": 0.2954070166677071,
      "op_margin": -0.007155565266246332,
      "fcf_margin": -0.018080092390286535,
      "incr_op_margin_yoy": -0.07723976431485119,
      "rev_growth_yoy": 0.26039576694598526,
      "rev_growth_yoy_accel": -0.0227637603014611,
      "op_leverage_ratio": 3.5999556357884366,
      "fcf_margin_change": -0.047912799172872035
    },
    {
      "date": "2022-12-31T00:00:00",
      "quarter_label": "2022-12 (Q4)",
      "revenue": 132176000,
      "gross_profit": 41139000,
      "operating_income": 1537000,
      "net_income": 957000,
      "opex": 39602000,
      "cogs": 91037000,
      "rd": 10295000,
      "sga": null,
      "fcf": 14630000,
      "ocf": 14724000,
      "capex": -94000,
      "gross_margin": 0.31124409877738773,
      "op_margin": 0.011628434814187145,
      "fcf_margin": 0.11068575233022636,
      "incr_op_margin_yoy": 0.05098773133707631,
      "rev_growth_yoy": 0.22236916332966494,
      "rev_growth_yoy_accel": -0.03802660361632032,
      "op_leverage_ratio": 1.47042491509931,
      "fcf_margin_change": 0.1287658447205129
    },
    {
      "date": "2023-03-31T00:00:00",
      "quarter_label": "2023-03 (Q1)",
      "revenue": 148328000,
      "gross_profit": 40078000,
      "operating_income": -984000,
      "net_income": 704000,
      "opex": 41062000,
      "cogs": 108250000,
      "rd": 11653000,
      "sga": null,
      "fcf": 4696000,
      "ocf": 4763000,
      "capex": -67000,
      "gross_margin": 0.2701984790464376,
      "op_margin": -0.006633946389083652,
      "fcf_margin": 0.031659565287740686,
      "incr_op_margin_yoy": 0.012237541108019227,
      "rev_growth_yoy": 0.27097614477652865,
      "rev_growth_yoy_accel": 0.048606981446863706,
      "op_leverage_ratio": 3.3146521947490517,
      "fcf_margin_change": -0.07902618704248568
    },
    {
      "date": "2023-06-30T00:00:00",
      "quarter_label": "2023-06 (Q2)",
      "revenue": 148939000,
      "gross_profit": 45862000,
      "operating_income": 4626000,
      "net_income": 5839000,
      "opex": 41236000,
      "cogs": 103077000,
      "rd": 10907000,
      "sga": null,
      "fcf": 26195000,
      "ocf": 26481000,
      "capex": -286000,
      "gross_margin": 0.3079247208588751,
      "op_margin": 0.031059695580069692,
      "fcf_margin": 0.17587737261563458,
      "incr_op_margin_yoy": 0.2364860200207111,
      "rev_growth_yoy": 0.24147904875426152,
      "rev_growth_yoy_accel": -0.029497096022267133,
      "fcf_margin_change": 0.14421780732789388
    },
    {
      "date": "2023-09-30T00:00:00",
      "quarter_label": "2023-09 (Q3)",
      "revenue": 152423000,
      "gross_profit": 46910000,
      "operating_income": 5311000,
      "net_income": 6377000,
      "opex": 41599000,
      "cogs": 105513000,
      "rd": 11035000,
      "sga": null,
      "fcf": 12985000,
      "ocf": 13143000,
      "capex": -158000,
      "gross_margin": 0.30776195193638756,
      "op_margin": 0.03484382278265091,
      "fcf_margin": 0.08519055523116591,
      "incr_op_margin_yoy": 0.25660252976803594,
      "rev_growth_yoy": 0.18939228416255696,
      "rev_growth_yoy_accel": -0.052086764591704554,
      "op_leverage_ratio": 2.657294071821923,
      "fcf_margin_change": -0.09068681738446867
    },
    {
      "date": "2023-12-31T00:00:00",
      "quarter_label": "2023-12 (Q4)",
      "revenue": 164800000,
      "gross_profit": 49492000,
      "operating_income": 9140000,
      "net_income": 9402000,
      "opex": 40352000,
      "cogs": 115308000,
      "rd": 10653000,
      "sga": null,
      "fcf": 24352000,
      "ocf": 24441000,
      "capex": -89000,
      "gross_margin": 0.3003155339805825,
      "op_margin": 0.05546116504854369,
      "fcf_margin": 0.14776699029126214,
      "incr_op_margin_yoy": 0.23304928886709173,
      "rev_growth_yoy": 0.24682241859339063,
      "rev_growth_yoy_accel": 0.05743013443083367,
      "op_leverage_ratio": Infinity,
      "fcf_margin_change": 0.06257643506009623
    },
    {
      "date": "2024-03-31T00:00:00",
      "quarter_label": "2024-03 (Q1)",
      "revenue": 184875000,
      "gross_profit": 52725000,
      "operating_income": 8343000,
      "net_income": 7226000,
      "opex": 44382000,
      "cogs": 132150000,
      "rd": 12051000,
      "sga": null,
      "fcf": 10838000,
      "ocf": 10954000,
      "capex": -116000,
      "gross_margin": 0.28519269776876266,
      "op_margin": 0.04512778904665314,
      "fcf_margin": 0.05862339418526031,
      "incr_op_margin_yoy": 0.25520562563274685,
      "rev_growth_yoy": 0.24639312874170757,
      "rev_growth_yoy_accel": -0.0004292898516830568,
      "op_leverage_ratio": 1.2197150015659253,
      "fcf_margin_change": -0.08914359610600184
    },
    {
      "date": "2024-06-30T00:00:00",
      "quarter_label": "2024-06 (Q2)",
      "revenue": 197422000,
      "gross_profit": 58751000,
      "operating_income": 10236000,
      "net_income": 9364000,
      "opex": 48515000,
      "cogs": 138671000,
      "rd": 12535000,
      "sga": null,
      "fcf": 17842000,
      "ocf": 18030000,
      "capex": -188000,
      "gross_margin": 0.2975909473108367,
      "op_margin": 0.05184832490806496,
      "fcf_margin": 0.09037493288488618,
      "incr_op_margin_yoy": 0.11571066146896851,
      "rev_growth_yoy": 0.32552252935765646,
      "rev_growth_yoy_accel": 0.07912940061594889,
      "op_leverage_ratio": 0.7287912919758791,
      "fcf_margin_change": 0.031751538699625874
    },
    {
      "date": "2024-09-30T00:00:00",
      "quarter_label": "2024-09 (Q3)",
      "revenue": 231571000,
      "gross_profit": 60665000,
      "operating_income": 12088000,
      "net_income": 14430000,
      "opex": 48577000,
      "cogs": 170906000,
      "rd": 13187000,
      "sga": null,
      "fcf": 6665000,
      "ocf": 6737000,
      "capex": -72000,
      "gross_margin": 0.2619714903852382,
      "op_margin": 0.052199973226353905,
      "fcf_margin": 0.02878166955275056,
      "incr_op_margin_yoy": 0.08562439985849295,
      "rev_growth_yoy": 0.5192654651857003,
      "rev_growth_yoy_accel": 0.1937429358280438,
      "op_leverage_ratio": 135.35265826503633,
      "fcf_margin_change": -0.06159326333213562
    },
    {
      "date": "2024-12-31T00:00:00",
      "quarter_label": "2024-12 (Q4)",
      "revenue": 257877000,
      "gross_profit": 66029000,
      "operating_income": 14190000,
      "net_income": 13149000,
      "opex": 51839000,
      "cogs": 191848000,
      "rd": 13561000,
      "sga": null,
      "fcf": 27832000,
      "ocf": 27913000,
      "capex": -81000,
      "gross_margin": 0.25604842618767865,
      "op_margin": 0.05502623343687107,
      "fcf_margin": 0.10792742276356558,
      "incr_op_margin_yoy": 0.05425615350731115,
      "rev_growth_yoy": 0.5647876213592233,
      "rev_growth_yoy_accel": 0.045522156173523065,
      "op_leverage_ratio": 1.6916767413800158,
      "fcf_margin_change": 0.07914575321081502
    },
    {
      "date": "2025-03-31T00:00:00",
      "quarter_label": "2025-03 (Q1)",
      "revenue": 275235000,
      "gross_profit": 66024000,
      "operating_income": 15689000,
      "net_income": 13813000,
      "opex": 50335000,
      "cogs": 209211000,
      "rd": 15101000,
      "sga": null,
      "fcf": 50381000,
      "ocf": 50441000,
      "capex": -60000,
      "gross_margin": 0.23988228241321052,
      "op_margin": 0.057002198121605174,
      "fcf_margin": 0.1830472141987756,
      "incr_op_margin_yoy": 0.08129703408587871,
      "rev_growth_yoy": 0.488762677484787,
      "rev_growth_yoy_accel": -0.07602494387443631,
      "op_leverage_ratio": Infinity,
      "fcf_margin_change": 0.07511979143521001
    },
    {
      "date": "2025-06-30T00:00:00",
      "quarter_label": "2025-06 (Q2)",
      "revenue": 280077000,
      "gross_profit": 71477000,
      "operating_income": 15922000,
      "net_income": 14707000,
      "opex": 55555000,
      "cogs": 208600000,
      "rd": 15231000,
      "sga": null,
      "fcf": 31363000,
      "ocf": 31479000,
      "capex": -116000,
      "gross_margin": 0.2552048186748644,
      "op_margin": 0.05684865233489362,
      "fcf_margin": 0.11197991980776716,
      "incr_op_margin_yoy": 0.06879196660819067,
      "rev_growth_yoy": 0.41867167792849835,
      "rev_growth_yoy_accel": -0.07009099955628867,
      "op_leverage_ratio": 0.16963704370497187,
      "fcf_margin_change": -0.07106729439100844
    },
    {
      "date": "2025-09-30T00:00:00",
      "quarter_label": "2025-09 (Q3)",
      "revenue": 310737000,
      "gross_profit": 74849000,
      "operating_income": 19861000,
      "net_income": 17744000,
      "opex": 54988000,
      "cogs": 235888000,
      "rd": 15219000,
      "sga": null,
      "fcf": 34973000,
      "ocf": 35076000,
      "capex": -103000,
      "gross_margin": 0.24087572448726738,
      "op_margin": 0.06391578730566363,
      "fcf_margin": 0.11254855392180525,
      "incr_op_margin_yoy": 0.09818608998812621,
      "rev_growth_yoy": 0.34186491400045776,
      "rev_growth_yoy_accel": -0.07680676392804059,
      "op_leverage_ratio": Infinity,
      "fcf_margin_change": 0.0005686341140380968
    }
  ],
  "signals": [
    {
      "quarter": "2025-09 (Q3)",
      "signal": "YoY REVENUE GROWTH DECELERATION",
      "detail": "YoY growth: +34.2% vs prior quarter YoY: +41.9% (decel: -7.7%)",
      "severity": "WARNING"
    },
    {
      "quarter": "2025-06 (Q2)",
      "signal": "YoY REVENUE GROWTH DECELERATION",
      "detail": "YoY growth: +41.9% vs prior quarter YoY: +48.9% (decel: -7.0%)",
      "severity": "WARNING"
    },
    {
      "quarter": "2025-03 (Q1)",
      "signal": "FCF MARGIN EXPANSION",
      "detail": "FCF margin: +10.8% -> +18.3% (+7.5%)",
      "severity": "MEDIUM"
    },
    {
      "quarter": "2025-03 (Q1)",
      "signal": "YoY REVENUE GROWTH DECELERATION",
      "detail": "YoY growth: +48.9% vs prior quarter YoY: +56.5% (decel: -7.6%)",
      "severity": "WARNING"
    },
    {
      "quarter": "2024-12 (Q4)",
      "signal": "FCF MARGIN EXPANSION",
      "detail": "FCF margin: +2.9% -> +10.8% (+7.9%)",
      "severity": "MEDIUM"
    },
    {
      "quarter": "2024-12 (Q4)",
      "signal": "OPERATING LEVERAGE",
      "detail": "Rev growth +11.4% vs OpEx growth +6.7% (leverage: 1.7x)",
      "severity": "MEDIUM"
    },
    {
      "quarter": "2024-09 (Q3)",
      "signal": "OPERATING LEVERAGE",
      "detail": "Rev growth +17.3% vs OpEx growth +0.1% (leverage: 135.4x)",
      "severity": "MEDIUM"
    },
    {
      "quarter": "2024-09 (Q3)",
      "signal": "YoY REVENUE GROWTH ACCELERATION",
      "detail": "YoY growth: +51.9% vs prior quarter YoY: +32.6% (accel: +19.4%)",
      "severity": "HIGH"
    },
    {
      "quarter": "2024-06 (Q2)",
      "signal": "YoY REVENUE GROWTH ACCELERATION",
      "detail": "YoY growth: +32.6% vs prior quarter YoY: +24.6% (accel: +7.9%)",
      "severity": "MEDIUM"
    },
    {
      "quarter": "2024-03 (Q1)",
      "signal": "OP MARGIN TURNED POSITIVE (YoY)",
      "detail": "Op margin: -0.7% (year-ago) -> +4.5%",
      "severity": "HIGH"
    },
    {
      "quarter": "2023-12 (Q4)",
      "signal": "FCF MARGIN EXPANSION",
      "detail": "FCF margin: +8.5% -> +14.8% (+6.3%)",
      "severity": "MEDIUM"
    },
    {
      "quarter": "2023-12 (Q4)",
      "signal": "YoY REVENUE GROWTH ACCELERATION",
      "detail": "YoY growth: +24.7% vs prior quarter YoY: +18.9% (accel: +5.7%)",
      "severity": "MEDIUM"
    },
    {
      "quarter": "2023-12 (Q4)",
      "signal": "INCREMENTAL MARGIN (YoY)",
      "detail": "YoY Incr OPM: +23.3% vs year-ago OPM: +1.2%",
      "severity": "HIGH"
    },
    {
      "quarter": "2023-09 (Q3)",
      "signal": "OPERATING LEVERAGE",
      "detail": "Rev growth +2.3% vs OpEx growth +0.9% (leverage: 2.7x)",
      "severity": "MEDIUM"
    },
    {
      "quarter": "2023-09 (Q3)",
      "signal": "YoY REVENUE GROWTH DECELERATION",
      "detail": "YoY growth: +18.9% vs prior quarter YoY: +24.1% (decel: -5.2%)",
      "severity": "WARNING"
    },
    {
      "quarter": "2023-09 (Q3)",
      "signal": "OP MARGIN TURNED POSITIVE (YoY)",
      "detail": "Op margin: -0.7% (year-ago) -> +3.5%",
      "severity": "HIGH"
    },
    {
      "quarter": "2023-06 (Q2)",
      "signal": "FCF MARGIN EXPANSION",
      "detail": "FCF margin: +3.2% -> +17.6% (+14.4%)",
      "severity": "MEDIUM"
    },
    {
      "quarter": "2023-06 (Q2)",
      "signal": "GROSS MARGIN INFLECTION",
      "detail": "GM: +31.1% -> +27.0% -> +30.8% (reversal +3.8%)",
      "severity": "MEDIUM"
    },
    {
      "quarter": "2023-06 (Q2)",
      "signal": "OP MARGIN TURNED POSITIVE (YoY)",
      "detail": "Op margin: -1.9% (year-ago) -> +3.1%",
      "severity": "HIGH"
    },
    {
      "quarter": "2023-06 (Q2)",
      "signal": "OP MARGIN TURNED POSITIVE (QoQ)",
      "detail": "Op margin: -0.7% -> +3.1%",
      "severity": "HIGH"
    },
    {
      "quarter": "2023-03 (Q1)",
      "signal": "OPERATING LEVERAGE",
      "detail": "Rev growth +12.2% vs OpEx growth +3.7% (leverage: 3.3x)",
      "severity": "MEDIUM"
    },
    {
      "quarter": "2022-12 (Q4)",
      "signal": "FCF TURNED POSITIVE",
      "detail": "FCF margin: -1.8% -> +11.1%",
      "severity": "HIGH"
    },
    {
      "quarter": "2022-12 (Q4)",
      "signal": "OP MARGIN TURNED POSITIVE (QoQ)",
      "detail": "Op margin: -0.7% -> +1.2%",
      "severity": "HIGH"
    },
    {
      "quarter": "2022-09 (Q3)",
      "signal": "OPERATING LEVERAGE",
      "detail": "Rev growth +6.8% vs OpEx growth +1.9% (leverage: 3.6x)",
      "severity": "MEDIUM"
    },
    {
      "quarter": "2022-03 (Q1)",
      "signal": "FCF TURNED POSITIVE",
      "detail": "FCF margin: -0.0% -> +2.3%",
      "severity": "HIGH"
    }
  ],
  "data_quality": {
    "n_quarters": 20,
    "coverage": {
      "revenue": [
        20,
        20
      ],
      "gross_profit": [
        20,
        20
      ],
      "op_income": [
        20,
        20
      ],
      "fcf": [
        20,
        20
      ]
    },
    "gaps": [],
    "warnings": []
  },
  "market_cap": null,
  "source": "SEC EDGAR",
  "last_updated": "2026-02-02T21:15:49.423186"
}