{
  "ticker": "PAYC",
  "name": "Paycom Software, Inc.",
  "sector": "Technology",
  "industry": "Software - Application",
  "quarters": [
    {
      "date": "2021-03-31T00:00:00",
      "quarter_label": "2021-03 (Q1)",
      "revenue": 272198000,
      "gross_profit": 235925000,
      "operating_income": 94546000,
      "net_income": 64616000,
      "opex": 177652000,
      "cogs": 36273000,
      "rd": 24711000,
      "sga": 141379000,
      "fcf": 64127000,
      "ocf": 89457000,
      "capex": -25330000,
      "gross_margin": 0.8667403875120316,
      "op_margin": 0.34734274315020686,
      "fcf_margin": 0.2355895340891557
    },
    {
      "date": "2021-06-30T00:00:00",
      "quarter_label": "2021-06 (Q2)",
      "revenue": 242146000,
      "gross_profit": 205736000,
      "operating_income": 47090000,
      "net_income": 52278000,
      "opex": 195056000,
      "cogs": 36410000,
      "rd": 28224000,
      "sga": 158646000,
      "fcf": 19584000,
      "ocf": 56986000,
      "capex": -37402000,
      "gross_margin": 0.8496361699140188,
      "op_margin": 0.19446945231389326,
      "fcf_margin": 0.08087682637747474,
      "fcf_margin_change": -0.15471270771168094
    },
    {
      "date": "2021-09-30T00:00:00",
      "quarter_label": "2021-09 (Q3)",
      "revenue": 256194000,
      "gross_profit": 213514000,
      "operating_income": 43305000,
      "net_income": 30379000,
      "opex": 212889000,
      "cogs": 42680000,
      "rd": 31077000,
      "sga": 170209000,
      "fcf": 59208000,
      "ocf": 83194000,
      "capex": -23986000,
      "gross_margin": 0.8334074958820269,
      "op_margin": 0.16903206164078785,
      "fcf_margin": 0.2311061148973044,
      "op_leverage_ratio": 0.6345591394546306,
      "fcf_margin_change": 0.15022928851982964
    },
    {
      "date": "2021-12-31T00:00:00",
      "quarter_label": "2021-12 (Q4)",
      "revenue": 284986000,
      "gross_profit": 238463000,
      "operating_income": 68626000,
      "net_income": 48687000,
      "opex": 216360000,
      "cogs": 46523000,
      "rd": 34414000,
      "sga": 169837000,
      "fcf": 55751000,
      "ocf": 89725000,
      "capex": -33974000,
      "gross_margin": 0.8367533843767764,
      "op_margin": 0.2408048114644228,
      "fcf_margin": 0.1956271536145635,
      "op_leverage_ratio": 6.8928922158566515,
      "fcf_margin_change": -0.03547896128274089
    },
    {
      "date": "2022-03-31T00:00:00",
      "quarter_label": "2022-03 (Q1)",
      "revenue": 353519000,
      "gross_profit": 305035000,
      "operating_income": 126267000,
      "net_income": 91930000,
      "opex": 227252000,
      "cogs": 48484000,
      "rd": 31605000,
      "sga": 178768000,
      "fcf": 82757000,
      "ocf": 117231000,
      "capex": -34474000,
      "gross_margin": 0.8628531988379691,
      "op_margin": 0.3571717503161075,
      "fcf_margin": 0.2340949142761775,
      "incr_op_margin_yoy": 0.3900714452601419,
      "rev_growth_yoy": 0.2987567873386285,
      "op_leverage_ratio": 4.776893486587285,
      "fcf_margin_change": 0.038467760661614
    },
    {
      "date": "2022-06-30T00:00:00",
      "quarter_label": "2022-06 (Q2)",
      "revenue": 316924000,
      "gross_profit": 266842000,
      "operating_income": 72313000,
      "net_income": 57355000,
      "opex": 244611000,
      "cogs": 50082000,
      "rd": 36803000,
      "sga": 194529000,
      "fcf": 18480000,
      "ocf": 51727000,
      "capex": -33247000,
      "gross_margin": 0.8419747321124308,
      "op_margin": 0.22817142280168115,
      "fcf_margin": 0.05831050977521425,
      "incr_op_margin_yoy": 0.3373050897322742,
      "rev_growth_yoy": 0.3088136909137463,
      "rev_growth_yoy_accel": 0.010056903575117793,
      "fcf_margin_change": -0.17578440450096328
    },
    {
      "date": "2022-09-30T00:00:00",
      "quarter_label": "2022-09 (Q3)",
      "revenue": 334167000,
      "gross_profit": 279063000,
      "operating_income": 74265000,
      "net_income": 52153000,
      "opex": 259902000,
      "cogs": 55104000,
      "rd": 40366000,
      "sga": 204798000,
      "fcf": 43369000,
      "ocf": 67689000,
      "capex": -24320000,
      "gross_margin": 0.8351004138649238,
      "op_margin": 0.22223917981129196,
      "fcf_margin": 0.1297824141821305,
      "incr_op_margin_yoy": 0.39706052094955946,
      "rev_growth_yoy": 0.3043513899622942,
      "rev_growth_yoy_accel": -0.004462300951452058,
      "op_leverage_ratio": 0.8703577370106999,
      "fcf_margin_change": 0.07147190440691624
    },
    {
      "date": "2022-12-31T00:00:00",
      "quarter_label": "2022-12 (Q4)",
      "revenue": 370608000,
      "gross_profit": 311537000,
      "operating_income": 105834000,
      "net_income": 79951000,
      "opex": 264774000,
      "cogs": 59071000,
      "rd": 39569000,
      "sga": 205703000,
      "fcf": 87794000,
      "ocf": 128453000,
      "capex": -40659000,
      "gross_margin": 0.8406105642619696,
      "op_margin": 0.28556857919958556,
      "fcf_margin": 0.23689181021456635,
      "incr_op_margin_yoy": 0.43456121090373967,
      "rev_growth_yoy": 0.3004428287705361,
      "rev_growth_yoy_accel": -0.003908561191758142,
      "op_leverage_ratio": 5.817401898295712,
      "fcf_margin_change": 0.10710939603243586
    },
    {
      "date": "2023-03-31T00:00:00",
      "quarter_label": "2023-03 (Q1)",
      "revenue": 451637000,
      "gross_profit": 386405000,
      "operating_income": 160432000,
      "net_income": 119296000,
      "opex": 291205000,
      "cogs": 65232000,
      "rd": 42669000,
      "sga": 225973000,
      "fcf": 105485000,
      "ocf": 146103000,
      "capex": -40618000,
      "gross_margin": 0.8555654209021847,
      "op_margin": 0.35522333201221334,
      "fcf_margin": 0.2335614663989,
      "incr_op_margin_yoy": 0.34820318392140076,
      "rev_growth_yoy": 0.277546609941757,
      "rev_growth_yoy_accel": -0.02289621882877907,
      "op_leverage_ratio": 2.190218440317687,
      "fcf_margin_change": -0.0033303438156663534
    },
    {
      "date": "2023-06-30T00:00:00",
      "quarter_label": "2023-06 (Q2)",
      "revenue": 401139000,
      "gross_profit": 333711000,
      "operating_income": 87266000,
      "net_income": 64516000,
      "opex": 313873000,
      "cogs": 67428000,
      "rd": 49118000,
      "sga": 246445000,
      "fcf": 63084000,
      "ocf": 105888000,
      "capex": -42804000,
      "gross_margin": 0.8319086401471809,
      "op_margin": 0.2175455390774769,
      "fcf_margin": 0.15726219589718277,
      "incr_op_margin_yoy": 0.17755744226087988,
      "rev_growth_yoy": 0.2657261677878608,
      "rev_growth_yoy_accel": -0.011820442153896216,
      "fcf_margin_change": -0.07629927050171723
    },
    {
      "date": "2023-09-30T00:00:00",
      "quarter_label": "2023-09 (Q3)",
      "revenue": 406303000,
      "gross_profit": 337362000,
      "operating_income": 96901000,
      "net_income": 75219000,
      "opex": 309402000,
      "cogs": 68941000,
      "rd": 51864000,
      "sga": 240461000,
      "fcf": 46291000,
      "ocf": 98578000,
      "capex": -52287000,
      "gross_margin": 0.8303212134786108,
      "op_margin": 0.2384944241120543,
      "fcf_margin": 0.11393221315126888,
      "incr_op_margin_yoy": 0.31379616280359324,
      "rev_growth_yoy": 0.21586811384726798,
      "rev_growth_yoy_accel": -0.04985805394059281,
      "op_leverage_ratio": null,
      "fcf_margin_change": -0.04332998274591389
    },
    {
      "date": "2023-12-31T00:00:00",
      "quarter_label": "2023-12 (Q4)",
      "revenue": 434595000,
      "gross_profit": 359906000,
      "operating_income": 106723000,
      "net_income": 81757000,
      "opex": 327872000,
      "cogs": 74689000,
      "rd": 55300000,
      "sga": 253183000,
      "fcf": 77540000,
      "ocf": 134431000,
      "capex": -56891000,
      "gross_margin": 0.8281411429031628,
      "op_margin": 0.24556886296436914,
      "fcf_margin": 0.17841898779323279,
      "incr_op_margin_yoy": 0.013893447106443496,
      "rev_growth_yoy": 0.17265412511332728,
      "rev_growth_yoy_accel": -0.043213988733940695,
      "op_leverage_ratio": 1.1664599757997705,
      "fcf_margin_change": 0.06448677464196391
    },
    {
      "date": "2024-03-31T00:00:00",
      "quarter_label": "2024-03 (Q1)",
      "revenue": 499881000,
      "gross_profit": 421200000,
      "operating_income": 285814000,
      "net_income": 247187000,
      "opex": 214067000,
      "cogs": 78631000,
      "rd": 50509000,
      "sga": 135436000,
      "fcf": 100900000,
      "ocf": 148600000,
      "capex": -47700000,
      "gross_margin": 0.8426005389282649,
      "op_margin": 0.5717640798510045,
      "fcf_margin": 0.20184803983348037,
      "incr_op_margin_yoy": 2.598913854572589,
      "rev_growth_yoy": 0.1068203003739729,
      "rev_growth_yoy_accel": -0.06583382473935438,
      "op_leverage_ratio": null,
      "fcf_margin_change": 0.02342905204024759
    },
    {
      "date": "2024-06-30T00:00:00",
      "quarter_label": "2024-06 (Q2)",
      "revenue": 437512000,
      "gross_profit": 353600000,
      "operating_income": 95140000,
      "net_income": 67970000,
      "opex": 342372000,
      "cogs": 83884000,
      "rd": 62371000,
      "sga": 258488000,
      "fcf": 86500000,
      "ocf": 132100000,
      "capex": -45600000,
      "gross_margin": 0.8082064034815045,
      "op_margin": 0.21745689261094553,
      "fcf_margin": 0.19770886284261918,
      "incr_op_margin_yoy": 0.21647925659142772,
      "rev_growth_yoy": 0.09067430491674956,
      "rev_growth_yoy_accel": -0.01614599545722334,
      "fcf_margin_change": -0.004139176990861193
    },
    {
      "date": "2024-09-30T00:00:00",
      "quarter_label": "2024-09 (Q3)",
      "revenue": 451934000,
      "gross_profit": 363600000,
      "operating_income": 104874000,
      "net_income": 73278000,
      "opex": 347060000,
      "cogs": 88353000,
      "rd": 63047000,
      "sga": 258707000,
      "fcf": 44600000,
      "ocf": 92800000,
      "capex": -48200000,
      "gross_margin": 0.8045422561701487,
      "op_margin": 0.2320560081781853,
      "fcf_margin": 0.09868697641691043,
      "incr_op_margin_yoy": 0.1747277070412658,
      "rev_growth_yoy": 0.1123078096888283,
      "rev_growth_yoy_accel": 0.021633504772078732,
      "op_leverage_ratio": 2.407388373456686,
      "fcf_margin_change": -0.09902188642570875
    },
    {
      "date": "2024-12-31T00:00:00",
      "quarter_label": "2024-12 (Q4)",
      "revenue": 493873000,
      "gross_profit": 410100000,
      "operating_income": 148472000,
      "net_income": 113565000,
      "opex": 345401000,
      "cogs": 83732000,
      "rd": 66673000,
      "sga": 261669000,
      "fcf": 109000000,
      "ocf": 160400000,
      "capex": -51400000,
      "gross_margin": 0.8303754204016012,
      "op_margin": 0.30062789421571945,
      "fcf_margin": 0.22070451310357117,
      "incr_op_margin_yoy": 0.7042916427679746,
      "rev_growth_yoy": 0.13639825584739815,
      "rev_growth_yoy_accel": 0.024090446158569853,
      "op_leverage_ratio": null,
      "fcf_margin_change": 0.12201753668666074
    },
    {
      "date": "2025-03-31T00:00:00",
      "quarter_label": "2025-03 (Q1)",
      "revenue": 530500000,
      "gross_profit": 445900000,
      "operating_income": 185100000,
      "net_income": 139400000,
      "opex": 345400000,
      "cogs": 84600000,
      "rd": 62300000,
      "sga": 260800000,
      "fcf": 144800000,
      "ocf": 182500000,
      "capex": -37700000,
      "gross_margin": 0.8405278039585297,
      "op_margin": 0.34891611687087654,
      "fcf_margin": 0.2729500471253534,
      "incr_op_margin_yoy": -3.28926483555962,
      "rev_growth_yoy": 0.061252578113591034,
      "rev_growth_yoy_accel": -0.07514567773380712,
      "op_leverage_ratio": null,
      "fcf_margin_change": 0.05224553402178225
    },
    {
      "date": "2025-06-30T00:00:00",
      "quarter_label": "2025-06 (Q2)",
      "revenue": 483600000,
      "gross_profit": 396100000,
      "operating_income": 112300000,
      "net_income": 89500000,
      "opex": 371300000,
      "cogs": 87500000,
      "rd": 74800000,
      "sga": 283800000,
      "fcf": 60800000,
      "ocf": 122500000,
      "capex": -61700000,
      "gross_margin": 0.8190653432588917,
      "op_margin": 0.23221670802315963,
      "fcf_margin": 0.12572373862696443,
      "incr_op_margin_yoy": 0.37233119250130187,
      "rev_growth_yoy": 0.10534111064382234,
      "rev_growth_yoy_accel": 0.04408853253023131,
      "fcf_margin_change": -0.147226308498389
    },
    {
      "date": "2025-09-30T00:00:00",
      "quarter_label": "2025-09 (Q3)",
      "revenue": 493300000,
      "gross_profit": 407900000,
      "operating_income": 112600000,
      "net_income": 110700000,
      "opex": 380700000,
      "cogs": 85400000,
      "rd": 74100000,
      "sga": 295300000,
      "fcf": 79800000,
      "ocf": 177800000,
      "capex": -98000000,
      "gross_margin": 0.8268801946077438,
      "op_margin": 0.2282586661260896,
      "fcf_margin": 0.16176768700587876,
      "incr_op_margin_yoy": 0.1867717449112798,
      "rev_growth_yoy": 0.09153106427044656,
      "rev_growth_yoy_accel": -0.013810046373375781,
      "op_leverage_ratio": 0.7922870140612076,
      "fcf_margin_change": 0.03604394837891434
    },
    {
      "date": "2025-12-31T00:00:00",
      "quarter_label": "2025-12 (Q4)",
      "revenue": 544300000,
      "gross_profit": 456500000,
      "operating_income": 157100000,
      "net_income": 113800000,
      "opex": 387200000,
      "cogs": 87800000,
      "rd": 72200000,
      "sga": 299400000,
      "fcf": 122600000,
      "ocf": 196100000,
      "capex": -73500000,
      "gross_margin": 0.8386918978504502,
      "op_margin": 0.2886275950762447,
      "fcf_margin": 0.22524343193092045,
      "incr_op_margin_yoy": 0.17109881611041705,
      "rev_growth_yoy": 0.10210519708508058,
      "rev_growth_yoy_accel": 0.010574132814634013,
      "op_leverage_ratio": 6.055201235010682,
      "fcf_margin_change": 0.06347574492504168
    }
  ],
  "signals": [
    {
      "quarter": "2025-12 (Q4)",
      "signal": "FCF MARGIN EXPANSION",
      "detail": "FCF margin: +16.2% -> +22.5% (+6.3%)",
      "severity": "MEDIUM"
    },
    {
      "quarter": "2025-12 (Q4)",
      "signal": "OPERATING LEVERAGE",
      "detail": "Rev growth +10.3% vs OpEx growth +1.7% (leverage: 6.1x)",
      "severity": "MEDIUM"
    },
    {
      "quarter": "2025-06 (Q2)",
      "signal": "INCREMENTAL MARGIN (YoY)",
      "detail": "YoY Incr OPM: +37.2% vs year-ago OPM: +21.7%",
      "severity": "MEDIUM"
    },
    {
      "quarter": "2025-03 (Q1)",
      "signal": "FCF MARGIN EXPANSION",
      "detail": "FCF margin: +22.1% -> +27.3% (+5.2%)",
      "severity": "MEDIUM"
    },
    {
      "quarter": "2025-03 (Q1)",
      "signal": "YoY REVENUE GROWTH DECELERATION",
      "detail": "YoY growth: +6.1% vs prior quarter YoY: +13.6% (decel: -7.5%)",
      "severity": "WARNING"
    },
    {
      "quarter": "2024-12 (Q4)",
      "signal": "FCF MARGIN EXPANSION",
      "detail": "FCF margin: +9.9% -> +22.1% (+12.2%)",
      "severity": "MEDIUM"
    },
    {
      "quarter": "2024-12 (Q4)",
      "signal": "GROSS MARGIN INFLECTION",
      "detail": "GM: +80.8% -> +80.5% -> +83.0% (reversal +2.6%)",
      "severity": "MEDIUM"
    },
    {
      "quarter": "2024-12 (Q4)",
      "signal": "INCREMENTAL MARGIN (YoY)",
      "detail": "YoY Incr OPM: +70.4% vs year-ago OPM: +24.6%",
      "severity": "HIGH"
    },
    {
      "quarter": "2024-09 (Q3)",
      "signal": "OPERATING LEVERAGE",
      "detail": "Rev growth +3.3% vs OpEx growth +1.4% (leverage: 2.4x)",
      "severity": "MEDIUM"
    },
    {
      "quarter": "2024-03 (Q1)",
      "signal": "YoY REVENUE GROWTH DECELERATION",
      "detail": "YoY growth: +10.7% vs prior quarter YoY: +17.3% (decel: -6.6%)",
      "severity": "WARNING"
    },
    {
      "quarter": "2024-03 (Q1)",
      "signal": "INCREMENTAL MARGIN (YoY)",
      "detail": "YoY Incr OPM: +259.9% vs year-ago OPM: +35.5%",
      "severity": "HIGH"
    },
    {
      "quarter": "2023-12 (Q4)",
      "signal": "FCF MARGIN EXPANSION",
      "detail": "FCF margin: +11.4% -> +17.8% (+6.4%)",
      "severity": "MEDIUM"
    },
    {
      "quarter": "2023-03 (Q1)",
      "signal": "OPERATING LEVERAGE",
      "detail": "Rev growth +21.9% vs OpEx growth +10.0% (leverage: 2.2x)",
      "severity": "MEDIUM"
    },
    {
      "quarter": "2022-12 (Q4)",
      "signal": "FCF MARGIN EXPANSION",
      "detail": "FCF margin: +13.0% -> +23.7% (+10.7%)",
      "severity": "MEDIUM"
    },
    {
      "quarter": "2022-12 (Q4)",
      "signal": "OPERATING LEVERAGE",
      "detail": "Rev growth +10.9% vs OpEx growth +1.9% (leverage: 5.8x)",
      "severity": "MEDIUM"
    },
    {
      "quarter": "2022-12 (Q4)",
      "signal": "INCREMENTAL MARGIN (YoY)",
      "detail": "YoY Incr OPM: +43.5% vs year-ago OPM: +24.1%",
      "severity": "MEDIUM"
    },
    {
      "quarter": "2022-09 (Q3)",
      "signal": "FCF MARGIN EXPANSION",
      "detail": "FCF margin: +5.8% -> +13.0% (+7.1%)",
      "severity": "MEDIUM"
    },
    {
      "quarter": "2022-09 (Q3)",
      "signal": "INCREMENTAL MARGIN (YoY)",
      "detail": "YoY Incr OPM: +39.7% vs year-ago OPM: +16.9%",
      "severity": "HIGH"
    },
    {
      "quarter": "2022-06 (Q2)",
      "signal": "INCREMENTAL MARGIN (YoY)",
      "detail": "YoY Incr OPM: +33.7% vs year-ago OPM: +19.4%",
      "severity": "MEDIUM"
    },
    {
      "quarter": "2022-03 (Q1)",
      "signal": "OPERATING LEVERAGE",
      "detail": "Rev growth +24.0% vs OpEx growth +5.0% (leverage: 4.8x)",
      "severity": "MEDIUM"
    },
    {
      "quarter": "2021-12 (Q4)",
      "signal": "OPERATING LEVERAGE",
      "detail": "Rev growth +11.2% vs OpEx growth +1.6% (leverage: 6.9x)",
      "severity": "MEDIUM"
    },
    {
      "quarter": "2021-09 (Q3)",
      "signal": "FCF MARGIN EXPANSION",
      "detail": "FCF margin: +8.1% -> +23.1% (+15.0%)",
      "severity": "MEDIUM"
    }
  ],
  "data_quality": {
    "n_quarters": 20,
    "coverage": {
      "revenue": [
        20,
        20
      ],
      "gross_profit": [
        20,
        20
      ],
      "op_income": [
        20,
        20
      ],
      "fcf": [
        20,
        20
      ]
    },
    "gaps": [],
    "warnings": []
  },
  "market_cap": null,
  "source": "SEC EDGAR",
  "last_updated": "2026-02-24T10:23:31.972784"
}