{
  "ticker": "PAYS",
  "name": "PAYSIGN, INC.",
  "quarters": [
    {
      "date": "2020-12-31T00:00:00",
      "quarter_label": "2020-12 (Q4)",
      "revenue": 7253437,
      "gross_profit": 3712167,
      "operating_income": -658346,
      "net_income": -4311158,
      "opex": 4370513,
      "cogs": 3541270,
      "rd": null,
      "sga": 3792396,
      "fcf": 910293,
      "ocf": 1197013,
      "capex": -286720,
      "gross_margin": 0.5117804152707193,
      "op_margin": -0.09076331675590482,
      "fcf_margin": 0.1254981603893437
    },
    {
      "date": "2021-03-31T00:00:00",
      "quarter_label": "2021-03 (Q1)",
      "revenue": 6279428,
      "gross_profit": 2831806,
      "operating_income": -1629028,
      "net_income": -1623527,
      "opex": 4460834,
      "cogs": 3447622,
      "rd": null,
      "sga": 3864986,
      "fcf": 9779803,
      "ocf": 9904499,
      "capex": -124696,
      "gross_margin": 0.4509655975034669,
      "op_margin": -0.2594229920304843,
      "fcf_margin": 1.5574353269119416,
      "fcf_margin_change": 1.431937166522598
    },
    {
      "date": "2021-06-30T00:00:00",
      "quarter_label": "2021-06 (Q2)",
      "revenue": 6651290,
      "gross_profit": 3152567,
      "operating_income": -936177,
      "net_income": -931967,
      "opex": 4088744,
      "cogs": 3498723,
      "rd": null,
      "sga": 3474562,
      "fcf": 7628471,
      "ocf": 7677254,
      "capex": -48783,
      "gross_margin": 0.4739782809049072,
      "op_margin": -0.1407511926257914,
      "fcf_margin": 1.1469160117811732,
      "op_leverage_ratio": Infinity,
      "fcf_margin_change": -0.41051931513076845
    },
    {
      "date": "2021-09-30T00:00:00",
      "quarter_label": "2021-09 (Q3)",
      "revenue": 7767189,
      "gross_profit": 3969270,
      "operating_income": -277125,
      "net_income": -271006,
      "opex": 4246395,
      "cogs": 3797919,
      "rd": null,
      "sga": 3618071,
      "fcf": -1566240,
      "ocf": -1550157,
      "capex": -16083,
      "gross_margin": 0.5110304384250209,
      "op_margin": -0.03567893094915033,
      "fcf_margin": -0.20164824108181223,
      "op_leverage_ratio": 4.351231548061433,
      "fcf_margin_change": -1.3485642528629853
    },
    {
      "date": "2021-12-31T00:00:00",
      "quarter_label": "2021-12 (Q4)",
      "revenue": 8766942,
      "gross_profit": 4758164,
      "operating_income": 102897,
      "net_income": 105166,
      "opex": 4655267,
      "cogs": 4008778,
      "rd": null,
      "sga": 3995703,
      "fcf": -942411,
      "ocf": -803407,
      "capex": -139004,
      "gross_margin": 0.5427393040811722,
      "op_margin": 0.011736931760242054,
      "fcf_margin": -0.1074959775027598,
      "incr_op_margin_yoy": 0.5029669541891173,
      "rev_growth_yoy": 0.20866039092915536,
      "op_leverage_ratio": 1.336785918722573,
      "fcf_margin_change": 0.09415226357905243
    },
    {
      "date": "2022-03-31T00:00:00",
      "quarter_label": "2022-03 (Q1)",
      "revenue": 8220639,
      "gross_profit": 4998249,
      "operating_income": -321834,
      "net_income": -309395,
      "opex": 5320083,
      "cogs": 3222390,
      "rd": null,
      "sga": 4640912,
      "fcf": 5124357,
      "ocf": 5137144,
      "capex": -12787,
      "gross_margin": 0.6080122238672687,
      "op_margin": -0.039149511370101524,
      "fcf_margin": 0.6233526371855035,
      "incr_op_margin_yoy": 0.6733909914996361,
      "rev_growth_yoy": 0.3091381890197642,
      "rev_growth_yoy_accel": 0.10047779809060883,
      "fcf_margin_change": 0.7308486146882633
    },
    {
      "date": "2022-06-30T00:00:00",
      "quarter_label": "2022-06 (Q2)",
      "revenue": 8598776,
      "gross_profit": 4697811,
      "operating_income": -271345,
      "net_income": -228034,
      "opex": 4969156,
      "cogs": 3900965,
      "rd": null,
      "sga": 4255976,
      "fcf": 11236920,
      "ocf": 11262321,
      "capex": -25401,
      "gross_margin": 0.5463348504484824,
      "op_margin": -0.03155623544560295,
      "fcf_margin": 1.306804596375112,
      "incr_op_margin_yoy": 0.341379604269299,
      "rev_growth_yoy": 0.2927982391385731,
      "rev_growth_yoy_accel": -0.016339949881191085,
      "op_leverage_ratio": Infinity,
      "fcf_margin_change": 0.6834519591896085
    },
    {
      "date": "2022-09-30T00:00:00",
      "quarter_label": "2022-09 (Q3)",
      "revenue": 10596428,
      "gross_profit": 5748648,
      "operating_income": 623008,
      "net_income": 852109,
      "opex": 5125640,
      "cogs": 4847780,
      "rd": null,
      "sga": 4386757,
      "fcf": 14517369,
      "ocf": 14554842,
      "capex": -37473,
      "gross_margin": 0.542508098011896,
      "op_margin": 0.058794152142589935,
      "fcf_margin": 1.3700247857108074,
      "incr_op_margin_yoy": 0.3181537508849553,
      "rev_growth_yoy": 0.3642552022359698,
      "rev_growth_yoy_accel": 0.07145696309739669,
      "op_leverage_ratio": 7.377273609560668,
      "fcf_margin_change": 0.0632201893356954
    },
    {
      "date": "2022-12-31T00:00:00",
      "quarter_label": "2022-12 (Q4)",
      "revenue": 10617824,
      "gross_profit": 5509890,
      "operating_income": 314506,
      "net_income": 713095,
      "opex": 5195384,
      "cogs": 5107934,
      "rd": null,
      "sga": 4417006,
      "fcf": -5665868,
      "ocf": -5636343,
      "capex": -29525,
      "gross_margin": 0.5189283604625581,
      "op_margin": 0.029620570090444144,
      "fcf_margin": -0.533618564406417,
      "incr_op_margin_yoy": 0.11432873624574662,
      "rev_growth_yoy": 0.21112059370302666,
      "rev_growth_yoy_accel": -0.15313460853294314,
      "fcf_margin_change": -1.9036433501172243
    },
    {
      "date": "2023-03-31T00:00:00",
      "quarter_label": "2023-03 (Q1)",
      "revenue": 10143290,
      "gross_profit": 5047669,
      "operating_income": -742797,
      "net_income": -160130,
      "opex": 5790466,
      "cogs": 5095621,
      "rd": null,
      "sga": 4945450,
      "fcf": 3185711,
      "ocf": 3230605,
      "capex": -44894,
      "gross_margin": 0.4976362698887639,
      "op_margin": -0.07323038185835168,
      "fcf_margin": 0.3140707797962988,
      "incr_op_margin_yoy": -0.21894925288052797,
      "rev_growth_yoy": 0.23388096716082532,
      "rev_growth_yoy_accel": 0.02276037345779866,
      "fcf_margin_change": 0.8476893442027158
    },
    {
      "date": "2023-06-30T00:00:00",
      "quarter_label": "2023-06 (Q2)",
      "revenue": 11041051,
      "gross_profit": 5615740,
      "operating_income": -646886,
      "net_income": -104156,
      "opex": 6262626,
      "cogs": 5425311,
      "rd": null,
      "sga": 5304625,
      "fcf": -3119274,
      "ocf": -3079257,
      "capex": -40017,
      "gross_margin": 0.5086236808434269,
      "op_margin": -0.05858916873040438,
      "fcf_margin": -0.28251603946037385,
      "incr_op_margin_yoy": -0.15376687719441914,
      "rev_growth_yoy": 0.2840258892661002,
      "rev_growth_yoy_accel": 0.05014492210527485,
      "op_leverage_ratio": 1.0854409864010977,
      "fcf_margin_change": -0.5965868192566727
    },
    {
      "date": "2023-09-30T00:00:00",
      "quarter_label": "2023-09 (Q3)",
      "revenue": 12400325,
      "gross_profit": 6332118,
      "operating_income": 590432,
      "net_income": 1100604,
      "opex": 5741686,
      "cogs": 6068207,
      "rd": null,
      "sga": 4696509,
      "fcf": 3895494,
      "ocf": 4028716,
      "capex": -133222,
      "gross_margin": 0.5106412936757706,
      "op_margin": 0.04761423591720378,
      "fcf_margin": 0.314144508309258,
      "incr_op_margin_yoy": -0.018058680733988693,
      "rev_growth_yoy": 0.17023632869491492,
      "rev_growth_yoy_accel": -0.11378956057118525,
      "op_leverage_ratio": Infinity,
      "fcf_margin_change": 0.5966605477696318
    },
    {
      "date": "2023-12-31T00:00:00",
      "quarter_label": "2023-12 (Q4)",
      "revenue": 13689496,
      "gross_profit": 7140638,
      "operating_income": 631996,
      "net_income": 5622409,
      "opex": 6508642,
      "cogs": 6548858,
      "rd": null,
      "sga": 5330258,
      "fcf": 23396137,
      "ocf": 23440560,
      "capex": -44423,
      "gross_margin": 0.5216143822972007,
      "op_margin": 0.04616649144716504,
      "fcf_margin": 1.709057586926502,
      "incr_op_margin_yoy": 0.10336064527723011,
      "rev_growth_yoy": 0.28929392689123495,
      "rev_growth_yoy_accel": 0.11905759819632003,
      "op_leverage_ratio": 0.778298957277431,
      "fcf_margin_change": 1.394913078617244
    },
    {
      "date": "2024-03-31T00:00:00",
      "quarter_label": "2024-03 (Q1)",
      "revenue": 13190074,
      "gross_profit": 6939251,
      "operating_income": -258352,
      "net_income": 309096,
      "opex": 7197603,
      "cogs": 6250823,
      "rd": null,
      "sga": 5911198,
      "fcf": 8193040,
      "ocf": 8244499,
      "capex": -51459,
      "gross_margin": 0.5260964419153372,
      "op_margin": -0.01958684992972746,
      "fcf_margin": 0.6211519359178728,
      "incr_op_margin_yoy": 0.15900208219552156,
      "rev_growth_yoy": 0.300374336137486,
      "rev_growth_yoy_accel": 0.011080409246251033,
      "fcf_margin_change": -1.0879056510086291
    },
    {
      "date": "2024-06-30T00:00:00",
      "quarter_label": "2024-06 (Q2)",
      "revenue": 14331599,
      "gross_profit": 7585763,
      "operating_income": 125677,
      "net_income": 697102,
      "opex": 7460086,
      "cogs": 6745836,
      "rd": null,
      "sga": 6020464,
      "fcf": 20407527,
      "ocf": 20552194,
      "capex": -144667,
      "gross_margin": 0.5293033247720649,
      "op_margin": 0.008769223866785556,
      "fcf_margin": 1.4239532518318438,
      "incr_op_margin_yoy": 0.23478247392227677,
      "rev_growth_yoy": 0.2980285119595952,
      "rev_growth_yoy_accel": -0.0023458241778908095,
      "op_leverage_ratio": 2.3731484314162725,
      "fcf_margin_change": 0.8028013159139711
    },
    {
      "date": "2024-09-30T00:00:00",
      "quarter_label": "2024-09 (Q3)",
      "revenue": 15256431,
      "gross_profit": 8473314,
      "operating_income": 689849,
      "net_income": 1436837,
      "opex": 7783465,
      "cogs": 6783117,
      "rd": null,
      "sga": 6217844,
      "fcf": -20284812,
      "ocf": -20162771,
      "capex": -122041,
      "gross_margin": 0.5553929356085968,
      "op_margin": 0.04521693179748265,
      "fcf_margin": -1.3295909115310127,
      "incr_op_margin_yoy": 0.03480858203442029,
      "rev_growth_yoy": 0.23032509228588766,
      "rev_growth_yoy_accel": -0.06770341967370752,
      "op_leverage_ratio": 1.4886761156674715,
      "fcf_margin_change": -2.7535441633628563
    },
    {
      "date": "2024-12-31T00:00:00",
      "quarter_label": "2024-12 (Q4)",
      "revenue": 15606448,
      "gross_profit": 9199006,
      "operating_income": 464334,
      "net_income": 1372872,
      "opex": 8734672,
      "cogs": 6407442,
      "rd": null,
      "sga": 7031334,
      "fcf": 14196464,
      "ocf": 14313198,
      "capex": -116734,
      "gross_margin": 0.5894362381497699,
      "op_margin": 0.029752702216417213,
      "fcf_margin": 0.9096537533716833,
      "incr_op_margin_yoy": -0.08746280553712352,
      "rev_growth_yoy": 0.14003086746217683,
      "rev_growth_yoy_accel": -0.09029422482371083,
      "op_leverage_ratio": 0.18773019366547425,
      "fcf_margin_change": 2.239244664902696
    },
    {
      "date": "2025-03-31T00:00:00",
      "quarter_label": "2025-03 (Q1)",
      "revenue": 18598149,
      "gross_profit": 11690828,
      "operating_income": 2489066,
      "net_income": 2586100,
      "opex": 9201762,
      "cogs": 6907321,
      "rd": null,
      "sga": 7400759,
      "fcf": -6111828,
      "ocf": -6033177,
      "capex": -78651,
      "gross_margin": 0.6286016957924146,
      "op_margin": 0.13383407133688413,
      "fcf_margin": -0.32862560677409347,
      "incr_op_margin_yoy": 0.5080214309158064,
      "rev_growth_yoy": 0.41001096733801495,
      "rev_growth_yoy_accel": 0.26998009987583815,
      "op_leverage_ratio": 3.5847605260984974,
      "fcf_margin_change": -1.2382793601457767
    },
    {
      "date": "2025-06-30T00:00:00",
      "quarter_label": "2025-06 (Q2)",
      "revenue": 19078353,
      "gross_profit": 11755165,
      "operating_income": 1437607,
      "net_income": 1387761,
      "opex": 10317558,
      "cogs": 7323188,
      "rd": null,
      "sga": 8197461,
      "fcf": 3554639,
      "ocf": 3640901,
      "capex": -86262,
      "gross_margin": 0.6161519812533084,
      "op_margin": 0.07535278333512332,
      "fcf_margin": 0.18631791748480594,
      "incr_op_margin_yoy": 0.27638466202377454,
      "rev_growth_yoy": 0.33120896000509087,
      "rev_growth_yoy_accel": -0.07880200733292408,
      "op_leverage_ratio": 0.21293264390089545,
      "fcf_margin_change": 0.5149435242588994
    },
    {
      "date": "2025-09-30T00:00:00",
      "quarter_label": "2025-09 (Q3)",
      "revenue": 21596478,
      "gross_profit": 12150389,
      "operating_income": 1581951,
      "net_income": 2215135,
      "opex": 10568438,
      "cogs": 9446089,
      "rd": null,
      "sga": 8378018,
      "fcf": 6298891,
      "ocf": 6752447,
      "capex": -453556,
      "gross_margin": 0.5626097459039386,
      "op_margin": 0.07325041610951563,
      "fcf_margin": 0.29166288132722384,
      "incr_op_margin_yoy": 0.14070905152595872,
      "rev_growth_yoy": 0.41556554085290326,
      "rev_growth_yoy_accel": 0.08435658084781239,
      "op_leverage_ratio": 5.4280930335528135,
      "fcf_margin_change": 0.1053449638424179
    }
  ],
  "signals": [
    {
      "quarter": "2025-09 (Q3)",
      "signal": "FCF MARGIN EXPANSION",
      "detail": "FCF margin: +18.6% -> +29.2% (+10.5%)",
      "severity": "MEDIUM"
    },
    {
      "quarter": "2025-09 (Q3)",
      "signal": "OPERATING LEVERAGE",
      "detail": "Rev growth +13.2% vs OpEx growth +2.4% (leverage: 5.4x)",
      "severity": "MEDIUM"
    },
    {
      "quarter": "2025-09 (Q3)",
      "signal": "YoY REVENUE GROWTH ACCELERATION",
      "detail": "YoY growth: +41.6% vs prior quarter YoY: +33.1% (accel: +8.4%)",
      "severity": "MEDIUM"
    },
    {
      "quarter": "2025-06 (Q2)",
      "signal": "FCF TURNED POSITIVE",
      "detail": "FCF margin: -32.9% -> +18.6%",
      "severity": "HIGH"
    },
    {
      "quarter": "2025-06 (Q2)",
      "signal": "YoY REVENUE GROWTH DECELERATION",
      "detail": "YoY growth: +33.1% vs prior quarter YoY: +41.0% (decel: -7.9%)",
      "severity": "WARNING"
    },
    {
      "quarter": "2025-06 (Q2)",
      "signal": "INCREMENTAL MARGIN (YoY)",
      "detail": "YoY Incr OPM: +27.6% vs year-ago OPM: +0.9%",
      "severity": "HIGH"
    },
    {
      "quarter": "2025-03 (Q1)",
      "signal": "OPERATING LEVERAGE",
      "detail": "Rev growth +19.2% vs OpEx growth +5.3% (leverage: 3.6x)",
      "severity": "MEDIUM"
    },
    {
      "quarter": "2025-03 (Q1)",
      "signal": "YoY REVENUE GROWTH ACCELERATION",
      "detail": "YoY growth: +41.0% vs prior quarter YoY: +14.0% (accel: +27.0%)",
      "severity": "HIGH"
    },
    {
      "quarter": "2025-03 (Q1)",
      "signal": "OP MARGIN TURNED POSITIVE (YoY)",
      "detail": "Op margin: -2.0% (year-ago) -> +13.4%",
      "severity": "HIGH"
    },
    {
      "quarter": "2024-12 (Q4)",
      "signal": "FCF TURNED POSITIVE",
      "detail": "FCF margin: -133.0% -> +91.0%",
      "severity": "HIGH"
    },
    {
      "quarter": "2024-12 (Q4)",
      "signal": "YoY REVENUE GROWTH DECELERATION",
      "detail": "YoY growth: +14.0% vs prior quarter YoY: +23.0% (decel: -9.0%)",
      "severity": "WARNING"
    },
    {
      "quarter": "2024-09 (Q3)",
      "signal": "YoY REVENUE GROWTH DECELERATION",
      "detail": "YoY growth: +23.0% vs prior quarter YoY: +29.8% (decel: -6.8%)",
      "severity": "WARNING"
    },
    {
      "quarter": "2024-06 (Q2)",
      "signal": "FCF MARGIN EXPANSION",
      "detail": "FCF margin: +62.1% -> +142.4% (+80.3%)",
      "severity": "MEDIUM"
    },
    {
      "quarter": "2024-06 (Q2)",
      "signal": "OPERATING LEVERAGE",
      "detail": "Rev growth +8.7% vs OpEx growth +3.6% (leverage: 2.4x)",
      "severity": "MEDIUM"
    },
    {
      "quarter": "2024-06 (Q2)",
      "signal": "OP MARGIN TURNED POSITIVE (YoY)",
      "detail": "Op margin: -5.9% (year-ago) -> +0.9%",
      "severity": "HIGH"
    },
    {
      "quarter": "2024-06 (Q2)",
      "signal": "OP MARGIN TURNED POSITIVE (QoQ)",
      "detail": "Op margin: -2.0% -> +0.9%",
      "severity": "HIGH"
    },
    {
      "quarter": "2023-12 (Q4)",
      "signal": "FCF MARGIN EXPANSION",
      "detail": "FCF margin: +31.4% -> +170.9% (+139.5%)",
      "severity": "MEDIUM"
    },
    {
      "quarter": "2023-12 (Q4)",
      "signal": "YoY REVENUE GROWTH ACCELERATION",
      "detail": "YoY growth: +28.9% vs prior quarter YoY: +17.0% (accel: +11.9%)",
      "severity": "MEDIUM"
    },
    {
      "quarter": "2023-09 (Q3)",
      "signal": "FCF TURNED POSITIVE",
      "detail": "FCF margin: -28.3% -> +31.4%",
      "severity": "HIGH"
    },
    {
      "quarter": "2023-09 (Q3)",
      "signal": "YoY REVENUE GROWTH DECELERATION",
      "detail": "YoY growth: +17.0% vs prior quarter YoY: +28.4% (decel: -11.4%)",
      "severity": "WARNING"
    },
    {
      "quarter": "2023-09 (Q3)",
      "signal": "OP MARGIN TURNED POSITIVE (QoQ)",
      "detail": "Op margin: -5.9% -> +4.8%",
      "severity": "HIGH"
    },
    {
      "quarter": "2023-06 (Q2)",
      "signal": "YoY REVENUE GROWTH ACCELERATION",
      "detail": "YoY growth: +28.4% vs prior quarter YoY: +23.4% (accel: +5.0%)",
      "severity": "MEDIUM"
    },
    {
      "quarter": "2023-03 (Q1)",
      "signal": "FCF TURNED POSITIVE",
      "detail": "FCF margin: -53.4% -> +31.4%",
      "severity": "HIGH"
    },
    {
      "quarter": "2022-12 (Q4)",
      "signal": "YoY REVENUE GROWTH DECELERATION",
      "detail": "YoY growth: +21.1% vs prior quarter YoY: +36.4% (decel: -15.3%)",
      "severity": "WARNING"
    },
    {
      "quarter": "2022-12 (Q4)",
      "signal": "INCREMENTAL MARGIN (YoY)",
      "detail": "YoY Incr OPM: +11.4% vs year-ago OPM: +1.2%",
      "severity": "MEDIUM"
    },
    {
      "quarter": "2022-09 (Q3)",
      "signal": "FCF MARGIN EXPANSION",
      "detail": "FCF margin: +130.7% -> +137.0% (+6.3%)",
      "severity": "MEDIUM"
    },
    {
      "quarter": "2022-09 (Q3)",
      "signal": "OPERATING LEVERAGE",
      "detail": "Rev growth +23.2% vs OpEx growth +3.1% (leverage: 7.4x)",
      "severity": "MEDIUM"
    },
    {
      "quarter": "2022-09 (Q3)",
      "signal": "YoY REVENUE GROWTH ACCELERATION",
      "detail": "YoY growth: +36.4% vs prior quarter YoY: +29.3% (accel: +7.1%)",
      "severity": "MEDIUM"
    },
    {
      "quarter": "2022-09 (Q3)",
      "signal": "OP MARGIN TURNED POSITIVE (YoY)",
      "detail": "Op margin: -3.6% (year-ago) -> +5.9%",
      "severity": "HIGH"
    },
    {
      "quarter": "2022-09 (Q3)",
      "signal": "OP MARGIN TURNED POSITIVE (QoQ)",
      "detail": "Op margin: -3.2% -> +5.9%",
      "severity": "HIGH"
    },
    {
      "quarter": "2022-06 (Q2)",
      "signal": "FCF MARGIN EXPANSION",
      "detail": "FCF margin: +62.3% -> +130.7% (+68.3%)",
      "severity": "MEDIUM"
    },
    {
      "quarter": "2022-03 (Q1)",
      "signal": "FCF TURNED POSITIVE",
      "detail": "FCF margin: -10.7% -> +62.3%",
      "severity": "HIGH"
    },
    {
      "quarter": "2022-03 (Q1)",
      "signal": "YoY REVENUE GROWTH ACCELERATION",
      "detail": "YoY growth: +30.9% vs prior quarter YoY: +20.9% (accel: +10.0%)",
      "severity": "MEDIUM"
    },
    {
      "quarter": "2021-12 (Q4)",
      "signal": "FCF MARGIN EXPANSION",
      "detail": "FCF margin: -20.2% -> -10.7% (+9.4%)",
      "severity": "MEDIUM"
    },
    {
      "quarter": "2021-12 (Q4)",
      "signal": "OP MARGIN TURNED POSITIVE (YoY)",
      "detail": "Op margin: -9.1% (year-ago) -> +1.2%",
      "severity": "HIGH"
    },
    {
      "quarter": "2021-12 (Q4)",
      "signal": "OP MARGIN TURNED POSITIVE (QoQ)",
      "detail": "Op margin: -3.6% -> +1.2%",
      "severity": "HIGH"
    },
    {
      "quarter": "2021-09 (Q3)",
      "signal": "OPERATING LEVERAGE",
      "detail": "Rev growth +16.8% vs OpEx growth +3.9% (leverage: 4.4x)",
      "severity": "MEDIUM"
    },
    {
      "quarter": "2021-06 (Q2)",
      "signal": "GROSS MARGIN INFLECTION",
      "detail": "GM: +51.2% -> +45.1% -> +47.4% (reversal +2.3%)",
      "severity": "MEDIUM"
    },
    {
      "quarter": "2021-03 (Q1)",
      "signal": "FCF MARGIN EXPANSION",
      "detail": "FCF margin: +12.5% -> +155.7% (+143.2%)",
      "severity": "MEDIUM"
    }
  ],
  "data_quality": {
    "n_quarters": 20,
    "coverage": {
      "revenue": [
        20,
        20
      ],
      "gross_profit": [
        20,
        20
      ],
      "op_income": [
        20,
        20
      ],
      "fcf": [
        20,
        20
      ]
    },
    "gaps": [],
    "warnings": []
  },
  "market_cap": null,
  "source": "SEC EDGAR",
  "last_updated": "2026-02-02T22:54:46.018060"
}