{
  "ticker": "PAYX",
  "name": "Paychex, Inc.",
  "quarters": [
    {
      "date": "2021-02-28T00:00:00",
      "quarter_label": "2021-02 (Q1)",
      "revenue": 1111700000,
      "gross_profit": 783300000,
      "operating_income": 468600000,
      "net_income": null,
      "opex": 643100000,
      "cogs": 328400000,
      "rd": null,
      "sga": 314700000,
      "fcf": 407600000,
      "ocf": 439900000,
      "capex": -32300000,
      "gross_margin": 0.7045965638211747,
      "op_margin": 0.4215165962040119,
      "fcf_margin": 0.3666456777907709
    },
    {
      "date": "2021-05-31T00:00:00",
      "quarter_label": "2021-05 (Q2)",
      "revenue": 1029200000,
      "gross_profit": 713400000,
      "operating_income": 353800000,
      "net_income": null,
      "opex": 675400000,
      "cogs": 315800000,
      "rd": null,
      "sga": 359600000,
      "fcf": 358200000,
      "ocf": 389700000,
      "capex": -31500000,
      "gross_margin": 0.6931597357170618,
      "op_margin": 0.343762145355616,
      "fcf_margin": 0.3480373105324524,
      "fcf_margin_change": -0.018608367258318492
    },
    {
      "date": "2021-08-31T00:00:00",
      "quarter_label": "2021-08 (Q3)",
      "revenue": 1082900000,
      "gross_profit": 770400000,
      "operating_income": 442900000,
      "net_income": null,
      "opex": 640000000,
      "cogs": 312500000,
      "rd": null,
      "sga": 327500000,
      "fcf": 355200000,
      "ocf": 385600000,
      "capex": -30400000,
      "gross_margin": 0.7114230307507619,
      "op_margin": 0.40899436697756025,
      "fcf_margin": 0.3280081263274541,
      "op_leverage_ratio": Infinity,
      "fcf_margin_change": -0.02002918420499833
    },
    {
      "date": "2021-11-30T00:00:00",
      "quarter_label": "2021-11 (Q4)",
      "revenue": 1108500000,
      "gross_profit": 776900000,
      "operating_income": 440300000,
      "net_income": null,
      "opex": 668200000,
      "cogs": 331600000,
      "rd": null,
      "sga": 336600000,
      "fcf": 135600000,
      "ocf": 169800000,
      "capex": -34200000,
      "gross_margin": 0.7008570139828597,
      "op_margin": 0.39720342805593145,
      "fcf_margin": 0.12232746955345061,
      "op_leverage_ratio": 0.5365157519636333,
      "fcf_margin_change": -0.20568065677400346
    },
    {
      "date": "2022-02-28T00:00:00",
      "quarter_label": "2022-02 (Q1)",
      "revenue": 1276000000,
      "gross_profit": 923800000,
      "operating_income": 562800000,
      "net_income": null,
      "opex": 713200000,
      "cogs": 352200000,
      "rd": null,
      "sga": 361000000,
      "fcf": 578200000,
      "ocf": 612900000,
      "capex": -34700000,
      "gross_margin": 0.7239811912225705,
      "op_margin": 0.44106583072100314,
      "fcf_margin": 0.45313479623824454,
      "incr_op_margin_yoy": 0.5733414485696896,
      "rev_growth_yoy": 0.14779167041468022,
      "op_leverage_ratio": 2.2437427955695886,
      "fcf_margin_change": 0.33080732668479396
    },
    {
      "date": "2022-05-31T00:00:00",
      "quarter_label": "2022-05 (Q2)",
      "revenue": 1144300000,
      "gross_profit": 784300000,
      "operating_income": 394000000,
      "net_income": null,
      "opex": 750300000,
      "cogs": 360000000,
      "rd": null,
      "sga": 390300000,
      "fcf": 386900000,
      "ocf": 421400000,
      "capex": -34500000,
      "gross_margin": 0.6853971860526086,
      "op_margin": 0.3443153019313117,
      "fcf_margin": 0.3381106353229048,
      "incr_op_margin_yoy": 0.3492615117289314,
      "rev_growth_yoy": 0.11183443451224252,
      "rev_growth_yoy_accel": -0.0359572359024377,
      "fcf_margin_change": -0.11502416091533973
    },
    {
      "date": "2022-08-31T00:00:00",
      "quarter_label": "2022-08 (Q3)",
      "revenue": 1206200000,
      "gross_profit": 855200000,
      "operating_income": 495600000,
      "net_income": null,
      "opex": 710600000,
      "cogs": 351000000,
      "rd": null,
      "sga": 359600000,
      "fcf": 333700000,
      "ocf": 364300000,
      "capex": -30600000,
      "gross_margin": 0.7090034820096169,
      "op_margin": 0.4108771348035152,
      "fcf_margin": 0.276653954568065,
      "incr_op_margin_yoy": 0.42741281427412814,
      "rev_growth_yoy": 0.1138609289869794,
      "rev_growth_yoy_accel": 0.0020264944747368785,
      "op_leverage_ratio": Infinity,
      "fcf_margin_change": -0.06145668075483979
    },
    {
      "date": "2022-11-30T00:00:00",
      "quarter_label": "2022-11 (Q4)",
      "revenue": 1190300000,
      "gross_profit": 831000000,
      "operating_income": 472300000,
      "net_income": null,
      "opex": 718000000,
      "cogs": 359300000,
      "rd": null,
      "sga": 358700000,
      "fcf": 320100000,
      "ocf": 355400000,
      "capex": -35300000,
      "gross_margin": 0.6981433252121314,
      "op_margin": 0.39679072502730406,
      "fcf_margin": 0.26892380072250693,
      "incr_op_margin_yoy": 0.39119804400978,
      "rev_growth_yoy": 0.07379341452413171,
      "rev_growth_yoy_accel": -0.04006751446284769,
      "fcf_margin_change": -0.007730153845558085
    },
    {
      "date": "2023-02-28T00:00:00",
      "quarter_label": "2023-02 (Q1)",
      "revenue": 1381000000,
      "gross_profit": 1008100000,
      "operating_income": 611900000,
      "net_income": null,
      "opex": 769100000,
      "cogs": 372900000,
      "rd": null,
      "sga": 396200000,
      "fcf": 538000000,
      "ocf": 569100000,
      "capex": -31100000,
      "gross_margin": 0.7299782766111513,
      "op_margin": 0.44308472121650977,
      "fcf_margin": 0.389572773352643,
      "incr_op_margin_yoy": 0.4676190476190476,
      "rev_growth_yoy": 0.0822884012539185,
      "rev_growth_yoy_accel": 0.008494986729786783,
      "op_leverage_ratio": 2.251115630866793,
      "fcf_margin_change": 0.12064897263013608
    },
    {
      "date": "2023-05-31T00:00:00",
      "quarter_label": "2023-05 (Q2)",
      "revenue": 1229600000,
      "gross_profit": 859800000,
      "operating_income": 453300000,
      "net_income": null,
      "opex": 776300000,
      "cogs": 369800000,
      "rd": null,
      "sga": 406500000,
      "fcf": 371400000,
      "ocf": 417400000,
      "capex": -46000000,
      "gross_margin": 0.6992517891997397,
      "op_margin": 0.36865647364996745,
      "fcf_margin": 0.3020494469746259,
      "incr_op_margin_yoy": 0.6951934349355217,
      "rev_growth_yoy": 0.07454338897142358,
      "rev_growth_yoy_accel": -0.007745012282494912,
      "fcf_margin_change": -0.08752332637801713
    },
    {
      "date": "2023-08-31T00:00:00",
      "quarter_label": "2023-08 (Q3)",
      "revenue": 1286000000,
      "gross_profit": 925800000,
      "operating_income": 536300000,
      "net_income": null,
      "opex": 749700000,
      "cogs": 360200000,
      "rd": null,
      "sga": 389500000,
      "fcf": 654300000,
      "ocf": 693000000,
      "capex": -38700000,
      "gross_margin": 0.7199066874027994,
      "op_margin": 0.41702954898911354,
      "fcf_margin": 0.5087869362363919,
      "incr_op_margin_yoy": 0.5100250626566416,
      "rev_growth_yoy": 0.0661581827225999,
      "rev_growth_yoy_accel": -0.008385206248823676,
      "op_leverage_ratio": Infinity,
      "fcf_margin_change": 0.20673748926176605
    },
    {
      "date": "2023-11-30T00:00:00",
      "quarter_label": "2023-11 (Q4)",
      "revenue": 1257900000,
      "gross_profit": 893800000,
      "operating_income": 506200000,
      "net_income": null,
      "opex": 751700000,
      "cogs": 364100000,
      "rd": null,
      "sga": 387600000,
      "fcf": 270600000,
      "ocf": 311300000,
      "capex": -40700000,
      "gross_margin": 0.7105493282454886,
      "op_margin": 0.40241672628984815,
      "fcf_margin": 0.2151204388266158,
      "incr_op_margin_yoy": 0.5014792899408284,
      "rev_growth_yoy": 0.056792405275980846,
      "rev_growth_yoy_accel": -0.00936577744661906,
      "fcf_margin_change": -0.29366649740977613
    },
    {
      "date": "2024-02-29T00:00:00",
      "quarter_label": "2024-02 (Q1)",
      "revenue": 1439300000,
      "gross_profit": 1059500000,
      "operating_income": 649800000,
      "net_income": null,
      "opex": 789500000,
      "cogs": 379800000,
      "rd": null,
      "sga": 409700000,
      "fcf": 631000000,
      "ocf": 671700000,
      "capex": -40700000,
      "gross_margin": 0.7361217258389495,
      "op_margin": 0.4514694643229348,
      "fcf_margin": 0.4384075592301813,
      "incr_op_margin_yoy": 0.6500857632933105,
      "rev_growth_yoy": 0.04221578566256336,
      "rev_growth_yoy_accel": -0.01457661961341749,
      "op_leverage_ratio": 2.8677673505561256,
      "fcf_margin_change": 0.22328712040356552
    },
    {
      "date": "2024-05-31T00:00:00",
      "quarter_label": "2024-05 (Q2)",
      "revenue": 1295100000,
      "gross_profit": 919900000,
      "operating_income": 481800000,
      "net_income": null,
      "opex": 813300000,
      "cogs": 375200000,
      "rd": null,
      "sga": 438100000,
      "fcf": 180400000,
      "ocf": 221700000,
      "capex": -41300000,
      "gross_margin": 0.7102926414948653,
      "op_margin": 0.37201760481816076,
      "fcf_margin": 0.13929426299127481,
      "incr_op_margin_yoy": 0.4351145038167939,
      "rev_growth_yoy": 0.053269355888093686,
      "rev_growth_yoy_accel": 0.01105357022553033,
      "fcf_margin_change": -0.2991132962389065
    },
    {
      "date": "2024-08-31T00:00:00",
      "quarter_label": "2024-08 (Q3)",
      "revenue": 1318500000,
      "gross_profit": 938500000,
      "operating_income": 546700000,
      "net_income": 427400000,
      "opex": 771800000,
      "cogs": 380000000,
      "rd": null,
      "sga": 391800000,
      "fcf": 510500000,
      "ocf": 546100000,
      "capex": -35600000,
      "gross_margin": 0.7117937049677664,
      "op_margin": 0.4146378460371634,
      "fcf_margin": 0.38718240424725064,
      "incr_op_margin_yoy": 0.32,
      "rev_growth_yoy": 0.025272161741835147,
      "rev_growth_yoy_accel": -0.02799719414625854,
      "op_leverage_ratio": Infinity,
      "fcf_margin_change": 0.24788814125597583
    },
    {
      "date": "2024-11-30T00:00:00",
      "quarter_label": "2024-11 (Q4)",
      "revenue": 1316900000,
      "gross_profit": 937800000,
      "operating_income": 538100000,
      "net_income": 413400000,
      "opex": 778800000,
      "cogs": 379100000,
      "rd": null,
      "sga": 399700000,
      "fcf": 248000000,
      "ocf": 295000000,
      "capex": -47000000,
      "gross_margin": 0.7121269648416736,
      "op_margin": 0.40861113220441947,
      "fcf_margin": 0.18832105702786847,
      "incr_op_margin_yoy": 0.5406779661016949,
      "rev_growth_yoy": 0.04690356944113205,
      "rev_growth_yoy_accel": 0.0216314076992969,
      "fcf_margin_change": -0.19886134721938217
    },
    {
      "date": "2025-02-28T00:00:00",
      "quarter_label": "2025-02 (Q1)",
      "revenue": 1509000000,
      "gross_profit": 1121600000,
      "operating_income": 691800000,
      "net_income": null,
      "opex": 817200000,
      "cogs": 387400000,
      "rd": null,
      "sga": 429800000,
      "fcf": 667300000,
      "ocf": 716000000,
      "capex": -48700000,
      "gross_margin": 0.743273691186216,
      "op_margin": 0.4584493041749503,
      "fcf_margin": 0.4422133863485752,
      "incr_op_margin_yoy": 0.6025824964131994,
      "rev_growth_yoy": 0.04842631834919753,
      "rev_growth_yoy_accel": 0.0015227489080654813,
      "op_leverage_ratio": 2.9584844141544537,
      "fcf_margin_change": 0.2538923293207067
    },
    {
      "date": "2025-05-31T00:00:00",
      "quarter_label": "2025-05 (Q2)",
      "revenue": 1427300000,
      "gross_profit": 1033400000,
      "operating_income": 431100000,
      "net_income": null,
      "opex": 996200000,
      "cogs": 393900000,
      "rd": null,
      "sga": 602300000,
      "fcf": 283300000,
      "ocf": 343800000,
      "capex": -60500000,
      "gross_margin": 0.7240243816997127,
      "op_margin": 0.302038814544945,
      "fcf_margin": 0.19848665312127795,
      "incr_op_margin_yoy": -0.3835098335854766,
      "rev_growth_yoy": 0.1020770596865107,
      "rev_growth_yoy_accel": 0.053650741337313165,
      "fcf_margin_change": -0.24372673322729727
    },
    {
      "date": "2025-08-31T00:00:00",
      "quarter_label": "2025-08 (Q3)",
      "revenue": 1540000000,
      "gross_profit": 1126200000,
      "operating_income": 541900000,
      "net_income": 383800000,
      "opex": 998100000,
      "cogs": 413800000,
      "rd": null,
      "sga": 584300000,
      "fcf": 662500000,
      "ocf": 718400000,
      "capex": -55900000,
      "gross_margin": 0.7312987012987013,
      "op_margin": 0.3518831168831169,
      "fcf_margin": 0.4301948051948052,
      "incr_op_margin_yoy": -0.02167042889390519,
      "rev_growth_yoy": 0.16799393249905195,
      "rev_growth_yoy_accel": 0.06591687281254126,
      "op_leverage_ratio": 41.400118737255106,
      "fcf_margin_change": 0.23170815207352724
    },
    {
      "date": "2025-11-30T00:00:00",
      "quarter_label": "2025-11 (Q4)",
      "revenue": 1557600000,
      "gross_profit": 1145400000,
      "operating_income": 571900000,
      "net_income": 395400000,
      "opex": 985700000,
      "cogs": 412200000,
      "rd": null,
      "sga": 573500000,
      "fcf": 382800000,
      "ocf": 444900000,
      "capex": -62100000,
      "gross_margin": 0.735362095531587,
      "op_margin": 0.36716743708269134,
      "fcf_margin": 0.2457627118644068,
      "incr_op_margin_yoy": 0.14042376402160367,
      "rev_growth_yoy": 0.18277773559116106,
      "rev_growth_yoy_accel": 0.01478380309210911,
      "op_leverage_ratio": Infinity,
      "fcf_margin_change": -0.1844320933303984
    }
  ],
  "signals": [
    {
      "quarter": "2025-08 (Q3)",
      "signal": "FCF MARGIN EXPANSION",
      "detail": "FCF margin: +19.8% -> +43.0% (+23.2%)",
      "severity": "MEDIUM"
    },
    {
      "quarter": "2025-08 (Q3)",
      "signal": "OPERATING LEVERAGE",
      "detail": "Rev growth +7.9% vs OpEx growth +0.2% (leverage: 41.4x)",
      "severity": "MEDIUM"
    },
    {
      "quarter": "2025-08 (Q3)",
      "signal": "YoY REVENUE GROWTH ACCELERATION",
      "detail": "YoY growth: +16.8% vs prior quarter YoY: +10.2% (accel: +6.6%)",
      "severity": "MEDIUM"
    },
    {
      "quarter": "2025-05 (Q2)",
      "signal": "YoY REVENUE GROWTH ACCELERATION",
      "detail": "YoY growth: +10.2% vs prior quarter YoY: +4.8% (accel: +5.4%)",
      "severity": "MEDIUM"
    },
    {
      "quarter": "2025-02 (Q1)",
      "signal": "FCF MARGIN EXPANSION",
      "detail": "FCF margin: +18.8% -> +44.2% (+25.4%)",
      "severity": "MEDIUM"
    },
    {
      "quarter": "2025-02 (Q1)",
      "signal": "OPERATING LEVERAGE",
      "detail": "Rev growth +14.6% vs OpEx growth +4.9% (leverage: 3.0x)",
      "severity": "MEDIUM"
    },
    {
      "quarter": "2025-02 (Q1)",
      "signal": "INCREMENTAL MARGIN (YoY)",
      "detail": "YoY Incr OPM: +60.3% vs year-ago OPM: +45.1%",
      "severity": "MEDIUM"
    },
    {
      "quarter": "2024-11 (Q4)",
      "signal": "INCREMENTAL MARGIN (YoY)",
      "detail": "YoY Incr OPM: +54.1% vs year-ago OPM: +40.2%",
      "severity": "MEDIUM"
    },
    {
      "quarter": "2024-08 (Q3)",
      "signal": "FCF MARGIN EXPANSION",
      "detail": "FCF margin: +13.9% -> +38.7% (+24.8%)",
      "severity": "MEDIUM"
    },
    {
      "quarter": "2024-02 (Q1)",
      "signal": "FCF MARGIN EXPANSION",
      "detail": "FCF margin: +21.5% -> +43.8% (+22.3%)",
      "severity": "MEDIUM"
    },
    {
      "quarter": "2024-02 (Q1)",
      "signal": "OPERATING LEVERAGE",
      "detail": "Rev growth +14.4% vs OpEx growth +5.0% (leverage: 2.9x)",
      "severity": "MEDIUM"
    },
    {
      "quarter": "2024-02 (Q1)",
      "signal": "GROSS MARGIN INFLECTION",
      "detail": "GM: +72.0% -> +71.1% -> +73.6% (reversal +2.6%)",
      "severity": "MEDIUM"
    },
    {
      "quarter": "2024-02 (Q1)",
      "signal": "INCREMENTAL MARGIN (YoY)",
      "detail": "YoY Incr OPM: +65.0% vs year-ago OPM: +44.3%",
      "severity": "HIGH"
    },
    {
      "quarter": "2023-11 (Q4)",
      "signal": "INCREMENTAL MARGIN (YoY)",
      "detail": "YoY Incr OPM: +50.1% vs year-ago OPM: +39.7%",
      "severity": "MEDIUM"
    },
    {
      "quarter": "2023-08 (Q3)",
      "signal": "FCF MARGIN EXPANSION",
      "detail": "FCF margin: +30.2% -> +50.9% (+20.7%)",
      "severity": "MEDIUM"
    },
    {
      "quarter": "2023-08 (Q3)",
      "signal": "GROSS MARGIN INFLECTION",
      "detail": "GM: +73.0% -> +69.9% -> +72.0% (reversal +2.1%)",
      "severity": "MEDIUM"
    },
    {
      "quarter": "2023-05 (Q2)",
      "signal": "INCREMENTAL MARGIN (YoY)",
      "detail": "YoY Incr OPM: +69.5% vs year-ago OPM: +34.4%",
      "severity": "HIGH"
    },
    {
      "quarter": "2023-02 (Q1)",
      "signal": "FCF MARGIN EXPANSION",
      "detail": "FCF margin: +26.9% -> +39.0% (+12.1%)",
      "severity": "MEDIUM"
    },
    {
      "quarter": "2023-02 (Q1)",
      "signal": "OPERATING LEVERAGE",
      "detail": "Rev growth +16.0% vs OpEx growth +7.1% (leverage: 2.3x)",
      "severity": "MEDIUM"
    },
    {
      "quarter": "2023-02 (Q1)",
      "signal": "GROSS MARGIN INFLECTION",
      "detail": "GM: +70.9% -> +69.8% -> +73.0% (reversal +3.2%)",
      "severity": "MEDIUM"
    },
    {
      "quarter": "2022-08 (Q3)",
      "signal": "GROSS MARGIN INFLECTION",
      "detail": "GM: +72.4% -> +68.5% -> +70.9% (reversal +2.4%)",
      "severity": "MEDIUM"
    },
    {
      "quarter": "2022-02 (Q1)",
      "signal": "FCF MARGIN EXPANSION",
      "detail": "FCF margin: +12.2% -> +45.3% (+33.1%)",
      "severity": "MEDIUM"
    },
    {
      "quarter": "2022-02 (Q1)",
      "signal": "OPERATING LEVERAGE",
      "detail": "Rev growth +15.1% vs OpEx growth +6.7% (leverage: 2.2x)",
      "severity": "MEDIUM"
    },
    {
      "quarter": "2022-02 (Q1)",
      "signal": "GROSS MARGIN INFLECTION",
      "detail": "GM: +71.1% -> +70.1% -> +72.4% (reversal +2.3%)",
      "severity": "MEDIUM"
    },
    {
      "quarter": "2022-02 (Q1)",
      "signal": "INCREMENTAL MARGIN (YoY)",
      "detail": "YoY Incr OPM: +57.3% vs year-ago OPM: +42.2%",
      "severity": "MEDIUM"
    }
  ],
  "data_quality": {
    "n_quarters": 20,
    "coverage": {
      "revenue": [
        20,
        20
      ],
      "gross_profit": [
        20,
        20
      ],
      "op_income": [
        20,
        20
      ],
      "fcf": [
        20,
        20
      ]
    },
    "gaps": [],
    "warnings": []
  },
  "market_cap": null,
  "source": "SEC EDGAR",
  "last_updated": "2026-02-02T20:04:38.779859"
}